3817 6000
102 164 161 225 ιε,
697 154 963 214 onreonnuun.
983 187 1017 198 -
1037 157 1103 214 ern.
1125 156 1156 212 v.
1693 155 1749 219 too

103 278 254 353 prophetae
267 289 459 346 vocemquam
474 281 583 342 ternpus
599 269 693 342 gratiae
706 280 733 325 ct
746 270 908 342 redemptio·
920 274 944 331 Α
958 271 1008 328 nit.
1029 271 1068 328 lle
1095 286 1150 342 quo
1166 280 1193 328 et
1218 271 1287 327 bene
1309 269 1410 327 dicitur
1427 285 1435 326 ε
1451 268 1577 323 incedens
1592 277 1617 322 et
1636 266 1746 337 plerane

103 369 151 425 nis
165 368 305 439 inquirit?
319 367 375 423 les
390 381 509 435 iramque
521 364 574 419 sub
587 363 766 433 percussione
778 362 902 427 ultionis,
955 366 1028 433 ibat,
1047 366 1111 437 quia
1127 374 1157 421 ut
1178 365 1290 422 devotas
1311 373 1417 420 mentes
1441 361 1598 418 interimere
1623 360 1745 419 leniendo

101 462 241 535 mitium
256 460 357 527 mliii·
374 468 404 515 ¹¹¹
415 457 543 529 quisquis
559 456 611 512 ⁵⁰¹)
625 455 671 510 1¹¹³
682 461 826 526 imici,
841 470 905 524 pro·
955 459 1122 529 praevaleat,
1139 458 1316 529 semetipsum
1335 457 1415 528 qnasi
1434 457 1486 513 snb
1507 454 1641 511 velamine
1657 454 1746 509 virtu-

102 555 182 609 tlutts
210 561 301 607 morte
333 550 488 621 puniretur·
517 544 574 603 Nec
602 546 678 617 plebs
707 544 855 602 israelitica
870 561 904 601 ex
955 552 992 609 tis
1002 551 1133 618 occultat,
1148 559 1187 618 et,
1201 549 1267 606 dum
1281 551 1448 607 concordare
1463 564 1493 605 se
1505 563 1569 607 rere
1589 546 1745 623 ingentibus

103 659 201 699 amore
227 641 369 708 Domino,
397 639 445 695 sed
470 639 569 694 tinrore
594 636 737 692 serviebat.
757 634 902 707 Nunquam

102 750 172 789 sero
205 733 315 803 impleri
337 731 445 804 justitia
475 730 667 800 pertimerem
699 736 807 797 potest;
827 728 902 798 quia,

103 827 183 899 justa
202 824 320 882 Joarrnis
340 839 436 880 rocem
455 842 462 878 ε
485 822 607 891 Perfecta
618 810 736 875 elroritoi
751 822 824 891 [croc
841 820 903 874 ruit·

105 920 139 973 rit
161 920 286 973 timorem
306 916 333 988 (1
349 915 431 970 loon.
452 930 489 981 rr,
509 915 563 985 l8).
578 913 680 969 Paulus
704 928 813 983 quoque
835 913 902 967 ado-

103 1009 210 1082 ptionis
229 1009 301 1065 illios
320 1008 481 1064 consolatur
499 1006 594 1062 dicens
627 1024 634 1061 :
668 1002 731 1058 Non
763 1004 901 1073 accepistis

103 1104 233 1172 spiritum
247 1102 383 1156 seruitutis
404 1102 500 1154 iterum
520 1101 548 1152 in
564 1098 675 1163 timore,
696 1097 741 1151 red
763 1096 901 1166 accepistis

102 1196 234 1265 spiritam
249 1194 400 1264 adoptionis
412 1184 583 1262 filiorurn,'in
594 1206 645 1261 quo
658 1188 805 1243 ciorncmua
819 1202 829 1240 .·
847 1186 902 1240 At·

102 1289 156 1355 ie,
176 1286 261 1341 Peter
276 1286 365 1355 (Rom.
381 1300 451 1351 vrri,
472 1282 530 1352 l5).
546 1280 587 1335 lix
604 1295 671 1337 voce
694 1280 776 1351 igitur
794 1278 901 1350 generis

101 1378 232 1446 inmani,
247 1377 342 1450 legalis
353 1373 539 1448 percussionis
553 1373 682 1428 duritiam
700 1372 816 1426 transire
832 1384 900 1425 con⁴

101 1470 264 1543 capiscens,
279 1477 363 1541 atque
379 1485 395 1523 a
415 1467 563 1524 formidine
576 1465 717 1537 pervenire
728 1464 762 1518 ad
775 1461 901 1518 dilectio-

1 1546 2 1577 ³
100 1577 169 1618 neru
191 1570 345 1632 appetens,
369 1576 431 1631 quc
452 1559 508 1614 duo
531 1574 548 1614 a
577 1572 607 1614 se
628 1557 802 1627 omnipotens
826 1553 899 1610 Deus

101 1651 185 1722 iurrge
197 1650 294 1718 iaciat,
312 1659 409 1706 exorat
421 1650 517 1706 dicens
532 1668 539 1703 ε
555 1647 668 1703 Hourrnt
679 1657 753 1702 tuom
768 1647 844 1718 iunge
853 1646 897 1717 [oc
914 1623 935 1679 B

101 1757 192 1807 aare,
204 1750 232 1796 et
245 1740 361 1813 [crutide
378 1748 425 1794 tuo
439 1756 491 1794 uon
506 1756 546 1793 me
568 1747 676 1804 terreat,
696 1738 774 1793 idest
787 1752 898 1807 percus·

99 1835 192 1890 nonis
201 1833 335 1889 duritiam
348 1847 548 1897 removeam,
561 1830 644 1904 248
655 1829 811 1885 formidinis
829 1843 898 1899 pou·

98 1927 154 1983 dos
166 1925 244 1993 tolle,
260 1924 308 1981 sed
322 1924 470 1980 irradiante
487 1922 575 1995 gratia
593 1922 758 1992 dilectionis,
771 1921 898 1994 spiritum

98 2019 262 2079 securitatis
275 2018 399 2080 infunde,

390 2131 508 2193 CAPUT
529 2131 601 2188 xxi.

423 2243 456 2281 bc
477 2243 571 2280 stunt.

97 2320 295 2390 inscriptura
321 2334 401 2373 scere
423 2318 511 2373 barber
524 2319 628 2373 acontiae
645 2319 790 2400 aliquando
819 2321 898 2379 decor

131 2393 256 2474 virtutis,
267 2389 412 2461 aliquando
428 2389 527 2458 fiducia
542 2391 656 2464 proprie
670 2393 776 2446 uirtutis
799 2391 897 2446 intelli·

131 2473 222 2535 quau.

131 2576 213 2648 (285)
234 2574 333 2633 Barba
353 2573 466 2631 numine
493 2575 577 2631 decor
591 2574 702 2631 virtutis
727 2575 895 2646 designatur.

95 2665 177 2727 Unde
190 2667 227 2723 ad
243 2666 414 2723 Ezechielem
427 2667 587 2737 proplietam
598 2666 698 2721 dicitur
711 2684 719 2721 ε
732 2664 782 2731 Tu,
798 2666 839 2735 fili
850 2666 897 2720 iro-

94 2761 200 2829 nicis,
221 2777 297 2817 saruc
316 2758 365 2814 titi
387 2758 508 2830 gladium
528 2767 637 2812 acutum
659 2758 792 2814 rodentem
817 2759 895 2829 pilos,

94 2863 120 2907 et
144 2868 271 2908 caumes
289 2867 366 2917 eum,
393 2858 419 2904 et
442 2849 522 2903 duces
544 2865 604 2904 curn
628 2859 801 2924 sirperccput
822 2860 897 2904 tuum

954 643 1068 710 similat,
1090 643 1125 699 ad
1147 641 1239 698 cordis
1262 642 1358 700 intima
1380 648 1486 697 secreto
1509 640 1666 707 admissus,
1691 636 1745 697 hoc

953 736 1028 808 qued
1043 735 1162 792 intusde
1175 736 1276 790 virtute
1296 734 1362 790 latet
1381 732 1490 789 occidit.
1514 731 1565 799 Qui
1583 730 1745 801 plerumque

953 829 1111 900 sespoudet
1129 830 1163 884 ad
1186 829 1284 883 altiora
1308 826 1468 898 provehere.
1485 823 1564 880 Unde
1587 832 1614 879 et
1640 823 1744 879 dixisse

953 922 1111 994 perhibetur
1135 940 1142 976 :
1168 921 1258 976 Venite
1282 921 1318 975 ori
1342 918 1481 975 Godolinnr
1508 917 1594 989 {illurn
1620 918 1741 977 Aiclrcut,

952 1015 1052 1085 litque,
1068 1014 1134 1069 dum
1147 1014 1252 1084 majora
1270 1011 1415 1083 promittit,
1433 1010 1514 1066 etiarn
1541 1008 1655 1062 minima
1674 1006 1743 1063 sub·

953 1108 1048 1163 trabit.
1064 1104 1142 1161 Unde
1160 1113 1234 1161 recte
1255 1104 1358 1160 dictum
1380 1111 1443 1159 est:
1461 1101 1513 1168 Qui
1530 1118 1589 1156 cum
1613 1101 1742 1157 venisseut

952 1199 989 1253 ud
1004 1198 1118 1253 medium
1132 1197 1258 1264 ciuitatis,
1273 1196 1404 1265 interiecit
1414 1213 1468 1250 eos.
1480 1193 1560 1250 Viros
1571 1208 1636 1265 ergo
1650 1192 1684 1247 ad
1699 1190 1743 1245 ol-

952 1290 1065 1346 icrenda
1091 1289 1147 1345 Deo
1162 1304 1276 1345 munera
1297 1288 1438 1343 venientes
1458 1288 1484 1342 in
1509 1287 1599 1343 medio
1622 1284 1741 1341 ciuitatis

952 1381 1100 1459 interiecit,
1116 1383 1180 1452 qnia
1191 1381 1293 1436 divinis
1306 1379 1405 1441 deditae
1419 1379 1548 1448 operibus
1561 1386 1677 1441 mentes,
1686 1376 1741 1433 nisi

952 1487 1051 1544 magno
1067 1488 1097 1528 se
1113 1472 1363 1541 [circumspectione
1384 1470 1550 1537 custodiant,
1572 1468 1740 1540 subripiente

952 1567 1031 1622 boste
1039 1566 1107 1624 dum
1119 1564 1272 1620 deuotionis
1282 1564 1398 1623 bostiam
1408 1570 1528 1633 portant,
1537 1562 1563 1624 ip
1575 1560 1742 1633 ipsoitinere

949 1657 1068 1728 perdunt
1081 1657 1175 1713 vitam.

1231 1767 1347 1824 CAPUT
1364 1766 1438 1821 xxti

1266 1875 1301 1915 ns
1319 1874 1415 1916 cocco.

948 1952 984 2007 ln
1002 1950 1142 2021 Scriptura
1160 1967 1239 2007 socru
1258 1949 1321 2004 colii
1339 1950 1444 2005 nomine
1469 1947 1614 2020 aliquunde
1632 1962 1740 2003 sacrent

983 2023 1142 2093 eloquium,
1162 2021 1307 2093 aliquando
1326 2020 1450 2077 elationis
1475 2020 1590 2075 ostensio
1616 2018 1741 2091 designa·

985 2102 1040 2152 tur.

985 2208 1059 2283 (286)
1072 2209 1143 2266 Colli
1155 2210 1267 2265 nomine
1284 2225 1393 2266 sacrum
1409 2209 1550 2280 eloquium
1568 2206 1739 2278 designatur,

947 2304 1020 2360 sicut
1032 2304 1131 2374 Sponsi
1140 2320 1207 2361 roco
1215 2304 1248 2359 ad
1256 2299 1589 2373 sponsamdieitnr:Sicut
1598 2300 1680 2354 turris
1688 2297 1740 2353 llo-

947 2395 991 2450 oid
1007 2394 1105 2449 collium
1118 2406 1203 2462 tuctu,
1218 2410 1277 2465 que
1287 2394 1420 2465 edificate
1434 2401 1474 2447 est
1485 2408 1544 2447 cunr
1554 2405 1740 2462 propugnacu-

947 2487 992 2540 lis.
1008 2484 1084 2541 title
1097 2485 1182 2555 clypei
1201 2485 1313 2556 pendent
1324 2500 1356 2539 ec
1370 2501 1413 2552 eo,
1427 2485 1512 2539 omisis
1531 2492 1669 2537 urrncturo
1682 2482 1739 2551 [or-

948 2579 1018 2634 tium
1041 2576 1131 2649 (Ceut.
1146 2594 1183 2645 rr,
1198 2578 1239 2648 l).
1252 2576 1282 2632 ln
1296 2576 1367 2632 collo
1377 2576 1451 2632 enim
1466 2584 1568 2647 guttur,
1585 2575 1613 2629 in
1629 2564 1746 2643 gutture

947 2681 1065 2728 nonest.
1094 2669 1165 2739 Quid
1188 2684 1254 2741 ergo
1282 2683 1331 2740 per
1348 2669 1449 2724 collum
1471 2676 1573 2724 sanctae
1597 2664 1737 2731 Ecclesiae,

947 2762 1011 2829 nisi¹
1023 2777 1101 2820 saera
1115 2763 1223 2833 eloquio
1238 2761 1438 2832 designantur?
1456 2758 1486 2813 ln
1508 2775 1562 2830 qua
1583 2757 1648 2813 dnm
1663 2756 1738 2814 mille

947 2855 1035 2928 clypei
1049 2854 1201 2925 dependere
1216 2861 1413 2918 memorantur,
1433 2867 1482 2922 per
1498 2851 1571 2906 hono
1584 2847 1737 2919 perlectum

94 2954 120 2999 et
135 2943 250 3002 temen
265 2942 374 3016 (nucu.
387 2958 415 3010 r,
428 2941 466 3012 ll.
482 2939 513 2995 ln
538 2957 594 3018 qno
618 2942 743 2997 videlicet
759 2942 932 3034 prophetare
948 2960 1095 3004 numerum
1109 2959 1243 3002 numerus
1256 2943 1404 3000 universus
1414 2941 1578 3009 ostenditur,
1598 2940 1664 3011 qnia
1678 2938 1738 2994 nul·

95 3039 171 3094 iacto
181 3037 323 3109 iudicium
335 3035 707 3107 Redemptorisexprimltur,
720 3037 768 3106 qni
781 3037 898 3091 incarne
948 3055 1026 3096 reesa
1042 3049 1135 3096 nostra
1161 3037 1278 3095 munitio
1300 3037 1328 3093 in
1343 3052 1422 3093 sacro
1440 3034 1550 3105 eloquio
1572 3032 1735 3090 continetur.

96 3137 328 3200 apparenscaput
339 3129 417 3195 rasit,
429 3127 495 3199 qnia
506 3142 522 3181 a
534 3125 650 3183 iudaice
661 3127 815 3182 sacerdotio
827 3143 897 3198 prae-

948 3132 988 3188 lbi
1005 3132 1086 3203 250
1100 3132 1202 3203 quippe
1225 3137 1289 3187 sunt
1314 3136 1449 3200 praecepta
1476 3127 1534 3194 liei,
1557 3126 1593 3181 ibi
1612 3123 1736 3194 exempla

96 3233 373 3295 “iwfflfflilwlum
390 3229 563 3276 sacramenta
579 3219 709 3286 abstulit;
728 3219 897 3275 illibatum·
942 3226 1094 3297 justornm.
1110 3223 1140 3279 ln
1157 3224 1228 3280 collo
1246 3238 1312 3295 ergo
1341 3219 1480 3287 Ecclesiae,
1498 3218 1524 3274 id
1554 3218 1638 3274 estin
1664 3216 1736 3274 sacri

95 3318 221 3390 siequia
237 3332 353 3390 regnum
364 3314 548 3372 Israeliticum
558 3316 689 3372 deserens
705 3316 831 3372 decorem
842 3316 896 3372 rir-

94 3410 165 3470 tutis
177 3408 342 3480 amputavit.

131 3499 232 3556 Barbae
241 3502 355 3557 nomine
365 3500 466 3558 tiducia
478 3501 597 3573 propriae
604 3501 713 3557 virtutis
725 3501 894 3572 designatur,

96 3591 173 3646 sieut
186 3586 323 3647 ieremias
339 3590 398 3661 qui,
414 3591 480 3646 dnm
492 3599 568 3662 gesta
583 3589 651 3647 loris
670 3590 771 3648 referre
779 3592 895 3659 studuit,

95 3694 161 3749 quae
178 3679 256 3736 intus
276 3679 349 3750 apud
364 3681 549 3751 nosmetipsos
571 3690 731 3752 gererentur
743 3681 894 3749 indicarit,

95 3773 195 3829 dicens
211 3788 219 3824 ι
239 3769 371 3826 inurunt
385 3773 520 3843 octoginta
534 3773 586 3827 ciri
599 3773 632 3828 de
653 3772 792 3828 sectemur
804 3774 837 3828 de
851 3771 896 3829 Si·

95 3865 141 3932 lo,
155 3874 184 3919 et
198 3864 232 3918 de
249 3861 390 3931 Scmcrim
411 3865 467 3919 rasi
493 3865 587 3932 borio,
611 3874 636 3920 et
661 3867 751 3921 crissie
770 3866 893 3934 restibus,

93 3956 264 4028 squalentes,
276 3972 386 4011 munero
397 3966 423 4011 et
438 3957 497 4012 tirus
510 3957 639 4012 iccieiout
661 3959 689 4013 in
708 3975 799 4027 uranu,
813 3970 842 4015 nt
853 3962 895 4032 os·

95 4049 199 4119 [errent
220 4047 251 4100 iu
264 4044 343 4100 domo
355 4044 474 4102 Domini.
491 4046 619 4118 Egressus
639 4060 725 4106 ualent
740 4051 840 4108 lsnroei
861 4055 895 4124 fi·

946 3318 1047 3390 eloquii
1068 3317 1275 3389 predicatione,
1296 3315 1371 3387 qnod
1392 3329 1442 3385 pro
1466 3329 1516 3370 sna
1535 3312 1687 3367 munitione
1708 3320 1737 3367 et

946 3411 1100 3479 altitudine,
1115 3410 1183 3466 turri
1199 3409 1285 3466 Dauid
1310 3408 1408 3465 similis
1431 3407 1541 3474 dicitur,
1560 3403 1634 3460 atille
1652 3404 1736 3475 clypei

945 3501 1112 3576 dependent,
1131 3502 1198 3573 qnia
1212 3509 1278 3572 qnot
1289 3501 1345 3557 illic
1359 3507 1510 3571 praecepta,
1534 3506 1573 3553 tot
1594 3497 1675 3554 etiarn
1689 3511 1736 3567 pe-

946 3595 1031 3652 ctoris
1056 3594 1143 3650 nostri
1170 3592 1334 3652 munimina.
1358 3590 1387 3647 si
1402 3592 1475 3647 enim
1491 3604 1614 3662 pugnare
1637 3596 1734 3647 eontra

945 3685 1101 3758 spiritualia
1115 3685 1244 3756 nequitiae
1256 3684 1395 3751 volumus,
1414 3683 1442 3737 in
1465 3683 1537 3738 eollo
1551 3680 1691 3746 Ecclesiae,
1707 3679 1736 3736 id

944 3779 1030 3835 estin
1046 3778 1140 3834 divino
1163 3776 1272 3846 eloquio
1284 3777 1446 3845 protectoris
1460 3789 1536 3830 arma
1552 3773 1734 3843 inquiramus,

946 3880 976 3926 nt
990 3888 1023 3927 ea
1034 3869 1200 3927 discretione
1211 3867 1339 3938 precepti
1356 3874 1452 3924 contra
1463 3865 1529 3921 sitia
1544 3870 1668 3920 sumatur
1679 3861 1736 3917 vir·

945 3971 991 4019 tus
1004 3959 1144 4032 adjutorii.
1163 3957 1234 4018 Ecce
1255 3957 1328 4012 enirn
1352 3945 1446 4014 contra
1469 3953 1559 4011 aerias
1585 3961 1735 4026 potestates

944 4054 1109 4112 festinamus
1125 4051 1209 4109 lortes
1225 4050 1353 4117 existere,
1373 4048 1401 4103 in
1417 4048 1468 4104 lrae
1484 4046 1553 4101 turri
1567 4053 1735 4100 arrrraturam
1781 4060 1785 4070 ⁴

94 4141 150 4196 liu
165 4135 315 4192 Nalltflltfoe
328 4136 356 4190 ⁸⁹²¹
368 4152 508 4192 vitilium
525 4154 616 4193 evium
635 4140 667 4195 110
681 4139 802 4211 Maipha,
824 4144 895 4199 ince-
943 4156 1046 4204 nostrae
1062 4144 1163 4203 mentis
1179 4144 1354 4209 invenimus,
1377 4150 1408 4196 nt
1435 4139 1498 4196 iude.
1513 4145 1647 4210 praecepta
1661 4136 1735 4192 Gon·

94 4232 162 4291 deus
179 4238 206 4284 et
217 4229 327 4296 picenus
340 4229 406 4286 ibet.
423 4229 539 4301 Cumque
551 4234 767 4304 occurreretur,
779 4237 893 4295 dixitod
943 4237 1042 4295 diteris
1066 4251 1209 4293 sumamus
1225 4233 1349 4304 exempla
1367 4231 1592 4304 precedentium,
1608 4244 1657 4300 per
1673 4243 1735 4300 qnae

93 4320 281 4379 arulense
302 4321 593 4392 adcocottemgtiuu
615 4324 738 4382 dicioni.
761 4325 1044 4395 Qui,cunrllcontra
1076 4326 1249 4384 adversarios
1280 4333 1391 4381 nostros
1423 4322 1669 4394 inexpugnabiliter
1690 4337 1735 4380 ar-

95 4415 235 4469 uenissent
244 4413 280 4467 ud
289 4413 404 4468 medinm
412 4414 539 4483 ciuitatis,
555 4415 741 4488 interiecitecs
756 4417 824 4489 (ier.
837 4435 893 4487 xer,
946 4437 1062 4478 urentur.
1085 4420 1155 4474 Dum
1176 4418 1250 4473 enim
1275 4416 1424 4487 quamlibet
1437 4415 1563 4469 uirtutem
1578 4412 1671 4468 subire
1684 4426 1736 4482 ap·

96 4509 130 4575 ὅ,
151 4504 235 4577 ete).
256 4505 373 4562 Barbam
393 4508 494 4579 quippe
514 4508 586 4564 radit
599 4511 647 4580 qui
661 4510 713 4568 sibi
727 4512 761 4568 dc
776 4513 895 4584 propriis
944 4513 1032 4582 petis,
1055 4519 1084 4566 et
1109 4510 1179 4565 bunc
1197 4508 1254 4563 illic
1277 4523 1294 4563 a
1314 4506 1442 4563 Patribus
1458 4506 1516 4576 jam
1532 4504 1670 4574 impletam
1692 4504 1735 4558 ri-

96 4600 206 4655 siribus
220 4599 350 4655 fiduciam
368 4600 516 4657 subtrabit.
530 4600 627 4659 Vestes
650 4605 779 4662 scindunt
791 4606 839 4678 qui
857 4606 895 4664 si·
944 4604 1014 4672 des,
1035 4603 1072 4659 ibi
1090 4611 1260 4657 armaturam
1284 4609 1358 4656 tuam
1374 4598 1492 4666 invenis,
1511 4612 1652 4670 perquam
1666 4612 1735 4654 eon·

98 4692 256 4764 bimetipsis
292 4692 322 4747 in
344 4693 488 4749 exterioris
512 4693 620 4752 decoris
653 4697 819 4755 laceratione
839 4715 894 4756 non
945 4706 987 4753 tra
1013 4694 1167 4766 spiritualia
1188 4693 1259 4749 bella
1280 4692 1425 4748 muniaris.
1452 4690 1609 4760 Dependent
1634 4690 1735 4761 quippe

98 4794 230 4857 prenae
244 4784 373 4841 Oblatum
394 4785 422 4840 iu
436 4786 518 4842 domo
540 4786 647 4844 bomini
663 4791 727 4848 rbus
740 4800 767 4848 ct
780 4809 895 4849 nrunera
946 4788 973 4843 in
989 4803 1020 4843 ea
1035 4787 1139 4858 clypei,
1154 4784 1255 4856 siquis
1268 4799 1391 4856 pugnare
1411 4782 1524 4853 appetit,
1543 4792 1685 4852 assumat,
1707 4790 1735 4841 et

99 4877 218 4934 veniunt
242 4877 292 4950 qui
314 4878 445 4934 exhibere
467 4893 497 4935 se
521 4879 550 4935 in
577 4881 713 4937 sacrillcio
741 4882 893 4940 orationem
945 4898 1022 4937 exea
1036 4881 1135 4941 cir-tute
1150 4889 1245 4951 peetus
1268 4879 1391 4947 muniat,
1418 4889 1446 4936 et
1472 4880 1619 4935 rer-borum
1641 4877 1735 4950 jacula

96 4987 166 5029 euru
180 4971 311 5043 operibns
330 4971 505 5041 pollicentur.
522 4971 576 5029 Sed
590 4981 682 5030 umen
701 4976 724 5031 si
741 4992 771 5033 se
785 4977 812 5031 in
835 4976 893 5048 ipsa
945 4975 1062 5030 emittat.

97 5063 369 5121 unctaederotioois
384 5064 518 5121 riacaute
531 5067 743 5138 circumspicere
758 5071 893 5137 nesciunt,
981 5065 1014 5121 lu
1034 5059 1183 5122 uiolandum
1204 5081 1269 5136 quia
1292 5081 1354 5121 curn
1377 5065 1588 5136 propugnaculis
1602 5062 1734 5119 aerlillcata

98 5151 201 5208 ismael
219 5150 364 5209 Nathaniae
384 5152 468 5227 249
490 5153 616 5212 iiliusin
640 5149 786 5215 occursu'm
798 5175 893 5216 eornm
945 5156 1055 5213 dicitur.
1079 5156 1136 5214 linc
1149 5158 1250 5227 quippe
1265 5165 1348 5228 agunt
1361 5158 1576 5229 propugnacula,
1591 5153 1733 5226 qoodely·

95 5244 195 5312 uenit,
223 5243 289 5314 quia
318 5244 450 5300 nimirum
478 5246 591 5317 quilibet
620 5249 756 5321 malignus
782 5251 894 5321 spiritus
945 5249 987 5322 pei
1003 5266 1009 5302 ι
1025 5249 1090 5321 quia
1107 5257 1224 5321 utraque
1238 5257 1404 5320 pugnantem
1429 5248 1566 5303 muniunt.
1584 5246 1637 5302 Sed
1661 5246 1733 5301 inter

98 5333 205 5406 prioris
219 5334 264 5391 sui
279 5334 388 5392 Satanae
405 5335 533 5394 videlicet
555 5341 681 5411 exemplo
705 5341 733 5396 in
759 5343 895 5413 superbie
946 5351 1062 5412 utraque
1076 5341 1183 5398 distat:
1202 5342 1268 5413 quia
1283 5341 1393 5414 clypeos
1409 5356 1460 5412 pro
1472 5350 1567 5400 nostro
1579 5336 1733 5395 mulcimine

97 5440 196 5485 errore
208 5435 372 5497 generatus,
393 5443 425 5485 se
438 5429 472 5484 ad
487 5429 615 5502 laqueum
628 5431 794 5505 deceptionis
810 5449 894 5507 oppo·
945 5443 1085 5505 utcunque
1100 5435 1237 5503 columns,
1252 5449 1394 5490 moremus
1404 5452 1410 5488 :
1422 5432 1628 5504 propugnaculo
1639 5441 1731 5494 aulem

138 5600 215 5680 (285)
231 5592 308 5662 Es‘c.
322 5620 368 5674 xx,
386 5604 404 5659 l.
418 5620 438 5661 n
449 5604 476 5662 in
489 5603 553 5678 iob,
566 5605 614 5672 28.
982 5613 1056 5690 (286)
1072 5612 1111 5676 lis
1123 5615 1196 5676 lrout,
1216 5610 1249 5669 lo*
1260 5611 1287 5672 iu
1300 5609 1398 5676 Bestia.
