3817 6000
303 216 447 276 1¹99

1263 202 1567 263 centlum
1608 198 2000 258 PRAEPost‘rt
2037 194 2591 254 Rsstcnssnspssttc.

3422 191 3564 250 tatto

297 346 466 392 caiisa
499 337 732 400 reproba
777 324 1093 381 invenitur?
1150 321 1292 393 Ergo
1339 320 1620 377 intendere
1674 336 1783 375 non
1823 318 1879 373 in
1908 325 1957 383 A
1983 316 2079 371 tibi
2115 314 2471 385 omnipotenti
2501 315 2583 369 est
2607 310 2868 382 possibile
2890 325 2989 381 per
3017 309 3435 381 impressionem
3463 322 3575 365 tuae

300 422 496 486 Deum,
526 419 620 476 sed
648 418 705 473 in
737 416 998 473 saeculum
1037 413 1319 471 saecularis
1375 413 1575 468 animae
1623 420 1727 479 est,
1781 428 1880 467 nec

301 511 473 569 ullam
501 523 731 581 prorsus
761 521 1023 581 genarum
1052 505 1358 577 speciosam
1389 502 1665 559 habentis.
1700 500 1883 558 Inten-

297 602 429 659 dere
459 608 640 656 autem
670 599 829 672 quasi
853 599 909 654 in
935 596 1128 665 Deum,
1153 595 1250 653 sed
1295 613 1403 653 non
1457 602 1683 666 propter
1709 593 1880 650 Deum

298 692 600 766 hypocritae
619 691 780 763 plane
814 690 1012 746 animae
1036 698 1139 754 est,
1172 689 1332 761 cujus
1367 689 1471 744 etsi
1493 687 1661 744 facies
1699 687 1753 742 in
1779 688 1885 744 boc

298 783 501 839 decora
520 783 756 847 videtur,
785 782 930 853 quod
977 781 1045 837 ad
1088 779 1260 836 Deum
1288 780 1656 850 qualicunque
1703 778 1884 835 inten-

300 874 451 933 tione
479 874 755 945 respiciat,
789 874 905 944 ipsa
932 881 1114 928 tamen
1138 872 1416 930 simulatio
1439 886 1602 928 omne
1622 871 1882 928 decorum

300 965 361 1025 ln
388 983 453 1023 ea
474 965 820 1032 exterminat,
844 973 899 1019 et
924 963 1102 1035 magis
1128 979 1224 1034 per
1254 972 1427 1019 totum
1477 962 1676 1034 ingerit
1727 960 1884 1017 foedi·

300 1065 491 1116 tatem.
520 1056 577 1112 Si
605 1067 785 1113 autem
814 1056 900 1112 vel
933 1056 1133 1122 solum,
1158 1056 1240 1110 vel
1266 1055 1506 1111 maxime
1519 1056 1590 1111 ob
1604 1055 1731 1111 vitae
1752 1069 1887 1125 prae-

301 1151 475 1207 sentis
494 1148 807 1205 necessaria
844 1147 910 1203 ad
938 1146 1110 1203 Deum
1145 1148 1476 1203 converterit
1502 1146 1881 1213 intentionem,

301 1258 414 1299 non
471 1241 691 1312 quidem
736 1239 869 1296 faece
900 1239 1208 1311 hypocrisis
1258 1239 1554 1311 putridam,
1597 1239 1887 1310 pusillani-

301 1332 509 1389 mitatis
535 1341 716 1386 tamen
749 1330 880 1385 vitio
905 1330 1141 1386 dicimus
1164 1329 1563 1385 subobscuram
1614 1337 1670 1384 et
1702 1328 1885 1383 minus

302 1432 607 1496 acceptam.

372 1514 548 1573 Porro
587 1529 618 1571 e
658 1516 938 1571 contrario
994 1514 1275 1571 intendere
1321 1514 1378 1569 in
1415 1513 1561 1569 aliud
1610 1528 1775 1584 quam
1828 1512 1883 1567 in

305 1606 501 1673 Deum,
533 1615 714 1663 tamen
743 1615 965 1677 propter
992 1607 1184 1673 Deum,
1204 1622 1312 1662 non
1338 1606 1509 1662 otium
1556 1603 1760 1671 Mariae,
1791 1605 1883 1662 sed

1984 407 2175 465 formae
2202 406 2396 463 faciem
2421 421 2598 462 meam
2618 403 2778 459 faciei
2799 413 2907 459 tuae
2919 401 3287 459 conformare.
3302 400 3403 458 Vel
3430 404 3578 458 sicut

1984 501 2154 557 facies
2176 498 2404 571 pulchra
2438 497 2495 553 in
2521 497 2804 569 speculum
2858 509 3061 568 purum
3113 494 3323 551 intenta
3370 494 3581 550 format

1985 594 2040 648 in
2068 609 2136 649 eo
2164 590 2592 664 pulchritudinis
2627 606 2742 647 suae
2766 588 3238 656 conformitatem,
3288 588 3368 644 sic
3410 596 3462 643 te
3493 588 3583 643 vi-

1983 687 2177 744 demus
2203 702 2349 743 nunc
2369 701 2468 758 per
2493 685 2800 756 speculum,
2820 683 2901 741 sic
2917 683 3116 740 mentis
3145 692 3347 739 nostrae
3374 681 3586 739 faciem

1984 782 2123 837 bene
2160 780 2433 836 detersam
2465 777 2564 834 tibi
2594 776 2881 833 exhibebis
2906 784 2968 832 ut
3016 774 3298 846 speculum
3347 780 3585 847 purum,

1985 874 2041 929 in
2071 888 2181 945 quo
2210 878 2473 943 appareat
2497 869 2682 926 vultus
2708 877 2839 925 tuus
2884 867 3179 923 formosus.
3205 864 3290 922 Tu
3339 882 3401 923 es
3425 868 3583 923 euim

1984 977 2150 1019 verus
2185 962 2418 1028 Eliseus,
2451 967 2507 1016 et
2557 974 2659 1032 ego
2714 974 2835 1016 sum
2890 974 3029 1030 puer
3079 967 3351 1026 mortuus,
3397 975 3585 1031 neque

1987 1053 2241 1112 suscitari
2275 1067 2500 1124 possum
2527 1067 2560 1108 a
2586 1060 2786 1118 morte,
2814 1050 2921 1105 nisi
2954 1059 3036 1118 tu,
3059 1049 3154 1120 qui
3181 1049 3292 1104 vita
3344 1065 3426 1117 es,
3477 1067 3584 1105 ve-

1987 1152 2108 1208 nias
2129 1151 2196 1207 ad
2220 1165 2328 1218 me,
2361 1158 2415 1205 et
2436 1164 2522 1205 me
2543 1147 2638 1203 tibi
2666 1143 3063 1203 conformando
3092 1142 3430 1213 spiraculum
3451 1142 3587 1196 rita

1985 1246 2123 1301 mihi
2151 1253 2369 1301 mortuo
2400 1241 2674 1299 conferas·
2730 1238 2851 1296 Fiet
2877 1240 3004 1308 hoc,
3037 1248 3089 1295 te
3118 1237 3427 1310 applicante
3455 1236 3584 1292 vul-

1987 1348 2101 1394 tum
2136 1346 2290 1393 tuum
2317 1336 2501 1391 vivum
2533 1332 2707 1388 vultui
2737 1346 2863 1388 meo
2895 1339 3136 1398 mortuo,
3168 1344 3295 1385 cum
3318 1339 3376 1384 tu
3408 1323 3585 1384 verus

1989 1429 2201 1487 Eliseus
2229 1428 2479 1501 posueris
2529 1426 2720 1482 oculos
2761 1434 2886 1480 tuos
2941 1440 3110 1496 super
3160 1425 3351 1480 oculos
3399 1438 3585 1492 meos,

1986 1533 2042 1580 et
2067 1539 2129 1580 os
2151 1532 2306 1579 tuum
2339 1538 2505 1595 super
2544 1536 2609 1578 os
2639 1535 2847 1587 meum,
2893 1526 2949 1573 et
2995 1533 3196 1573 manus
3237 1525 3360 1572 tuas
3408 1531 3587 1587 super

1990 1632 2186 1673 manus
2216 1630 2389 1683 meas,
2415 1615 2560 1688 quod
2589 1630 2692 1686 ego
2722 1612 2892 1668 David
2946 1610 3213 1682 propheta
3251 1624 3348 1680 per
3388 1606 3585 1664 Incar-

303 1697 528 1754 Marthae
561 1699 841 1769 negotium
870 1707 975 1754 est.
1001 1699 1160 1754 Absit
1178 1707 1383 1767 autem,
1425 1706 1488 1754 ut
1511 1698 1580 1753 de
1623 1697 1737 1766 illa,
1765 1713 1889 1768 quae
1921 1699 1960 1753 B
1992 1707 2359 1763 nationistuae
2398 1705 2720 1777 mysterium
2776 1704 3008 1760 credens
3067 1701 3315 1758 futurum
3361 1701 3420 1756 in
3470 1699 3586 1754 boe

304 1790 622 1861 hujusmodi
649 1798 756 1857 est,
780 1790 1082 1861 quidquam
1112 1789 1343 1846 dixerim
1370 1789 1635 1846 deforme.
1666 1788 1777 1847 Nec
1803 1798 1887 1844 ta·

304 1899 431 1939 men
477 1884 543 1939 ad
570 1881 874 1954 perfectum
938 1882 1320 1938 affirmaverim
1369 1883 1682 1954 pervenisse
1727 1883 1889 1939 deco-

303 1976 417 2031 ris:
444 1976 643 2046 quippe
658 1992 779 2047 quae
809 1977 989 2032 adhuc
1016 1975 1249 2032 sollicita
1278 1983 1381 2042 est,
1413 1984 1469 2031 et
1487 1976 1739 2032 turbatur
1758 1989 1887 2047 erga

305 2068 560 2137 plurima,
589 2083 701 2123 non
752 2076 931 2138 potest
975 2074 1319 2123 terrenorum
1350 2075 1594 2135 actuum,
1615 2068 1702 2123 vel
1738 2067 1886 2123 tenui

304 2160 527 2231 pulvere
577 2174 686 2215 non
709 2158 974 2232 respergi.
1008 2157 1181 2227 Quem
1234 2167 1415 2215 tamen
1461 2160 1570 2215 cito
1618 2157 1889 2230 facileque

304 2248 568 2320 deterget,
594 2248 679 2304 vel
714 2248 769 2303 in
795 2249 933 2304 bora
953 2257 1157 2305 sanctae
1180 2248 1601 2305 obdormitionis
1622 2264 1780 2306 cassa
1802 2250 1890 2304 in-

305 2340 497 2405 tentio,
530 2346 587 2393 et
609 2338 768 2394 bonae
789 2338 1143 2395 conscientiae
1166 2339 1522 2411 interrogatio
1571 2339 1639 2394 ad
1690 2337 1882 2396 Deum.

304 2429 450 2501 Ergo
474 2430 652 2486 solum
689 2429 971 2502 inquirere
1000 2428 1171 2487 Deum
1205 2440 1429 2503 propter
1451 2430 1633 2503 ipsum
1679 2431 1883 2500 solum,

305 2524 412 2583 hoc
436 2524 595 2595 plane
620 2535 705 2581 est
726 2534 1015 2595 utramque
1042 2524 1311 2595 bipartitae
1338 2525 1655 2581 intentionis
1690 2523 1887 2581 faciem

305 2616 509 2672 habere
528 2616 974 2686 pulcherrimam,
1022 2624 1185 2687 atque
1206 2616 1262 2672 id
1308 2616 1613 2687 proprium,
1640 2630 1706 2672 ac
1758 2631 1885 2687 spe-

307 2709 443 2767 aiale
464 2726 678 2782 sponsae
704 2718 808 2779 est,
865 2710 956 2766 cui
989 2712 1186 2767 merito
1215 2709 1478 2783 singulari
1528 2710 1885 2782 praerogativa

305 2805 498 2860 audire
527 2804 848 2862 conveniat:
873 2802 1123 2859 Pulchr-te
1148 2812 1270 2858 sunt
1297 2818 1442 2875 qenoe
1469 2812 1577 2858 tuoe
1611 2803 1750 2857 sicut
1772 2810 1888 2857 tur-

309 2901 466 2956 turis.
503 2896 577 2954 Ut
613 2914 743 2970 ergo
792 2896 962 2954 facies
993 2896 1177 2953 cordis
1222 2898 1330 2952 mei
1376 2904 1487 2952 tota
1531 2895 1603 2952 sit
1633 2895 1883 2967 pulchra,

306 2989 567 3068 pulchra—s
587 2999 849 3061 utrasque
887 2988 1096 3046 habens
1123 3004 1313 3062 genaS,
1344 2988 1464 3058 tibi,
1509 2987 1655 3046 Deus
1702 3003 1882 3055 meus,

307 3081 488 3152 quies
514 3097 644 3137 vera
671 3090 726 3137 et
764 3088 965 3137 aeterna
1008 3081 1360 3152 pulchritudo
1409 3095 1773 3152 supernorum
1807 3080 1890 3136 ci·

306 3171 479 3239 vium,
511 3172 829 3243 angelorum
859 3181 913 3227 et
932 3171 1241 3239 hominum,
1271 3172 1431 3242 cujus
1481 3172 1656 3244 gloria
1683 3179 1740 3227 et
1762 3170 1889 3242 pul-

306 3262 619 3318 chritudine
654 3263 797 3333 pleni
823 3271 952 3319 sunt
975 3261 1099 3318 coeli
1129 3270 1185 3317 et
1210 3270 1375 3329 terra,
1416 3260 1471 3317 id
1514 3270 1601 3317 est
1647 3260 1891 3333 angelica

308 3366 364 3413 et
400 3356 641 3412 bumana
669 3355 725 3410 in
748 3355 935 3411 electis
957 3361 1173 3422 natura,
1204 3355 1323 3423 tibi,
1361 3354 1609 3425 inquam,
1640 3353 1892 3425 specioso

309 3448 486 3503 forma
510 3463 621 3519 prae
646 3447 774 3503 filiis
799 3447 1084 3504 hominum
1108 3448 1251 3502 dixit
1293 3462 1384 3501 cor
1404 3462 1599 3511 meum,
1650 3446 1893 3517 quoesivit

313 3541 476 3597 sactes
511 3557 628 3595 mea
650 3540 842 3610 [aciem
865 3549 1035 3608 tuam,
1075 3539 1208 3596 etin
1234 3540 1338 3595 hac
1368 3537 1725 3609 inquisitione
1769 3551 1893 3608 per-

310 3635 594 3691 severabo.
630 3630 769 3688 Nam

384 3725 603 3781 Faciem
632 3734 798 3793 tuam,
838 3725 954 3782 sive
983 3723 1187 3780 vultum
1215 3734 1387 3791 tuum,
1430 3720 1675 3789 Domine,
1715 3721 1895 3794 requi·

311 3833 448 3886 ram,
482 3825 541 3872 ut
569 3816 632 3872 de
650 3816 800 3872 vultu
837 3826 925 3871 tuo
950 3816 1218 3888 ¹iudicium
1267 3831 1440 3870 meum
1468 3815 1687 3886 prodeat
1712 3811 1889 3884 (Peal.

310 3924 426 3976 xvi,
465 3908 545 3979 2),
575 3907 854 3980 faciesque
898 3923 1020 3984 mea
1069 3906 1227 3964 facici
1265 3916 1374 3961 tuae
1413 3903 1787 3962 conformetur
1834 3903 1892 3958 in

313 4021 377 4053 ru
413 4001 557 4069 qttutl
581 4001 721 4053 sieut
753 4013 805 4053 ιιι
838 4001 970 4053 nihi!
1006 3997 1158 4065 iaicis,
1198 4001 1302 4053 uisi
1336 4000 1538 4054 bonum
1584 4003 1642 4052 et
1669 4003 1892 4067 propter
1925 3999 1928 4002 ’

317 4097 545 4153 luminii,
581 4095 653 4145 ita
709 4097 934 4145 intumit]
978 4109 1094 4145 mett
1126 4109 1310 4145 *furam
1357 4089 1497 4146 facie
1527 4097 1620 4144 tua
1677 4101 1894 4157 Semper

313 4189 581 4257 dirigatur
613 4189 677 4237 :nl
709 4189 910 4239 [ninum
950 4193 1170 4253 propter
1198 4185 1422 4249 hunnum,
1457 4180 1673 4253 fulgens
1724 4187 1779 4234 et
1803 4178 1891 4234 lu·

313 4298 445 4334 crus
501 4278 717 4350 gtffntina
761 4278 1168 4350 pulchritmline
1218 4289 1501 4346 genarum,
1542 4273 1612 4329 de
1655 4279 1891 4344 quarum

1992 1801 2113 1872 ipso
2132 1797 2352 1854 Psalmo
2375 1797 2533 1855 dico:
2559 1795 2729 1853 Credo
2758 1796 2932 1851 videre
2953 1795 3089 1851 bona
3116 1792 3331 1848 Domini
3352 1792 3409 1848 iu
3434 1802 3587 1847 terra

1989 1888 2291 1945 viventium.

2063 1981 2178 2054 Ego
2203 1989 2384 2036 autem
2444 1977 2613 2034 David
2643 1977 2917 2049 poenitens
2947 1977 3062 2049 jam
3095 1976 3149 2032 in
3180 1976 3424 2033 Ecclesia
3452 1984 3584 2047 post

1989 2071 2389 2130 lncarnationis
2419 2080 2641 2141 accepta
2691 2080 3059 2137 sacramenta,
3092 2079 3217 2140 post
3261 2069 3478 2125 vitalem
3515 2070 3579 2125 iu

1991 2164 2265 2235 baptismo
2293 2164 2608 2220 unctionem
2639 2163 2837 2219 iterum
2863 2162 3144 2233 peccando
3167 2173 3442 2230 mortuus,
3460 2162 3583 2234 jam

1989 2256 2289 2313 secundam
2329 2271 2584 2327 quaereus
2624 2256 2963 2323 unctionem,
3016 2254 3221 2310 vultum
3247 2264 3419 2323 tuum,
3462 2255 3571 2309 Do-

1990 2350 2151 2416 mine,
2180 2349 2233 2405 id
2267 2358 2353 2405 est
2386 2346 2585 2404 Filium
2621 2359 2773 2404 tuum
2803 2362 2916 2418 prae
2944 2347 3302 2420 participibus
3333 2347 3450 2404 suis
3474 2364 3584 2403 un·

1989 2455 2139 2501 ctum
2188 2445 2416 2515 requiro,
2456 2443 2510 2499 id
2557 2451 2642 2500 est
2669 2443 2867 2499 iterum
2902 2458 3111 2514 quaero,
3139 2450 3200 2497 ut
3228 2441 3419 2497 oculos
3444 2457 3584 2498 suos

1989 2537 2167 2594 oculis
2204 2540 2364 2605 meiS,
2404 2546 2461 2593 et
2485 2551 2548 2593 os
2596 2551 2759 2592 suum
2793 2534 2875 2591 ori
2934 2549 3079 2599 meo,
3108 2543 3164 2589 et
3193 2548 3391 2589 manus
3443 2548 3587 2590 suas

1989 2626 2245 2684 manibus
2298 2627 2437 2683 meis
2466 2625 2814 2697 ,imponendo
2869 2624 3036 2681 faciat
3087 2638 3173 2679 me
3227 2623 3407 2678 vivere
3447 2638 3585 2678 vera

1985 2720 2120 2789 vita,
2152 2734 2276 2791 quae
2325 2730 2410 2776 est
2439 2718 2590 2790 ipse,
2635 2720 2708 2775 ita
2744 2726 2808 2773 ut
2859 2718 3069 2789 possim
3126 2717 3308 2772 dicere
3371 2735 3386 2771 ε
3450 2713 3586 2773 vivo

1988 2823 2169 2868 autem
2204 2812 2325 2883 jam
2368 2829 2472 2868 non
2513 2829 2632 2885 eqo,
2660 2813 2789 2867 vivit
2825 2828 2944 2867 vero
2972 2812 3027 2865 in
3058 2827 3139 2866 me
3161 2810 3406 2866 Christus
3428 2808 3582 2880 (Gal.

1991 2919 2054 2969 ιι,
2081 2902 2196 2976 20).
2244 2902 2520 2960 Hactenus
2568 2903 2892 2959 dominante
2942 2903 3079 2958 milti
3121 2912 3297 2959 morte
3333 2902 3583 2972 impudi-

1990 3011 2112 3064 cus,
2144 2995 2324 3052 malus
2338 3005 2393 3052 et
2422 2996 2695 3068 superbus
2729 2996 2925 3053 oculus
2959 3011 3117 3052 meus
3144 2992 3423 3066 impudici,
3447 2995 3583 3050 mali

1991 3094 2047 3142 et
2072 3086 2296 3157 superbi
2336 3087 2521 3143 cordis
2557 3087 2663 3142 mei
2692 3086 2795 3142 fuit
2822 3087 3070 3143 nuntius.
3103 3088 3318 3143 Amodo
3343 3087 3460 3161 jam
3486 3088 3582 3143 di·

1990 3179 2069 3236 cit
2125 3178 2377 3250 spiritus,
2409 3188 2473 3235 ut
2505 3180 2852 3250 requiescant
2879 3196 2910 3235 a
2943 3179 3228 3236 laboribus
3266 3180 3385 3237 suis
3430 3180 3584 3236 oculi

1990 3270 2100 3327 mei
2139 3285 2265 3327 cum
2315 3271 2570 3328 sensibus
2630 3272 2880 3344 reliquis,
2914 3282 2970 3328 et
3001 3274 3367 3345 sit'pudicus,
3425 3273 3586 3328 beni-

1991 3377 2135 3434 gnus
2160 3369 2218 3418 et
2266 3360 2492 3419 humilis
2529 3363 2724 3420 oculus
2774 3378 2957 3431 meus,
2992 3363 3195 3435 pudici,
3255 3363 3475 3436 benigni
3524 3374 3586 3419 et

1991 3451 2217 3510 humilis
2243 3452 2425 3509 cordis
2476 3452 2725 3522 nuntius,
2764 3463 2825 3511 ut
2852 3469 2921 3511 ex
2961 3454 3069 3511 hoc
3098 3453 3190 3510 tali
3224 3463 3447 3526 aspectu
3485 3471 3586 3511 re-

1992 3544 2275 3615 splendeat
2302 3546 2357 3600 in
2381 3546 2536 3601 vultu
2575 3560 2699 3602 meo
2732 3546 2917 3602 vultus
2943 3554 3093 3613 tuus,
3132 3545 3382 3602 Domine.
3410 3545 3585 3602 Simi-

1992 3634 2115 3691 liter
2156 3635 2286 3706 quia
2311 3635 2507 3693 diffusa
2535 3645 2620 3692 est
2653 3636 2826 3709 gratia
2855 3638 2912 3693 in
2935 3637 3098 3694 labiis
3139 3638 3247 3694 tuis
3273 3652 3370 3695 ore
3389 3638 3584 3695 vultus

1991 3727 2071 3783 tui
2100 3742 2264 3798 super
2318 3743 2381 3785 os
2411 3744 2594 3786 meum
2620 3730 2801 3801 posito
2839 3728 3081 3786 abundet
3107 3730 3279 3802 gratia
3310 3731 3364 3786 in
3411 3731 3586 3789 labiis

1991 3818 2150 3888 meis,
2168 3827 2230 3873 ut
2245 3834 2524 3890 uunquam
2548 3819 2834 3889 inutiliter,
2852 3821 2948 3878 sed
2983 3835 3199 3892 semper
3227 3821 3429 3878 utiliter
3443 3837 3570 3892 ape-

1992 3911 2208 3967 riantur
2233 3911 2302 3967 ad
2331 3920 2384 3968 te
2403 3911 2736 3969 laudandum
2759 3922 2815 3969 ει
2838 3915 3149 3985 proximum
3170 3914 3579 3971 aedisscandum.

1993 3999 2124 4057 Tuae
2150 4017 2370 4074 quoque
2402 4018 2600 4061 manus
2624 4003 2678 4058 in
2716 4005 2971 4064 manibus
3001 4005 3140 4063 meis
3170 4015 3481 4078 operentur,
3510 4015 3583 4063 ut

1993 4108 2090 4164 per
2119 4109 2285 4165 opera
2316 4097 2460 4151 bona
2481 4095 2577 4153 fiat
2617 4097 2844 4156 evidens
2872 4114 2938 4156 ac
2971 4098 3326 4156 manifestum
3369 4109 3583 4157 sanctae

1993 4189 2153 4248 Matri
2194 4191 2470 4263 Ecclesiae,
2510 4195 2658 4267 quod
2700 4197 2885 4253 vultus
2920 4206 3048 4255 tuus
3100 4198 3273 4255 vultui
3319 4212 3443 4252 meo
3469 4213 3577 4253 su·

1992 4284 2303 4355 per-positus
2331 4300 2420 4342 me
2446 4284 2640 4343 fecerit
2662 4287 2866 4345 vivere.
2903 4286 2961 4344 ln
2989 4289 3093 4345 hac
3118 4289 3223 4345 fide
3247 4298 3304 4345 et
3324 4304 3419 4360 spe
3442 4304 3579 4344 cum

317 4374 721 4442 putelnrimrtine
765 4386 930 4438 supra
966 4370 1082 4438 jam
1118 4370 1322 4422 {lictum
1358 4376 1464 4425 est.
1511 4365 1707 4422 Vidisti
1742 4368 1886 4422 enim
1920 4389 1965 4444 1)
1994 4380 2336 4452 signaculum
2385 4383 2568 4440 auch
2624 4384 2800 4440 vultui
2855 4401 2978 4442 meo
3025 4387 3308 4458 imprimo,
3358 4385 3579 4441 mltum

317 4478 369 4518 tu
405 4474 597 4518 bituria
637 4478 757 4534 qum
797 4466 1006 4518 feceras·
1058 4466 1106 4514 in
1152 4462 1439 4534 [ιε’ἱιιϋῑρίο,
1468 4468 1522 4517 εί
1550 4467 1708 4518 erant
1734 4459 1891 4516 valde

312 4557 478 4623 bona,
504 4563 690 4626 utpote
736 4569 767 4610 a
792 4562 846 4610 te
867 4554 1129 4610 Creatore
1153 4555 1298 4610 bono
1326 4562 1547 4626 propter
1591 4553 1889 4610 bonitatem

315 4656 465 4703 tuam
491 4655 693 4713 creata,
721 4647 921 4718 quibus
948 4647 1109 4703 bonis
1129 4655 1188 4702 tu
1212 4660 1426 4701 summe
1448 4645 1629 4702 bonus
1651 4659 1737 4713 es,
1764 4642 1810 4698 A
1836 4651 1890 4698 et

313 4747 391 4809 n,
423 4738 753 4810 principium
786 4749 840 4795 et
871 4738 1017 4797 finis.
1050 4737 1237 4811 ltaque
1287 4737 1386 4794 tibi
1415 4735 1633 4795 facienti
1683 4738 1889 4793 bonum

314 4841 537 4903 propter
564 4831 792 4900 bonum,
833 4831 949 4888 scio
973 4846 1096 4888 esse
1115 4831 1320 4886 vultum
1340 4831 1569 4897 bonum,
1614 4831 1702 4885 cui
1760 4844 1885 4885 con·

317 4923 543 4980 formari
571 4923 824 4979 desidero
850 4923 1060 4978 v-ultum
1085 4937 1291 4990 meum,
1316 4931 1379 4978 ut
1405 4931 1461 4978 et
1484 4937 1586 4994 ego
1608 4920 1748 4978 facie
1797 4928 1890 4975 tua

316 5015 511 5072 faciem
547 5029 724 5070 meam
755 5015 1118 5082 illuminante,
1149 5014 1253 5070 sibi
1272 5030 1491 5087 quoque
1514 5013 1892 5071 conformante

316 5107 633 5164 omnimoda
658 5108 839 5165 cordis
869 5106 1170 5163 intentione
1211 5106 1278 5162 ad
1329 5105 1636 5163 faciendum
1685 5106 1889 5162 bonum

315 5207 541 5270 propter
575 5198 782 5255 bonum
806 5198 1048 5255 directus
1079 5204 1134 5253 et
1183 5197 1433 5253 intensus
1468 5196 1746 5252 obtineam
1794 5210 1893 5266 pro

317 5289 542 5365 modulo
578 5305 703 5346 meo
738 5289 1148 5347 similitudinem
1178 5289 1361 5346 vultus
1401 5289 1502 5356 tui,
1545 5286 1795 5353 Domine,
1818 5288 1891 5342 ita

321 5387 380 5434 ut
398 5370 588 5436 dicere
609 5382 818 5452 possim
870 5397 998 5438 cum
1050 5372 1307 5438 omnibus
1353 5370 1583 5438 sanctis:
1612 5380 1892 5460 Siynatung

318 5481 397 5525 est
415 5487 575 5542 super
597 5490 690 5528 nos
720 5475 895 5529 lumen
918 5475 1093 5530 vultus
1120 5475 1218 5542 tui,
1246 5473 1469 5530 Domine
1490 5472 1662 5546 (Paul.
1711 5491 1785 5544 tv,
1814 5459 1918 5546 7).'

325 5560 479 5618 Sicut
501 5566 648 5620 enim
677 5566 858 5638 regale
876 5567 1116 5640 sigillum
1140 5567 1365 5642 plumbo
1394 5569 1475 5624 vel
1504 5584 1642 5624 auro
1662 5568 1893 5640 impres-

327 5666 450 5705 sum
497 5655 699 5711 format
753 5657 810 5712 in
848 5672 918 5713 eo
954 5658 1167 5714 vultum
1220 5673 1316 5716 scu
1374 5656 1568 5716 faciem
1617 5660 1783 5731 regis,
1818 5662 1893 5717 ita

1994 4482 2150 4531 tuum
2180 4474 2235 4530 in
2266 4475 2382 4546 ipsa
2408 4489 2575 4532 cruce
2601 4478 2805 4549 cogito,
2850 4494 3014 4551 quem
3044 4479 3219 4536 vultui
3248 4493 3370 4535 meo
3397 4478 3578 4550 appli-

1990 4566 2104 4621 cari
2144 4564 2416 4634 desidere,
2441 4576 2497 4624 ει
2520 4568 2682 4626 dico:
2733 4569 2948 4626 Vultum
2974 4581 3144 4639 tuum,
3200 4570 3445 4638 Domine,
3486 4588 3581 4626 re—

1989 4657 2217 4728 quiram.
2273 4654 2391 4714 Tali
2429 4659 2704 4718 desiderio
2734 4664 2980 4719 aestuabo
3009 4663 3203 4720 crebro
3241 4664 3298 4719 in
3332 4679 3429 4720 ore
3446 4679 3578 4720 cre-

1991 4749 2165 4817 brius,
2182 4750 2237 4806 in
2272 4752 2437 4809 corde
2466 4751 2672 4810 habens
2690 4754 2838 4811 hunc
2862 4755 3190 4812 versiculum
3214 4773 3229 4812 ε
3255 4755 3391 4811 Dens
3410 4756 3582 4810 mise·

1990 4848 2173 4894 rentur
2185 4845 2374 4913 nostri,
2389 4854 2440 4900 et
2462 4843 2732 4899 benedicat
2747 4845 2917 4915 trabit,
2931 4847 3194 4903 illuminet
3204 4848 3576 4902 vultumeuum

1989 4948 2146 5001 suaper
2173 4948 2287 5002 nos,
2302 4944 2353 4990 et
2381 4937 2693 4990 misereatur
2713 4941 2882 4994 nostri
2910 4937 3086 5010 (Psat.
3112 4954 3260 5007 txvt,
3293 4938 3370 5009 1).
3390 4937 3524 4992 ltent
3556 4956 3576 4993 ε

1992 5018 2216 5076 ΙΙΙιιειι-ιι
2224 5023 2415 5095 [aciem
2425 5035 2736 5097 tnamsuper
2747 5043 2951 5083 servum
2964 5037 3112 5084 tuum
3128 5027 3301 5102 (Paul.
3318 5027 3572 5099 xxx,l'1).

1992 5111 2123 5169 Item
2148 5130 2163 5168 ε
2195 5113 2416 5171 Faciem
2445 5125 2590 5171 tuam
2627 5117 2876 5174 illumina
2899 5138 3059 5192 super
3085 5139 3292 5177 servum
3323 5132 3494 5188 tunm,
3515 5130 3577 5176 et

1990 5207 2117 5263 doce
2145 5224 2227 5262 me
2244 5209 2653 5280 Justificationes
2691 5220 2811 5267 tuas
2843 5213 3018 5284 (Psal.
3050 5230 3240 5282 cxvnt,
3279 5215 3424 5286 ¹55).
3457 5212 3574 5269 Ve-

1992 5314 2113 5354 rum
2143 5301 2544 5372 quantumlibet
2591 5303 2663 5359 sit
2716 5305 2927 5360 clarum
2985 5307 3266 5376 speculum
3307 5305 3377 5363 de
3424 5303 3575 5362 facie

1992 5388 2234 5448 formosa
2286 5391 2664 5458 informatum.
2715 5403 2898 5451 tamen
2943 5398 3049 5453 erit
3090 5396 3326 5454 informe
3372 5412 3572 5453 aversa

1993 5483 2119 5540 inde
2143 5484 2384 5542 formosa
2424 5487 2582 5544 facie.
2627 5487 2718 5545 Sic
2746 5505 2880 5562 rogo
2911 5492 3032 5561 tibi,
3058 5507 3093 5548 o
3116 5504 3317 5549 aeterua
3344 5491 3572 5564 sapien·

1994 5576 2068 5631 tia
2106 5586 2161 5632 et
2187 5577 2558 5648 pulchritudo,
2598 5581 2955 5653 conformari,
2987 5593 3045 5641 et
3087 5584 3260 5641 vultui
3300 5584 3572 5641 bonitatis

1996 5677 2103 5725 tuae
2135 5669 2448 5740 assimilari,
2473 5672 2619 5729 utin
2654 5672 2759 5730 bac
2808 5672 2969 5731 faciei
3023 5687 3129 5733 tuae
3177 5674 3570 5734 conformitate
