3817 6000
65 281 128 338 sne
391 244 726 332 connmranmn'm
745 267 916 328 assinos.
944 297 955 307 -
991 264 1085 324 rans
1103 265 1125 321 t.
1147 296 1180 307 -
1198 262 1300 327 rsit.
1319 266 1391 323 ιιι.
1659 266 1714 330 vm

65 398 161 464 ribus,
178 402 206 451 et
223 401 377 464 moriuntur
388 400 425 459 te,
439 389 559 458 Christe,
573 389 646 460 quod
660 398 703 444 cst
715 387 864 444 consilium
878 391 902 451 Α
916 378 1045 435 'araride
1059 378 1314 453 AEvvptubapttzau
1330 365 1437 438 suntin
1452 384 1525 440 nube
1542 390 1569 441 et
1587 382 1711 458 ln'marv,

64 496 162 545 tuum.
181 484 223 539 Tu
244 483 317 539 enim
339 496 394 538 non
410 479 604 554 precipiendo,
629 479 677 536 sed
696 472 865 536 consulendo
916 472 968 528 soli
981 470 1141 540 duo,losue
1155 473 1260 531 scilicet
1272 483 1299 529 et
1312 472 1427 546 Caleph,
1440 476 1644 535 introieruntln
1655 488 1713 538 ter·

66 578 169 637 dixisti
184 577 295 635 cuidam
308 574 405 632 diriti:
419 592 430 627 ι
450 572 536 629 Siris
550 570 688 644 perlectus
700 586 772 640 esse,
785 568 864 638 vade,
915 579 976 619 ram
987 565 1179 635 promissionis
1192 585 1198 622 :
1211 567 1249 623 ita
1263 583 1338 625 nunc
1362 584 1396 625 ex
1421 569 1550 628 omnibus
1567 568 1712 643 baptizaris

64 672 159 729 vende
169 669 264 727 omnia
275 666 443 740 quaehabes,
459 673 488 721 et
499 665 534 720 da
555 662 733 736 pauperibus,
747 671 776 720 et
792 662 865 729 veni,
916 655 973 712 duo
986 663 1094 713 tantum
1110 656 1304 729 ingrediuniur
1326 659 1354 714 in
1383 673 1498 731 regnum
1524 661 1669 732 cceloruar,
1685 663 1713 720 id

65 780 189 838 sequere
202 778 257 832 me,
271 770 299 819 et
309 749 423 818 habebis
433 760 593 816 thesaurum
615 757 644 812 in
658 755 730 813 coelo
754 750 864 828 (nnn,
916 754 970 813 est,
981 744 1039 817 ipse
1050 744 1131 803 lesus
1146 757 1258 820 propter
1272 763 1324 807 nos
1339 749 1366 805 in
1377 748 1497 808 turoam
1509 749 1552 808 vel
1563 751 1591 807 in
1600 754 1712 826 proprio

66 875 131 927 ης,
146 857 206 929 21),
225 854 325 912 ,mua
348 851 496 910 consutum
520 860 599 908 vuum
613 865 647 905 εχ
662 857 740 921 pap-10
754 848 812 920 jam
824 856 868 906 ρει
917 852 970 892 sno
992 836 1127 911 sanguino
1149 837 1322 911 baptizatus,
1350 851 1378 898 ot
1400 842 1521 915 populus
1544 843 1634 902 ddelis
1662 862 1712 918 per

67 951 227 1023 impletum,
243 947 292 1005 sed
307 946 399 1003 adhuc
422 945 452 1002 in
464 943 559 1000 multis
582 950 668 999 restat
687 941 865 1013 implendum.
916 926 1084 998 babtismum
1100 930 1126 985 05
1143 930 1183 988 iffi
1200 932 1387 1002 ⁰⁰⁰⁸el³¹¹¹i⁰⁵2
1406 945 1489 1007 atque
1513 936 1588 993 illius
1615 936 1714 993 volun

68 1039 110 1099 up
124 1041 208 1113 iginus
222 1054 298 1094 omne
312 1035 452 1093 coepitium
467 1046 543 1091 vnum
567 1033 798 1100 confirmem-‚ur
812 1030 868 1089 stne
916 1018 966 1075 tati
983 1028 1011 1076 et
1024 1020 1100 1077 cordi
1111 1034 1161 1090 per
1174 1022 1268 1077 omnla
1279 1027 1492 1090 consentaneus,
1509 1024 1539 1078 ul
1558 1023 1712 1080 secundum

66 1146 171 1189 omnes
184 1145 281 1202 greges
293 1137 436 1186 tonsarum
449 1125 542 1183 ovium
560 1123 766 1183 appendentium
782 1122 816 1179 de
827 1123 868 1178 12.
917 1125 967 1167 cor
980 1108 1083 1167 Christi
1095 1125 1126 1167 ὅθ
1141 1110 1245 1168 habens
1260 1112 1289 1166 ill
1300 1112 1456 1169 llblltlllario
1473 1127 1610 1169 consensu
1633 1112 1712 1170 liberi

66 1237 156 1279 mro
168 1218 293 1295 gemellis
306 1218 418 1287 fetibus,
430 1216 551 1290 gemellis
563 1214 700 1272 [ructibus
715 1222 867 1286 praeoepib-
918 1201 1138 1274 hrbiirilcale‘pb
1153 1211 1227 1260 recle
1248 1203 1488 1275 plissilllppesslll'l.
1516 1202 1595 1260 Ttltlc
1619 1212 1713 1262 allieni

67 1329 136 1371 mm
146 1322 175 1370 ιι
191 1310 371 1370 consiliorum
388 1308 528 1376 speum,
542 1315 625 1377 atque
647 1299 687 1363 sic
707 1319 790 1363 omne
801 1319 869 1361 con.
918 1295 1171 1352 nostrumlibemm
1186 1295 1332 1352 arbitrium
1354 1296 1407 1352 orit
1421 1296 1501 1367 quasi
1514 1311 1561 1352 cor
1575 1294 1635 1362 bei,
1648 1310 1713 1352 cnm

67 1406 167 1461 sitium
184 1412 262 1461 mum
284 1398 585 1469 conprmevuntnqnl
609 1396 644 1454 de
666 1406 730 1467 poss
751 1396 869 1453 reunia
918 1397 993 1442 recte
1006 1386 1148 1455 discernit,
1163 1387 1249 1459 eligit,
1260 1386 1358 1460 diligit.
1392 1386 1528 1446 Discernit
1547 1388 1673 1445 videlicet
1697 1404 1715 1444 a

67 1497 204 1569 accepisti
214 1495 299 1554 David
313 1510 424 1552 serrum
438 1500 517 1549 tunm
530 1504 644 1562 manere
657 1487 742 1546 lac-ob
757 1503 868 1546 servum
919 1478 1125 1549 malobatrum
1141 1480 1217 1552 eligit
1230 1479 1320 1552 ipsum
1328 1480 1713 1553 bonumapprebendondum3

67 1601 153 1647 vuum
166 1598 194 1647 οι
210 1588 294 1646 teme}
309 1586 496 1644 bmnium
517 1593 605 1653 ruam,
627 1598 703 1641 nunc
715 1582 868 1655 muppptpoe
919 1568 1009 1642 diligit
1020 1572 1236 1642 apprehensum.
1249 1571 1386 1629 Discernit
1397 1588 1460 1644 quae
1472 1573 1508 1630 sit
1527 1573 1655 1630 uoluntas
1666 1572 1717 1630 [lei

69 1684 100 1739 in
113 1682 237 1740 Ecclesia
252 1696 336 1753 super
346 1676 522 1751 imperfectos
544 1676 588 1733 vel
601 1675 718 1744 activos,
746 1674 794 1745 qni
820 1689 870 1745 per
919 1661 1010 1727 lilim:
1028 1661 1175 1734 elissileam
1190 1664 1300 1735 quasit
1320 1663 1517 1735 beneplacens3
1544 1662 1634 1736 diligit
1654 1679 1716 1721 eam

68 1774 160 1831 lacot
173 1773 373 1847 significantur,
383 1779 412 1829 et
421 1785 503 1843 super
517 1767 745 1840 contemplativos
756 1775 785 1825 et
806 1782 867 1839 per·
886 1761 908 1818 li
921 1769 984 1827 l1¹¹ae
991 1755 1027 1811 ⁸1¹
1036 1752 1167 1827 perlecta.
1179 1754 1339 1828 Propterea,
1350 1756 1440 1828 inquit
1453 1755 1618 1827 Apostolus:
1636 1774 1646 1809 ι
1661 1753 1719 1813 No·

68 1867 173 1935 sectos,
195 1865 243 1937 qui
256 1879 305 1936 W
318 1877 419 1920 popm
435 1860 520 1919 lsrael
534 1867 676 1926 notamur,
690 1859 761 1917 tales
777 1859 872 1930 pam.
922 1845 971 1903 lide
982 1846 1040 1905 fleri
1055 1847 1254 1920 imprudentes,
1268 1848 1317 1906 hed
1327 1848 1521 1921 intelligentes,
1537 1860 1599 1920 (1⁰ae
1611 1848 1649 1907 Sit
1670 1866 1718 1906 VC-

67 1975 118 2016 ros
141 1967 169 2015 et
189 1958 259 2014 tales
281 1970 370 2029 repes,
397 1954 447 2027 qai
470 1955 543 2012 sicut
564 1950 650 2009 David
668 1951 813 2007 ιιιιιιιάιιιιι
826 1967 873 2008 cor
922 1938 1016 1995 luntas
1030 1937 1273 2011 neillelllllhoell8
1286 1948 1314 1997 θῑ
1327 1938 1569 2014 lieffeffllssl’hss·
1582 1958 1609 2011 l·
1629 1942 1715 2016 ¹7)‚⁸

69 2060 152 2106 taem
165 2057 263 2123 repant
275 2055 303 2105 ct
315 2054 432 2119 pascant
445 2045 578 2121 populum
591 2052 668 2101 tunna
686 2051 715 2100 et
726 2057 792 2101 oves
805 2058 873 2115 pap.
923 2040 956 2087 ut
978 2030 1105 2089 videlieet
1118 2032 1191 2089 hona
1208 2028 1338 2090 voluntas
1359 2032 1544 2102 discernatur,
1560 2030 1676 2109 nequid
1691 2036 1719 2092 ei

70 2155 139 2197 ωε
151 2152 216 2197 ωε,
578 2194 585 2209 .
923 2121 1587 2198 malitiaeadmisoeatur3beneplacenseligatur,
1610 2141 1646 2184 ne
1665 2127 1719 2183 ali·

110 2230 181 2288 ltem
193 2246 202 2288 s
216 2226 288 2299 Quia
308 2225 536 2293 tuveruslosne,
560 2232 590 2282 tu
605 2240 670 2284 vere
686 2224 767 2283 lesus
781 2222 873 2284 dictus
924 2214 991 2286 huid
1005 2213 1043 2284 ei,
1061 2216 1136 2288 <ludi¹
1148 2231 1204 2272 ¹¹⁰⁰
1217 2217 1308 2286 dehet,
1322 2219 1503 2291 imferlilllt
1524 2217 1646 2289 reflecti
1656 2218 1721 2274 dili·

71 2337 134 2379 non
147 2320 185 2378 ita
198 2320 384 2392 nuncupative
411 2320 485 2378 sieut
507 2318 554 2376 ille
567 2320 699 2391 antiquus
715 2316 809 2386 delle,
825 2319 873 2376 aad
924 2312 1017 2378 gallir,
1029 2322 1065 2364 lle
1075 2323 1198 2380 uttqtlllm
1209 2306 1238 2364 ill
1251 2304 1394 2365 fastidium
1403 2308 1535 2366 relidiur.
1544 2307 1721 2382 Nequdelliltt

71 2412 250 2472 substantive
259 2420 287 2469 et
298 2411 432 2481 odedire,
446 2412 519 2470 sieut
539 2410 654 2484 augelus
663 2424 804 2482 exponens
828 2425 875 2467 η.
925 2402 1048 2474 unquam
1059 2398 1201 2458 fastidium
1213 2400 1325 2459 habebit
1336 2401 1411 2459 illius
1431 2403 1471 2459 rei
1485 2402 1607 2472 dileetio,
1623 2404 1651 2460 ln
1664 2419 1721 2475 qua

72 2507 181 2563 tionem
207 2500 291 2577 hujus
313 2503 435 2561 nominis
461 2503 513 2573 tui,
543 2500 617 2576 quod
642 2510 686 2560 cst
709 2488 802 2572 lesus,
817 2502 872 2558 aiv:
926 2491 1156 2549 muteacmeris
1178 2491 1262 2550 rebus
1280 2493 1463 2551 macmoenda
1480 2510 1534 2552 non
1557 2504 1676 2567 erratur,
1692 2503 1723 2555 st
1831 2570 1833 2576 A

77 2618 88 2652 ,
115 2595 176 2671 ¹9⁸0
193 2595 267 2654 wrm
282 2596 390 2653 ,apum
400 2595 483 2653 pepp
492 2594 625 2668 mutum
642 2609 725 2652 ,uum
750 2609 876 2666 pm.
925 2582 954 2640 in
973 2599 1028 2655 qua
1042 2584 1169 2656 eligenda
1191 2585 1262 2643 bene
1276 2585 1455 2645 deliberatur.
1478 2585 1549 2645 ilinc
1573 2597 1627 2656 est,
1646 2587 1721 2660 quod

74 2691 116 2746 ης
130 2703 224 2747 eorum
236 2685 348 2759 (phua,
357 2687 448 2758 „epp
467 2685 699 2758 ‚quva‚pnqu2m‚
708 2694 737 2740 vu
750 2699 814 2742 vm
833 2681 877 2742 lp.
926 2674 1011 2745 huius
1024 2676 1121 2732 mundi
1139 2676 1310 2734 amatoribus
1322 2677 1381 2749 lpse
1398 2677 1519 2734 mundus
1532 2679 1642 2735 landem
1656 2694 1720 2735 ver·

76 2797 130 2839 sus
143 2779 373 2852 dictuspopnlnm
387 2786 504 2835 tuumes
517 2773 725 2833 introducturus
739 2775 767 2832 in
783 2791 875 2833 veram
926 2775 1001 2824 tetur
1011 2767 1039 2825 in
1054 2766 1211 2837 fastidium
1227 2769 1293 2841 quia
1306 2783 1361 2825 nou
1374 2767 1426 2826 luit
1437 2779 1518 2826 canto
1527 2769 1720 2839 deliberatum,

76 2870 304 2944 repromissionis
316 2879 418 2927 terram
428 2868 500 2925 laete
512 2875 540 2924 et
551 2865 632 2923 melle
643 2875 812 2934 manantem,
827 2881 877 2923 ne-
926 2873 991 2917 cum
1007 2875 1060 2917 suo
1077 2859 1202 2918 Creatori
1217 2863 1399 2933 praetulerunt
1423 2863 1557 2920 mnndum
1584 2873 1719 2921 creatum.

76 2979 136 3038 que
148 2964 202 3022 hoe
215 2962 415 3035 laciesabsqus
439 2958 565 3032 adiutore
584 2956 699 3031 Caleph,
722 2957 789 3016 dum
813 2973 874 3031 pra·
927 2950 981 3021 Qui
992 2961 1084 3010 auem
1097 2951 1240 3012 Christum
1253 2954 1415 3014 discernunt
1428 2963 1456 3013 et
1465 2954 1570 3030 eligunt
1584 2956 1636 3014 sibi
1658 2957 1722 3014 dili·

77 3056 149 3112 tiam
165 3052 330 3111 invisibilem
343 3051 394 3109 das
406 3065 455 3124 per
468 3048 628 3107 ministrum
646 3048 795 3121 quemlibet
808 3050 877 3108 visi·
928 3044 1058 3116 pendunt,
1069 3044 1179 3102 taudem
1193 3047 1222 3102 in
1241 3046 1302 3118 ejus
1314 3046 1461 3105 dilectione
1486 3047 1596 3120 penitus
1615 3048 1722 3106 nullum

77 3144 260 3216 biremibus
274 3144 358 3201 Pater
381 3143 480 3198 talcar
496 3141 545 3198 libi
564 3142 709 3197 mundum
728 3157 775 3197 cor
802 3118 912 3197 suamc
929 3133 1047 3190 sentient
1057 3132 1210 3205 lastidium,
1225 3138 1336 3211 quando
1348 3153 1397 3197 eor
1408 3138 1597 3197 eornmluerit
1607 3141 1723 3199 omuino

77 3243 286 3314 dispensatores
294 3234 723 3312 mysteriorumquibusitavere
734 3236 879 3294 conveniat
929 3225 1082 3281 secundum
1095 3225 1197 3297 '9⁸⁰⁰‘-

80 3347 184 3389 nomen
199 3330 314 3403 Caleph,
325 3330 400 3403 quod
414 3329 610 3401 interpretatur
629 3328 707 3400 psat
727 3342 783 3396 cor,
811 3327 877 3384 dum
964 3314 1033 3372 Nam
1042 3317 1071 3373 in
1079 3318 1296 3388 proicientibus,
1308 3329 1336 3377 et
1346 3321 1463 3382 necdum
1474 3328 1571 3380 extoto
1581 3339 1630 3380 cor
1640 3338 1723 3382 suum

80 3432 151 3481 suot
160 3422 213 3495 ipsi
226 3422 371 3478 murtrum
381 3437 427 3477 cor
439 3429 525 3488 tuam,
540 3418 614 3476 sicut
630 3432 696 3475 vare
711 3418 758 3474 tihi
774 3433 877 3476 eonve-
930 3410 965 3466 ad
980 3409 1072 3481 ipsum
1088 3411 1270 3481 vertentibus,
1287 3412 1347 3485 ipso
1366 3412 1494 3472 Christus
1518 3414 1723 3487 ahquantulum

81 3514 126 3571 „p
144 3528 245 3572 nome„
259 3511 350 3582 Jews,
376 3528 410 3570 ω
423 3512 498 3587 quod
519 3505 723 3570 ,ammianus
746 3509 878 3582 poputum
929 3501 1123 3559 condescendit
1144 3502 1298 3561 secundnm
1321 3517 1479 3562 corsorum
1503 3508 1544 3563 eis
1569 3506 1725 3564 exhibendo

82 3615 193 3661 tuuma
209 3602 330 3676 pcccatis
341 3618 449 3672 eorum,
473 3600 521 3659 Sic
534 3618 611 3657 omne
637 3599 779 3656 consilium
804 3608 879 3657 tuum
931 3592 1064 3663 scipsum.
1082 3591 1168 3650 Siein
1183 3594 1228 3651 die
1246 3593 1478 3666 Resurrectionis,
1493 3613 1556 3655 cum
1573 3598 1665 3656 adbuc
1683 3612 1726 3655 to·

82 3695 276 3762 confirmetur,
289 3695 356 3752 dum
377 3710 426 3767 per
444 3703 471 3753 le
494 3694 589 3751 lesum
606 3691 683 3750 salus
705 3690 881 3749 invisibiliter
931 3683 1024 3739 hebrae
1035 3691 1128 3740 essent
1137 3683 1172 3741 ad
1190 3694 1412 3756 monumentum,
1426 3688 1454 3743 in
1467 3688 1551 3746 eorde
1562 3688 1656 3746 liariae
1668 3706 1726 3746 non

82 3791 177 3858 detur,
190 3798 219 3845 et
231 3803 280 3860 per
293 3787 443 3860 quemlibet
453 3786 612 3843 ministrum
624 3792 880 3842 tnumsaeramenta
931 3775 1068 3834 credentis
1079 3775 1156 3834 illum
1166 3778 1363 3848 resurrexisse,
1376 3780 1511 3838 dubitanti
1526 3783 1602 3840 cdliii
1613 3796 1644 3839 db
1657 3797 1725 3839 botl-

85 3881 184 3940 salictis
203 3879 347 3937 visibiliter
359 3878 587 3937 administrentur
601 3877 694 3951 quasi,
719 3892 768 3949 per
777 3873 880 3947 Colepb
932 3869 1058 3927 formans
1068 3884 1124 3927 non
1137 3870 1166 3927 in
1181 3870 1273 3943 speeie
1290 3881 1366 3941 nola,
1380 3872 1428 3930 sed
1454 3875 1535 3945 quasi
1561 3875 1726 3932 hortulanus

85 3972 195 4030 socium
207 3970 256 4028 tibi
269 3971 410 4038 dilectum,
424 3970 473 4042 qui
484 3967 638 4027 monadum
650 3967 780 4025 virtutem
791 3968 882 4024 nomi·
932 3961 971 4019 illi
983 3963 1110 4034 apparuit
1123 3961 1217 4036 (loon.
1232 3980 1279 4032 xx,
1297 3963 1355 4039 lb).
1383 3964 1452 4023 aliis
1477 3965 1543 4023 item
1568 3968 1727 4025 amantibus

86 4062 133 4120 nis
144 4061 247 4135 Caleph
272 4061 321 4118 tibi
333 4060 507 4117 invisibiliter
528 4058 653 4131 operanti
666 4065 829 4130 cooperetur
841 4057 883 4114 ri·
931 4061 960 4111 et
972 4053 1162 4112 dubitantibus
1178 4055 1306 4127 appamit
1317 4056 1396 4127 quasi
1408 4057 1581 4130 peregrinus,
1601 4058 1728 4115 videlieet

86 4154 205 4213 sibiliter
217 4153 361 4209 umidum
375 4168 421 4207 cor
435 4161 520 4221 trem,
534 4162 562 4209 et
586 4167 641 4209 non
666 4165 729 4207 cum
753 4148 797 4208 his
810 4163 882 4223 qno·
933 4147 1085 4205 secundnm
1099 4162 1147 4204 cor
1157 4162 1255 4206 eorum
1274 4147 1342 4220 ipsis
1353 4147 1514 4221 dispositus.
1530 4150 1566 4207 ht
1579 4157 1728 4224 postquam

87 4261 152 4303 rum
166 4243 300 4302 cadavera
310 4251 522 4316 prosternuntur
533 4241 562 4299 in
572 4242 682 4300 deserto
695 4249 772 4298 extra
779 4250 882 4299 terram
933 4255 983 4297 cor
996 4236 1089 4297 llariae
1101 4240 1293 4297 oonllrmatnm
1305 4248 1350 4298 est
1373 4240 1401 4298 in
1423 4240 1477 4298 ilde
1500 4244 1653 4300 secundum
1677 4258 1728 4301 eor

88 4336 295 4412 promissionis,
331 4335 476 4403 moriatur,
506 4333 555 4391 sed
584 4343 686 4404 tecum
708 4348 726 4391 o
745 4332 826 4392 lesu!
853 4334 884 4391 ln
934 4332 1047 4401 Christi,
1063 4349 1145 4391 omne
1155 4334 1302 4392 consilium
1313 4332 1417 4392 Christi
1430 4335 1621 4393 confirmatum
1640 4346 1684 4394 est
1698 4338 1728 4395 in

88 4437 164 4485 terra
179 4424 373 4498 promissionis
386 4423 497 4482 aeteruis
509 4423 614 4481 deliciis
627 4422 769 4495 frumenti,
786 4423 844 4481 vini
857 4432 885 4481 et
901 4438 979 4509 Dea.
994 4422 1127 4481 Similiter
1139 4432 1285 4496 postquam
1303 4424 1429 4497 discipuli
1458 4426 1564 4497 pridem
1579 4445 1590 4480 ι
1608 4428 1685 4485 stulti
1700 4437 1731 4486 et

90 4517 144 4577 olei
156 4517 324 4591 perimatur.
936 4515 1007 4572 tardi
1019 4516 1103 4573 eorde
1115 4517 1150 4573 ad
1163 4516 1342 4585 credendum,
1360 4535 1371 4570 ι
1386 4533 1436 4575 cor
1446 4518 1547 4577 ardens
1573 4518 1731 4579 habuerunt

126 4610 223 4667 Aliter.
239 4608 360 4666 Salvatio
372 4608 631 4682 predestinatorum
658 4608 751 4667 taliter
776 4608 887 4681 perlici·
936 4608 1088 4665 amandum
1103 4623 1152 4664 eor
1179 4604 1293 4675 Christi,
1313 4626 1324 4662 ι
1345 4619 1556 4681 cognorerunt»
1582 4607 1730 4668 Dominum

91 4712 149 4769 tur,
174 4711 204 4758 ut
222 4700 305 4760 lesus
325 4700 514 4774 principaliter
538 4709 693 4774 operetur«
719 4700 837 4758 mlutem
857 4700 887 4759 in
939 4718 949 4753 ι
965 4700 994 4757 in
1008 4698 1142 4757 lractione
1154 4699 1234 4771 panis
1256 4698 1334 4774 (hoc.
1348 4716 1425 4769 xxiv,
1443 4699 1529 4774 55).»
1555 4700 1623 4759 item
1646 4704 1730 4761 disci·

92 4794 275 4851 medioterra
295 4791 496 4865 (Psotmxavn,
519 4792 577 4865 li),
592 4811 603 4846 ι
620 4791 648 4848 id
672 4801 717 4850 est
740 4793 770 4850 in
793 4793 887 4861 eorde,
936 4792 1224 4866 pulielusindiscrete
1236 4793 1388 4864 piscantes,
1400 4808 1491 4866 neque
1506 4795 1579 4852 inter
1588 4795 1731 4855 dexteram

93 4884 169 4959 quod
186 4886 309 4943 medium
323 4884 415 4941 locum
426 4893 501 4942 tenet
513 4884 541 4940 in
552 4898 680 4957 corpore,
692 4884 739 4942 sed
759 4885 812 4957 ipsi
827 4883 889 4942 Sal·
937 4896 965 4945 et
975 4886 1117 4944 sinistram
1130 4884 1326 4954 discernentes,
1339 4886 1468 4943 viderunt
1489 4886 1566 4944 illum
1588 4886 1618 4945 in
1640 4888 1733 4946 littore

92 4978 182 5034 vatori
194 4978 312 5034 salutem
327 4977 478 5034 humanam
486 4975 732 5049 operantilibemm
744 4974 889 5033 arbitrium
937 4979 1017 5049 quasi
1042 4978 1183 5035 hominem
1207 4978 1331 5051 ignotum
1356 4976 1448 5054 (loun.
1464 4997 1522 5050 rvr,
1541 4980 1580 5054 l).
1605 4981 1641 5039 dt
1658 4992 1732 5055 post·

93 5068 474 5141 cooperatur,sisecundum
483 5083 532 5126 cor
546 5066 711 5141 ipsiuslesu
727 5067 890 5140 disponatur
937 5086 1021 5143 quam
1034 5069 1186 5128 secuudum
1204 5086 1252 5129 eor
1265 5071 1368 5130 Christi
1380 5073 1414 5130 ad
1428 5073 1490 5145 ejus
1504 5074 1650 5145 imperium
1675 5076 1730 5131 mi·

94 5170 123 5218 et
135 5160 414 5234 inveniaturdignum
432 5162 544 5219 nomine
563 5160 677 5233 Caleph,
688 5160 773 5233 quod,
796 5170 827 5217 ut
845 5160 889 5217 di·
938 5170 1035 5218 serunt
1046 5170 1104 5218 rete
1116 5161 1145 5219 iu
1157 5160 1296 5220 dextoram
1323 5163 1444 5237 navigii,
1459 5165 1601 5233 continuo,
1625 5179 1659 5221 ex
1672 5165 1732 5236 ipso

93 5262 233 5319 otumest,
246 5254 442 5325 interpretatur
454 5255 532 5326 psai
553 5269 609 5309 eor.
628 5251 663 5308 Et
686 5250 768 5310 lesus
778 5253 889 5325 quidem
938 5251 1036 5308 edoctu
1051 5251 1223 5322 piscationis,
1232 5251 1379 5310 bominum
1392 5255 1477 5310 maris
1492 5265 1688 5326 cognoverunt,
1704 5262 1733 5311 et

95 5346 177 5420 quasi
188 5346 325 5417 princeps,
351 5354 380 5402 et
400 5346 429 5401 in
444 5344 600 5424 principatu
625 5344 715 5417 major
732 5342 826 5417 libyse
844 5345 889 5402 io·
939 5344 1092 5402 secundum
1115 5360 1164 5402 cor
1190 5344 1278 5417 ipsius
1304 5360 1353 5404 cor
1373 5361 1454 5403 suom
1470 5345 1509 5402 illi
1535 5345 1728 5407 exhibuerunt.

96 5435 238 5493 boduotor
251 5436 328 5492 estin
345 5444 445 5491 terram
457 5434 660 5507 promissionis,
671 5442 791 5493 attamen
815 5450 891 5508 quae·
940 5434 1019 5492 Unde
1030 5436 1109 5494 linito
1118 5437 1175 5495 illie
1183 5438 1311 5510 prandio,
1326 5454 1389 5496 eum
1407 5438 1509 5497 diceret
1521 5438 1604 5498 Petro
1631 5443 1730 5500 tertio:

97 5527 135 5585 rit
159 5529 330 5596 comitatum,
348 5528 396 5599 qni
423 5526 460 5586 sit
481 5529 633 5586 secundum
658 5545 707 5587 eor
725 5543 818 5598 suum,
839 5542 891 5584 no·
943 5526 1054 5585 inmas
1071 5529 1165 5585 mel»
1191 5529 1251 5600 ipso
1270 5545 1381 5602 quoqne
1405 5532 1485 5588 tertio
1508 5531 1659 5589 secundum
1684 5550 1733 5593 oor

98 5629 187 5674 snum
205 5618 332 5676 videlicet
346 5618 466 5674 liberum
478 5618 623 5677 arbitrium
642 5621 695 5679 sihi
720 5622 814 5680 rolens
830 5635 892 5680 esse
941 5618 1181 5692 ipsiusrespondit
1195 5620 1233 5676 illi
1256 5637 1264 5674 r
1286 5640 1297 5675 ι
1313 5622 1383 5678 Amo
1401 5630 1429 5679 te
1443 5623 1534 5695 liiii..
1559 5625 1615 5699 Π).
1638 5625 1733 5686 »Ecce

100 5721 326 5769 consentaneum.
340 5708 419 5767 Sicut
432 5709 506 5767 enim
519 5726 552 5768 ev
566 5711 705 5784 omnibus,
716 5714 764 5785 qui
777 5729 806 5771 tn
816 5713 890 5771 exitu
942 5729 992 5771 cor
1003 5711 1076 5769 Petri
1091 5713 1172 5785 quasi
1183 5729 1232 5771 cor
1242 5712 1345 5772 Christi
1357 5730 1386 5774 so
1400 5716 1526 5774 habendo
1545 5720 1656 5787 exhibet
1678 5734 1732 5779 no·

232 5805 369 5868 Parnon.
390 5802 527 5867 cxctlt.
1551 5811 1590 5877 31
