3817 6000
463 308 599 366 1807

1413 295 1722 356 cmtnom
1759 295 2152 355 PRAEPost‘rt
2193 295 2753 358 nmenmsrtsnc.

3582 304 3690 362 tttt

458 429 553 485 illo
580 423 814 482 concilio
856 417 1279 492 malignantium
1317 416 1501 488 laquei
1543 413 1767 471 luerunt
1796 414 2035 471 abscon·
2064 418 2111 478 Α
2140 415 2330 471 vinum
2356 417 2450 471 ilat
2471 417 2698 472 omnino
2723 431 2896 472 unum
2927 417 2984 471 in
3009 433 3119 473 una
3147 419 3453 493 eademque
3490 436 3691 494 persona

455 519 678 590 diti‘per
705 515 863 582 illud,
892 513 1040 586 quod
1070 510 1328 568 dicebant
1354 526 1370 564 ι
1410 527 1429 561 ι
1466 507 1525 564 Si
1558 507 1885 565 dimittimus
1911 521 2039 562 eum

456 612 559 678 sic,
590 625 783 665 omnes
823 606 1048 664 credent
1086 605 1143 660 in
1171 618 1322 671 eum,
1366 611 1421 659 et
1452 602 1675 658 venient
1701 599 1956 666 Romani,
1983 609 2039 656 et

458 705 648 762 tollent
678 709 927 760 nostrum
950 708 1004 756 et
1029 700 1213 755 locum
1232 704 1287 752 et
1311 705 1525 768 gentem
1546 693 1731 763 (Joan.
1765 710 1844 761 xi,
1862 692 1978 764 48).
2012 710 2032 747 ι

459 797 600 866 Quia
634 810 767 866 ergo
793 811 894 866 pro
931 791 1190 849 lidelitate
1209 788 1443 847 Caesaris
1464 804 1564 861 pro
1586 786 1908 844 defensione
1932 785 2040 842 loci

457 886 776 946 excellentis
796 893 852 941 et
873 885 1060 940 electae
1095 879 1273 952 gentis
1300 878 1454 934 illum
1495 876 1936 933 interficiendum
1962 874 2039 931 si·

456 981 668 1039 mulato
690 981 889 1036 timore
917 977 1216 1042 linxerunt,
1264 972 1320 1029 in
1366 973 1471 1030 ltoc
1500 971 1716 1043 laqueos
1745 969 2037 1027 absconde·-

458 1081 607 1141 runt,
631 1080 691 1128 ut
721 1071 813 1127 vix
843 1069 1044 1140 aliquis
1070 1066 1414 1137 intelligeret,
1448 1064 1595 1135 quod
1624 1078 1691 1119 ex
1736 1061 1940 1118 invidia
1966 1059 2038 1115 il·

456 1164 570 1220 lum
597 1162 983 1218 interficerent.
1017 1157 1149 1216 Ideo
1185 1157 1438 1213 dixerunt
1470 1171 1489 1210 .·
1525 1155 1663 1222 Quis
1699 1153 1894 1211 videbit
1922 1169 2034 1220 eos,

456 1256 670 1328 laqueos
700 1254 910 1311 scilicet
944 1252 1025 1308 sic
1060 1250 1448 1308 absconditos?
1483 1247 1605 1304 Non
1653 1248 1928 1313 tradatur,
1952 1245 2038 1302 in-

456 1348 675 1420 quiunt,
699 1360 795 1417 per
818 1359 942 1410 nos,
975 1342 1068 1399 sed
1095 1358 1196 1414 per
1224 1339 1577 1411 discipulum.
1606 1336 1722 1394 Non
1753 1336 2038 1393 occidatur

457 1455 490 1496 a
516 1437 699 1505 nobis,
727 1436 823 1493 sed
856 1452 887 1490 a
907 1435 1094 1507 judice
1126 1449 1193 1490 ac
1216 1432 1486 1489 militibus
1513 1431 1656 1502 ejus,
1697 1429 1884 1486 omnia
1920 1428 2038 1484 baec

457 1532 534 1588 ita
563 1546 659 1602 per
685 1529 826 1586 alios
857 1527 1150 1593 iaciamus,
1189 1534 1252 1584 ut
1288 1524 1425 1581 nibil
1477 1522 1678 1579 fecisse
1722 1521 2034 1588 videamur.

456 1623 536 1680 lta
569 1622 783 1694 laqueos
807 1620 1218 1676 abscondamus
1255 1615 1490 1672 dicendo
1522 1633 1536 1670 z
1571 1633 1589 1666 ι
1618 1612 1790 1669 Nobis
1823 1627 1936 1667 non
1976 1609 2038 1666 li-

454 1724 545 1773 cet
565 1715 867 1770 interlicere
882 1726 1211 1784 quemquam
1240 1705 1422 1782 (loen.
1443 1722 1599 1775 xvut,
1622 1707 1769 1778 :mn
1800 1713 1882 1773 ut,
1907 1717 2034 1760 cum

456 1806 622 1866 suerit
643 1814 836 1877 captus
862 1813 917 1860 et
941 1804 1141 1876 ligatus
1171 1802 1382 1873 laqueis
1411 1798 1639 1865 nostris,
1675 1812 1838 1853 nemo
1861 1811 2035 1868 agno-

457 1908 577 1957 scat
601 1897 750 1970 quod
778 1897 846 1952 ad
873 1911 976 1951 nos
1006 1894 1166 1966 culpa
1206 1892 1401 1948 mortis
1459 1888 1581 1961 ejus
1626 1887 1920 1959 pertineat,
1949 1886 2037 1957 vel

456 1991 603 2064 quod
632 2005 733 2045 nos
760 1989 988 2059 laqueos
1017 1985 1386 2058 posuerimus,
1420 1982 1622 2053 quibus
1643 1982 1900 2037 detentus
1916 1978 2037 2035 l'ue⁴

456 2083 546 2140 rit.
576 2081 713 2137 Nam
735 2082 853 2152 quis
875 2079 1068 2136 videbit
1095 2094 1180 2134 eos
1202 2077 1229 2132 .⁸
1256 2075 1393 2144 Quis
1423 2074 1622 2146 poterit
1641 2088 1856 2142 cavere,
1884 2073 1930 2129 si
1954 2071 2035 2130 sic

460 2180 761 2232 illifirnlns'?
797 2176 885 2228 filu

532 2272 696 2324 vens,
724 2272 773 2324 Ἰ,
805 2271 1041 2320 &crunni
1065 2274 1183 2321 sunt
1203 2264 1538 2336 iniquitates,
1563 2263 1617 2319 id
1642 2271 1726 2319 est
1756 2260 2038 2333 quomodo

452 2368 660 2436 justum
688 2364 993 2432 perderent,
1021 2376 1087 2414 ne
1113 2357 1356 2414 mundus
1386 2366 1511 2428 post
1531 2371 1657 2412 eum
1684 2354 1881 2421 abiret,
1907 2368 2032 2410 cum

456 2457 608 2529 ιμιιιιῑί
640 2473 732 2525 put·
761 2457 1069 2521 niquitatem
1091 2448 1433 2505 rationabilis
1451 2445 1646 2518 judicii
1671 2459 1796 2502 cum
1829 2443 2034 2515 iniquis

456 2557 761 2617 ruffinianus,
797 2557 849 2597 ιιι,
881 2549 1022 2593 inter
1061 2541 1301 2594 latrones
1357 2536 1518 2608 quasi
1555 2532 1878 2590 malefactor
1908 2547 2034 2589 sus·

456 2657 656 2709 primns
712 2637 781 2691 itti
841 2637 1045 2705 pmiret
1100 2649 1115 2686 ε
1167 2639 1230 2686 ιιι
1278 2630 1444 2686 etiam
1507 2643 1706 2686 nomen
1758 2628 2028 2700 perderet.

456 2710 478 2786 ι
522 2730 775 2801 Quando,
813 2749 832 2782 ι
880 2726 1157 2799 inquiunt,
1196 2743 1217 2778 t
1256 2723 1546 2792 morietur,
1597 2731 1651 2778 et
1700 2721 1898 2794 peribit
1931 2735 2034 2775 no·

450 2836 576 2878 men
612 2818 770 2890 eius?
799 2815 974 2890 (Paul.
1010 2831 1104 2880 ιι,
1125 2815 1207 2886 6.)
1233 2832 1254 2867 ι
1286 2811 1406 2871 Νοιι
1446 2821 1603 2869 erant
1633 2810 1872 2868 contenti
1902 2825 2032 2866 eum

450 2914 778 2978 interlicere,
796 2910 905 2966 nisi
923 2919 978 2966 et
1000 2923 1198 2965 nomen
1224 2922 1445 2979 quoque
1466 2906 1640 2977 ipsius
1658 2914 1883 2978 possent
1905 2905 2033 2960 abo-

450 3009 582 3064 lere.
596 3006 723 3063 ideo
744 3003 1050 3076 excogitata
1071 3012 1156 3058 est
1177 3016 1329 3057 mors
1354 2996 1744 3073 ignominiosa,
1769 3005 1831 3054 ut
1853 3005 2030 3054 morte

2147 508 2246 564 Dei
2274 517 2328 564 et
2360 507 2601 564 hominis
2621 507 2751 564 Jesu
2793 507 2999 564 Christi
3053 510 3311 582 absoipta
3345 513 3597 570 humanat
3614 533 3691 573 vo-

2142 599 2370 656 luntatis
2393 599 2759 656 mutabilitate
2786 601 2843 655 in
2892 599 3095 658 divinae
3123 602 3425 660 voluntatis
3462 617 3689 664 aeternam

2139 690 2511 758 stabilitatem,
2536 690 2591 746 in
2610 707 2716 762 qua
2734 706 2951 763 semper
2966 692 3079 748 ruit
3104 708 3197 747 cor
3218 692 3309 749 Dei
3327 692 3520 762 altum,
3543 699 3695 768 prius-

2138 797 2304 853 quam
2328 781 2611 838 accederet
2663 797 2759 839 eor
2797 782 3039 840 hominis
3066 785 3359 840 humillimi
3409 789 3476 842 ad
3508 790 3685 861 ipsum,

2140 889 2253 945 quo
2293 889 2521 931 accessu
2550 873 2876 931 voluntariae
2911 875 3236 932 obedientiae
3263 893 3329 933 ae
3365 879 3694 950 subjectionis

2140 969 2340 1024 meruit
2367 968 2599 1024 exaltari
2644 976 2757 1024 tota
2818 976 3015 1024 natura
3064 970 3301 1028 bominis
3345 970 3506 1043 juxta
3542 974 3692 1031 illud:

2146 1076 2165 1110 ι
2193 1056 2427 1128 Propter
2450 1058 2597 1130 quod
2630 1067 2685 1114 et
2714 1055 2860 1114 Deus
2885 1058 3038 1114 illum
3083 1062 3365 1130 exaltavit,
3398 1075 3462 1119 et
3497 1065 3694 1120 donarit

2139 1147 2215 1203 illi
2246 1163 2468 1214 nomen,
2498 1149 2647 1220 quod
2671 1156 2755 1204 est
2789 1163 2956 1220 super
2985 1163 3148 1205 omne
3197 1166 3398 1208 nomen
3450 1145 3689 1226 (Philipp.

2140 1255 2201 1306 ιι,
2226 1239 2305 1312 9).
2339 1259 2358 1293 ι
2393 1238 2562 1312 lgitur
2583 1240 2790 1296 accedet
2821 1240 2978 1296 homo
3007 1243 3077 1296 ad
3102 1259 3192 1298 cor
3210 1244 3405 1312 altum,
3433 1260 3542 1317 quo
3566 1247 3696 1303 dicto

2141 1320 2368 1389 ‘notatur
2399 1331 2722 1390 obedientiae
2747 1333 3029 1389 meritum.

2211 1425 2282 1480 Et
2306 1426 2634 1482 exaltabitur
2649 1426 2789 1482 Deus
2799 1469 2815 1495 ,
2829 1441 2944 1498 quo
2957 1426 3104 1483 dieto
3124 1438 3348 1486 notatur
3361 1448 3592 1489 summae
3610 1435 3700 1490 eel-

2138 1517 2394 1581 situdinis
2408 1518 2716 1593 praemium.
2741 1516 2799 1574 Si
2823 1518 2968 1574 enim
2989 1518 3139 1588 justo
3149 1521 3360 1591 judicio
3383 1522 3479 1579 Dei
3505 1542 3520 1579 :
3548 1545 3567 1577 t
3588 1523 3699 1581 Οιιι-

2139 1614 2245 1678 ιιὶε,
2262 1612 2355 1685 qui
2378 1627 2437 1668 se
2473 1611 2747 1681 humiliat,
2778 1612 3111 1668 exaltabitur
3136 1612 3291 1682 (Luc.
3329 1632 3415 1682 ιιι,
3440 1618 3521 1686 5),
3554 1638 3574 1671 ι
3606 1636 3699 1674 noa

2138 1706 2340 1762 mirum
2393 1703 2542 1776 quod
2598 1704 2683 1772 is,
2713 1704 2808 1776 qui
2840 1720 2967 1761 cum
2994 1705 3049 1761 in
3082 1706 3257 1764 forma
3304 1707 3402 1765 Dei
3456 1723 3623 1778 esset,
3655 1731 3702 1768 se

2140 1813 2251 1869 prae
2280 1797 2492 1853 caeteris
2516 1795 2692 1853 forma
2725 1798 2867 1853 servi
2895 1798 3225 1868 humiliavit,
3246 1816 3359 1872 prae
3396 1805 3611 1860 caeteris
3634 1817 3703 1861 est

2139 1888 2195 1944 in
2216 1889 2407 1945 eadem
2435 1887 2613 1946 forma
2637 1889 2779 1946 servi
2806 1891 3103 1958 exaltatuS,
3138 1905 3192 1948 et
3224 1891 3578 1951 consessione
3596 1912 3702 1952 om·

2136 1984 2444 2056 nisiinguae
2492 1983 2883 2055 glorificandus
2960 1993 3016 2040 et
3054 1985 3399 2055 exaltandus,
3471 1997 3635 2060 atque
3655 1990 3702 2042 ie

2136 2092 2352 2134 summa
2381 2076 2556 2153 gloria
2610 2076 2705 2133 Dei
2757 2075 2938 2133 Patris
2966 2079 3313 2136 venerandus
3342 2081 3511 2136 etiam
3541 2083 3596 2136 in
3624 2084 3704 2136 ἰὼ

2134 2180 2352 2236 natura,
2377 2187 2500 2242 quae
2529 2171 2599 2224 acl
2629 2187 2721 2225 cor
2751 2170 2921 2226 altum
2951 2171 3258 2227 accedendo
3277 2172 3379 2230 suit
3412 2174 3704 2229 humiliata.

2142 2262 2427 2318 videretur
2461 2262 2699 2319 sortasse
2727 2263 2931 2318 rectius
2973 2263 3125 2319 dici:
3167 2262 3516 2320 Exultabitur
3564 2264 3707 2320 Eone

2134 2357 2192 2412 in
2220 2356 2524 2428 prophetia,
2590 2372 2756 2428 quam
2790 2357 3119 2412 exaltabitur
3169 2356 3327 2423 Dens,
3373 2357 3621 2429 quicum
3646 2360 3709 2414 sit

2134 2447 2456 2502 naturaliter
2504 2446 2805 2504 altissimus
2856 2446 3123 2505 Altissimi
3154 2446 3351 2515 Filius,
3400 2464 3509 2505 non
3541 2461 3709 2521 potest

2133 2539 2364 2594 exaltari
2387 2538 2569 2596 altius.
2595 2538 2841 2595 Mortalis
2882 2549 3069 2597 autem
3104 2539 3272 2596 homo
3311 2539 3365 2594 in
3396 2539 3575 2595 Deum
3611 2542 3711 2595 im·

2134 2633 2417 2689 mortalem
2448 2648 2596 2689 nunc
2644 2633 2918 2690 exaltatus
2945 2642 3092 2689 recte
3138 2647 3238 2704 per
3261 2631 3597 2704 Prophetam
3623 2650 3714 2706 po-

2133 2733 2274 2781 terat
2307 2724 2592 2795 praedicari
2615 2717 2962 2782 exaltandus·
2982 2723 3188 2782 Verum
3204 2726 3334 2796 quia
3357 2724 3530 2782 [muri
3562 2738 3715 2783 etant

2133 2817 2394 2884 baeretici,
2435 2818 2531 2889 qui
2561 2818 2903 2887 divinitatem
2928 2818 3010 2875 sic
3047 2820 3396 2890 assignarent
3426 2818 3613 2877 Verbo
3632 2837 3716 2877 as·

2131 2911 2371 2967 sumenti
2410 2911 2685 2968 hominem
2712 2954 2729 2981 ,
2763 2921 2822 2967 ut
2845 2911 3035 2968 eadem
3057 2912 3353 2983 spoliarent
3368 2925 3715 2986 assumptu-

2130 3005 2411 3062 bominem
2447 3047 2466 3074 ,
2493 3006 2639 3062 sicut
2672 3004 2958 3063 Nestorius
2986 3017 3042 3062 et
3078 3006 3351 3074 Bonosus,
3369 3022 3622 3079 quorum
3642 3011 3715 3065 al-

450 3100 768 3172 turpissima
799 3098 1219 3162 condemnatus,
1244 3103 1300 3150 et
1328 3094 1471 3149 inter
1500 3092 1722 3163 iniquos
1742 3097 2029 3162 reputatus
2055 3111 2099 3171 c
2133 3104 2216 3153 ter
2247 3094 2398 3153 n‘ulla
2455 3097 2670 3153 ratione
2695 3138 2714 3165 ,
2769 3096 2907 3153 alter
2960 3096 3254 3167 adoptione
3287 3097 3402 3154 sola
3445 3098 3715 3155 duntaxat

450 3194 664 3250 nullum
707 3189 967 3261 deinceps
1007 3189 1166 3245 bonae
1204 3185 1486 3242 memoria>
1534 3199 1735 3239 nomen
1780 3183 2030 3250 baberet,

451 3301 552 3344 nee
597 3284 800 3356 aliquis
827 3282 1075 3339 crederet
1129 3279 1345 3335 venisse
1395 3276 1550 3334 illum
1591 3275 1940 3332 benedictum
1972 3274 2032 3329 iu

450 3381 676 3436 nomine
700 3376 915 3434 Domini
934 3372 1102 3447 (quod
1133 3372 1211 3428 illi
1235 3372 1672 3428 acclamaverant
1694 3367 1876 3440 pueri)
1899 3382 2030 3425 cum
2129 3383 2243 3430 tam
2296 3372 2473 3431 Verbo
2515 3390 2730 3447 semper
2785 3377 3095 3447 altissimo,
3143 3394 3307 3450 quam
3346 3380 3569 3437 homini
3605 3393 3720 3454 post

450 3471 731 3528 videretur
762 3468 1008 3541 pendens
1036 3466 1092 3522 in
1132 3465 1303 3538 liguo,
1344 3463 1475 3534 quia
1522 3463 1610 3544 lex
1636 3460 1773 3518 dicit
1799 3460 2031 3517 maledi-

450 3574 622 3636 ctum,
648 3564 744 3636 qui
764 3563 961 3636 pendet
989 3561 1045 3618 in
1074 3562 1247 3633 ligno.
1286 3558 1380 3616 Sic
1403 3557 1740 3616 simulabant
1765 3572 1824 3614 se
1846 3556 2030 3613 l'amu·

449 3658 551 3715 lari
573 3666 845 3730 praeeepto
885 3655 1022 3728 legis
1068 3651 1448 3710 maledicendo
1478 3659 1534 3708 et
1558 3651 1904 3707 seductorem
1929 3663 2031 3704 no-

449 3750 711 3809 minando
729 3764 877 3816 eum,
904 3747 998 3820 qui
1025 3745 1282 3818 pependit
1302 3744 1357 3800 in
1375 3743 1546 3816 ligno,
1567 3751 1830 3812 tanquam
1853 3739 2029 3796 simu·

448 3846 559 3902 lata
581 3845 812 3917 :equitas
837 3857 948 3899 non
977 3841 1051 3898 sit
1090 3838 1374 3911 iniquitas,
1412 3851 1539 3894 cum
1569 3834 1824 3892 simulata
1851 3832 2026 3903 aequi-

2131 3188 2412 3246 hominem
2465 3188 2635 3244 Deum
2690 3189 2975 3260 praedicari
3034 3190 3351 3256 concessit,
3374 3193 3719 3261 praveniens

2132 3280 2355 3338 eosdem
2405 3290 2462 3350 et
2511 3281 2719 3343 similes
2760 3297 2954 3340 eorum
3015 3282 3252 3356 Spiritus
3281 3285 3565 3356 veritatis,
3617 3304 3715 3343 non

2129 3465 2496 3523 obedientiam
2524 3468 2771 3525 exaltato
2812 3484 3013 3526 nomen
3066 3470 3205 3541 Dei,
3243 3472 3395 3544 quod
3432 3483 3522 3530 est
3562 3491 3720 3547 supa

2129 3575 2292 3618 omne
2328 3577 2524 3618 nomen
2549 3602 2566 3630 ,
2621 3563 2872 3633 attribuit
2924 3564 3153 3622 dicens:
3183 3565 3412 3621 Accedet
3451 3569 3645 3634 Ιιοιιιο,
3679 3578 3721 3624 et

2126 3652 2452 3710 exaltabitur
2500 3653 2661 3712 Deus.
2711 3653 2930 3712 Etenim
2970 3656 3088 3713 haec
3131 3665 3217 3713 est
3243 3658 3492 3714 hominis
3516 3673 3726 3716 ves-aet

2131 3746 2422 3805 ineffabilis
2459 3748 2726 3805 exaltatio
2754 3792 2770 3817 ,
2828 3759 2890 3806 ut
2933 3749 3326 3808 honorificetur
3361 3754 3582 3809 sumni
3633 3753 3725 3808 Dei
3799 3782 3800 3805 ι

2127 3856 2351 3898 summo
2375 3844 2789 3915 nomine,3qnod
2812 3852 3090 3915 estsuper
3120 3859 3285 3901 omne
3333 3862 3570 3902 nomen.
3609 3846 3727 3902 Cae·
3799 3874 3800 3919 1

447 3946 533 3994 ‘³⁸
554 3936 626 3993 *ἢ
656 3935 854 4006 ἅῦΡῙθΧ
884 3930 1169 4004 ἱῐὶῑίὶὓὶῑθθν
1201 3928 1352 4001 Ψῑῑδι
1380 3928 1514 3984 dum
1536 3922 1821 3982 Simulum
1849 3921 2025 3993 aeqssi·
2127 3931 2229 3988 teri
2251 3932 2502 3990 homines
2538 3934 2694 3990 electi
2715 3935 2843 4005 ,qui
2868 3935 3224 3991 nominantur
3244 3936 3326 3993 dii
3347 3936 3470 3994 sire
3489 3937 3602 3994 filii
3630 3938 3726 3993 Dei
3799 3946 3800 4011 ι

446 4027 580 4084 tatis
603 4025 856 4099 jungitur
886 4022 1188 4096 iniquitati,
1219 4035 1330 4076 non
1373 4017 1636 4089 iniquitas
1660 4013 2028 4080 annihilatur,
2125 4038 2222 4094 per
2266 4023 2577 4095 adoptionis
2598 4025 2831 4096 gratiam
2854 4067 2870 4092 ‚
2896 4041 2998 4098 pro
3028 4043 3227 4099 magno
3262 4029 3438 4085 divini
3465 4033 3727 4086 „nm
3799 4069 3800 4073 ,

446 4118 542 4174 sed
587 4117 923 4189 duplicatur,
963 4128 1091 4170 cum
1128 4122 1184 4169 et
1209 4111 1326 4183 ipsa
1378 4109 1659 4168 simulatio
1713 4120 1914 4180 magna
1952 4105 2026 4161 sit
2124 4115 2388 4173 beneficio
2413 4115 2731 4174 hamanis-,e
2768 4118 2875 4173 boc
2898 4134 3100 4176 „omen
3133 4122 3416 4193 accepisse
3441 4122 3517 4178 ,d
3558 4139 3727 4180 Μ..

446 4210 731 4283 iniquitas,
758 4208 1019 4274 maxime,
1049 4205 1273 4278 quando
1309 4218 1410 4275 per
1458 4218 1580 4259 eam
1629 4199 1943 4258 defenditur
1968 4206 2025 4254 et
2124 4220 2311 4261 suram
2359 4207 2722 4265 distribuente
2780 4206 2988 4280 Spiritu
3043 4221 3237 4267 sancto
3273 4213 3513 4285 siugulis
3562 4224 3726 4286 μω

442 4300 738 4383 robogatur
759 4299 931 4355 altera
955 4296 1241 4369 iniquitas.
2124 4297 2262 4354 vult.
2300 4296 2403 4355 Cui
2455 4308 2638 4356 autem
2660 4316 2768 4356 non
2816 4302 2887 4358 ad
2916 4317 3230 4359 mensuram
3260 4304 3435 4362 datus
3454 4316 3554 4363 est
3583 4308 3727 4363 iden

515 4392 712 4449 Omnia
742 4392 844 4447 ista
868 4389 1313 4446 machinamenta
1334 4386 1530 4444 callide
1559 4384 1857 4443 scrutando
1880 4384 2023 4442 nihil
2123 4386 2363 4464 Spiritus
2390 4394 2594 4465 quique
2617 4394 2686 4449 de
2709 4392 2917 4466 Spiritu
2938 4405 3132 4453 sancto
3157 4406 3240 4453 est
3260 4411 3605 4471 coner-ptus,
3628 4417 3725 4454 un-

443 4483 816 4557 prol'ecernnt,
847 4482 944 4539 sed
977 4481 1163 4554 potius
1184 4481 1488 4552 defecerunt
1506 4487 1804 4534 scrutantes
1826 4481 2024 4534 scruti-
2055 4456 2100 4512 D
2125 4485 2193 4540 de
2230 4493 2286 4540 et
2309 4484 2510 4540 summi
2541 4483 2744 4554 Patris,
2796 4486 2960 4559 cujus
2990 4486 3137 4544 idem
3166 4486 3603 4560 Spiritusamor
3621 4502 3726 4552 δι
3799 4516 3800 4521 “

443 4575 555 4642 nio,
587 4574 642 4631 id
688 4585 773 4633 est
817 4575 1189 4648 excogitantes
1242 4574 1442 4631 acerba
1468 4573 1719 4641 consilia,
1746 4587 1871 4644 quae
1908 4587 2021 4628 non

443 4672 738 4738 potuerunt
760 4666 1026 4723 stabilire.
1059 4664 1385 4738 Huiusmodi
1407 4664 1554 4723 enim
1576 4671 1786 4737 quanto
1805 4662 2031 4738 acutius·

441 4759 715 4832 cogitant,
767 4767 920 4816 tanto
977 4774 1011 4814 a
1077 4761 1306 4817 veritate
1350 4770 1406 4817 et
1461 4759 1716 4831 aequitate
1758 4757 2021 4814 deliciunt

440 4850 610 4908 mersi
638 4850 692 4907 in
717 4852 978 4919 tenebris,
1007 4853 1098 4908 ubi
1136 4868 1247 4909 non
1291 4851 1477 4910 vident
1510 4851 1708 4919 Deum,
1735 4860 1792 4906 et
1825 4858 2021 4922 putant

441 4957 502 5001 se
520 4956 633 4999 nou
653 4940 827 4999 videri
852 4958 884 4999 a
911 4941 1026 4999 Deo
1062 4962 1078 4998 z
1111 4943 1368 5000 videntur
1397 4953 1581 5000 tamen
1607 4957 1642 4998 a
1673 4942 1808 5009 Deo,
1827 4940 1921 5013 qui
1948 4939 2018 4995 ab

439 5033 523 5090 eis
541 5040 828 5105 reputatur
847 5034 1034 5100 homo,
1055 5042 1110 5089 et
1136 5048 1245 5089 non
1268 5033 1432 5102 Deus,
1458 5048 1583 5090 cum
1607 5033 1679 5089 sit
1699 5033 1816 5103 ipse
1840 5029 2022 5087 Homo

2122 4584 2269 4632 recte
2294 4574 2469 4633 Filius
2496 4577 2698 4633 dicitur
2726 4592 2821 4650 per
2857 4580 3290 4652 generationem,
3320 4598 3437 4637 non
3467 4600 3585 4654 per·
3603 4586 3728 4639 adt>

2119 4667 2390 4738 ptionem,
2418 4676 2625 4739 quanto
2643 4667 2981 4727 differentius
3001 4686 3115 4742 piae
3143 4674 3361 4730 trieteris
3383 4690 3607 4732 nome-
3640 4676 3727 4731 F»-

2120 4759 2178 4814 lii
2214 4758 2313 4814 Dei
2357 4759 2718 4828 haereditavit,
2767 4769 2919 4817 tanto
2968 4762 3321 4820 excellentius
3381 4781 3607 4823 none·
3636 4768 3726 4822 uei

2120 4846 2313 4905 habuit
2339 4849 2527 4917 homo,
2545 4863 2615 4905 ex
2641 4864 2753 4921 quo
2780 4850 2839 4905 iu
2870 4851 3081 4924 virgine
3119 4863 3427 4925 coneeptus
3454 4855 3601 4913 fuit.
3621 4857 3726 4914 Sed

2118 4941 2378 5011 quoniam
2400 4941 2707 4998 accedendo
2736 4941 2808 4996 ad
2845 4958 2938 4997 cor
2986 4942 3160 4998 cltum
3187 4946 3270 5001 sic
3313 4945 3729 5004 humiliatis!

2116 5030 2323 5104 ipsum,
2358 5040 2420 5088 ut
2456 5047 2656 5088 nomen
2704 5030 2801 5088 Dei
2849 5034 3130 5091 videretur
3154 5036 3208 5092 in
3234 5051 3306 5091 eo
3329 5039 3727 5102 exinanit-n,

440 5124 589 5183 Deus
628 5141 698 5183 ex
747 5127 935 5184 divino
986 5141 1090 5184 suo
1117 5128 1351 5184 consilio
1379 5128 1450 5183 ad
1494 5144 1610 5184 suae
1655 5125 2016 5181 humanitatis
2115 5126 2363 5197 quando,
2393 5126 2490 5198 qui
2524 5124 2669 5183 Deus
2704 5137 2868 5194 erat,
2896 5128 3086 5184 habitu
3123 5129 3500 5191 inventusest
3533 5145 3613 5190 ιι
3636 5135 3735 5189 bo-

439 5218 753 5288 passionem
782 5233 1144 5292 spontaneus.
1171 5219 1329 5277 Unde
1361 5240 1378 5276 t
2116 5231 2210 5273 mo
2240 5217 2517 5286 infirmus,
2562 5233 2672 5274 non
2708 5228 2768 5275 ut
2791 5218 2936 5277 Deus
2962 5219 3301 5278 fortissimus
3328 5237 3353 5277 .·
3386 5235 3559 5282 reete
3585 5227 3735 5282 sie-t

498 5305 678 5367 Ὑὲιιε.
701 5311 759 5367 8.
778 5312 1003 5368 Accedet
1035 5314 1190 5368 Ιιοιιιο
1235 5313 1308 5368 ad
1356 5329 1448 5368 cor
1491 5312 1684 5379 aleam,
1716 5311 1770 5367 id
1795 5320 1881 5369 est
1907 5312 2012 5367 bu·
2118 5308 2173 5364 in
2194 5324 2422 5366 accessu
2440 5309 2563 5380 ejus
2581 5310 2652 5364 ad
2673 5325 2771 5365 cor
2791 5311 2961 5366 altum
2981 5314 3381 5371 veneramur-in
3415 5331 3617 5375 ιιι-ια
3636 5319 3740 5372 bv

438 5418 603 5458 mana
629 5403 684 5459 in
722 5405 842 5476 ipso
871 5405 1124 5461 voluntas
1144 5405 1407 5475 jungetur
1436 5411 1492 5460 et
1527 5405 1792 5460 subdetur
1810 5402 2012 5461 divinae
2116 5400 2321 5457 minem
2355 5400 2705 5457 humiliatum
2729 5444 2751 5471 ,
2804 5411 2863 5459 et
2917 5403 3088 5461 Deum
3108 5404 3512 5478 exhaustum.
3561 5411 3664 5466 sie
3687 5410 3744 5465 ia
3799 5413 3800 5417 ’

437 5496 729 5566 voluntati,
766 5501 912 5556 sicut
932 5501 1068 5556 dicit
1097 5519 1112 5555 ι
1141 5517 1160 5551 t
1189 5497 1376 5563 Pater,
1400 5511 1513 5554 non
1543 5497 1687 5555 sieut
1726 5511 1830 5570 ego
1861 5499 2006 5566 volo,
2115 5496 2315 5553 throno
2349 5496 2538 5568 gloriae
2561 5493 2809 5554 Paterna
2849 5497 3020 5556 Deum
3072 5502 3415 5573 exaltatum,
3441 5505 3744 5562 ebt-i·

436 5587 532 5643 sed
563 5587 708 5643 sieut
754 5597 813 5644 tn
861 5591 947 5645 vis
987 5588 1208 5662 (ΠαιεΙι.
1232 5589 1517 5658 sinnas).
1557 5606 1577 5643 ι
1613 5589 1757 5661 Ergo
1795 5591 2007 5646 accedet
2112 5602 2237 5643 nem
2272 5588 2633 5659 praedicamus
2674 5592 3016 5662 absorptum,
3047 5608 3156 5650 non
3207 5597 3365 5666 quod
3396 5598 3752 5669 lto-oja-

436 5676 588 5729 bomo
608 5676 679 5731 ad
707 5695 800 5733 cor
818 5678 1011 5749 altum,
1035 5682 1166 5753 quia
1208 5681 1447 5738 hnmana
1476 5682 1730 5738 voluntas
1755 5682 2009 5756 jungitur
2110 5680 2278 5736 homo
2297 5695 2409 5737 non
2452 5683 2545 5752 sit,
2594 5684 2690 5740 sed
2719 5684 2867 5756 quod
2910 5695 3167 5743 manente
3207 5687 3462 5749 hominis
3514 5700 3749 5749 unz-n

434 5765 502 5819 ad
535 5766 779 5823 divinum
808 5771 1125 5840 consilium,
1145 5780 1206 5828 ut
1223 5772 1359 5831 velle
1388 5773 1688 5831 humanum
1722 5784 1888 5847 atque
1913 5774 2001 5833 di·
2107 5772 2263 5831 sitin
2298 5788 2516 5835 summa
2541 5774 2857 5835 Divinitatis
2887 5778 3085 5850 gloria.
3112 5776 3272 5838 Unde
3301 5782 3457 5840 sieut
3480 5782 3577 5840 ἰιι
3607 5799 3747 5856 pas-
