3817 6000
1822 106 1833 145 l

378 252 516 308 1727
1325 260 1630 318 cattttottl
1669 262 2059 322 Puslirost‘rt
2101 267 2647 330 nssluttssttst’EnG.
3490 277 3620 332 {723

368 373 678 442 priusquam
701 369 1051 443 intelligerent
1077 376 1241 446 spinoe
1267 385 1448 432 restroe
1473 378 1774 447 rhamnum,
1792 381 1844 439 id
1864 391 1953 439 est
1978 390 2022 446 A
2054 389 2318 459 sanguine
2334 390 2656 458 peccatoris·
2680 386 2739 444 ln
2757 398 3106 459 peccatorum
3134 390 3480 447 morientium
3506 408 3624 447 san-

371 464 691 534 priusquam
720 465 935 520 vexatio
961 467 1152 522 ultima
1187 468 1527 524 intellectum
1548 470 1703 526 daret
1733 472 1948 529 auditui

368 564 572 611 vestro.
621 556 880 613 Similiter
914 575 1032 625 vos,
1071 558 1191 616 salsi
1235 559 1557 627 Christiani,
1595 565 1948 623 adversantes

369 648 588 704 Christo
604 659 655 705 et
669 649 911 707 faventes
924 652 1399 721 Anticln·is!0,ja1n
1418 657 1731 725 mysterium
1748 658 1952 730 iniqui-

370 744 499 797 tatis
529 744 794 812 operanti,
826 743 1144 815 priusquam
1172 745 1492 817 intelligant,
1528 749 1581 803 id
1607 759 1717 813 est,
1751 751 1949 806 intelli·

374 851 500 906 gere
524 850 620 889 vos
640 834 1020 907 sariantapinoe
1037 850 1241 904 vestrm,
1271 841 1320 895 id
1343 849 1446 906 est,
1467 857 1641 912 poenm
1657 846 1811 902 vobis
1831 848 1953 903 the·

369 930 677 994 saurizatze,
710 930 888 998 ipsum
915 930 1313 988 Antichristum
1341 948 1451 988 non
1483 935 1642 991 vitem
1678 952 1822 1003 esse,
1853 938 1949 994 sed

367 1029 658 1081 rhamnum
685 1043 700 1093 3
745 1027 918 1097 prius,
953 1028 1199 1098 inquam,
1232 1031 1371 1083 sicut
1405 1022 1629 1087 viventes
1659 1034 1736 1088 sic
1766 1034 1820 1087 in
1865 1035 1950 1088 ira

367 1119 606 1174 absorbet
639 1136 736 1175 vos
768 1121 906 1191 ignis
937 1120 1030 1178 irae
1059 1122 1298 1178 coelestis
1323 1124 1390 1178 de
1419 1125 1650 1181 rhamno
1670 1142 1947 1197 egressus.

365 1210 514 1267 Bene
545 1213 669 1269 dico
698 1199 792 1268 vos
815 1229 923 1269 non
946 1216 1213 1283 viventeS,
1243 1216 1335 1271 sed
1370 1217 1506 1271 sicut
1531 1219 1787 1286 viventes,
1818 1222 1947 1291 quia

366 1316 477 1363 nou
522 1319 647 1359 vere
693 1304 895 1369 vivitis,
924 1304 1185 1359 videmini
1221 1314 1398 1360 tamen
1454 1306 1636 1362 vivere
1682 1309 1948 1366 arbitratu

367 1402 575 1461 vestro,
612 1410 736 1450 cum
762 1396 883 1451 sitis
907 1395 1138 1452 vivendo
1164 1398 1388 1453 mortni.
1441 1398 1684 1468 sienim,
1722 1421 1740 1453 ι
1779 1402 1949 1459 vidua

367 1487 423 1541 in
450 1489 659 1544 deliciis
688 1490 876 1547 vivens
906 1500 1124 1546 mortua
1155 1502 1238 1548 est
1263 1492 1317 1561 (Ι
1344 1493 1479 1550 Tim.
1503 1512 1553 1562 v,
1576 1496 1655 1564 6),
1696 1518 1715 1549 ι
1760 1499 1950 1569 utique

365 1589 423 1634 et
451 1595 549 1635 vos
581 1582 633 1635 in
678 1580 892 1637 deliciis
936 1582 1182 1639 viventes
1208 1586 1408 1641 mortui
1457 1587 1610 1646 estis,
1642 1587 1775 1643 item
1812 1590 1951 1646 benc

368 1676 488 1722 *lim
516 1676 580 1724 d·-
624 1676 805 1741 jwlim*
849 1676 1017 1740 justu,
1060 1675 1208 1747 quod
1239 1679 1425 1733 nonin
1451 1679 1552 1745 ira,
1595 1682 1687 1736 sed
1714 1682 1852 1736 sicut
1891 1684 1950 1738 in

368 1764 448 1812 ιω
476 1764 713 1816 ciminia-i
753 1788 845 1816 ms
873 1788 881 1832 g
917 1767 1176 1836 qai-uniam
1214 1767 1304 1824 ille
1331 1771 1539 1841 absque
1571 1772 1650 1827 ira
1682 1775 1952 1845 tranquil-

372 1856 456 1908 1ης,
480 1856 709 1924 juliis-at„
737 1860 825 1912 affl!
865 1864 937 1912 iza
977 1860 1188 1915 uidetur
1214 1862 1497 1933 ejus-iusta
1526 1864 1683 1931 ultio,
1715 1882 1838 1936 qnae
1869 1878 1952 1923 ta-

368 1964 490 1996 mvn
528 1964 632 2000 nnn
656 1960 737 2000 ml
769 1952 837 2000 im
873 1950 1098 2004 iiim-uda
1131 1951 1214 2005 vel
1259 1966 1359 2022 pro
1407 1953 1606 2010 divinae
1634 1957 1949 2027 tranquilli-

372 2045 496 2093 tam
548 2045 974 2109 ῑηιμιη-ιιιιτιιιιεηΙι·
1017 2041 1300 2110 suavitate,
1332 2043 1417 2102 vel
1446 2060 1546 2114 pro
1578 2048 1806 2117 majoris
1853 2049 1950 2104 irae

368 2133 825 2193 tarasiamalitam,
873 2153 993 2201 qna·
1021 2135 1302 2204 apparebit
1332 2136 1387 2190 in
1417 2137 1506 2191 die
1534 2138 1628 2194 irae
1659 2149 1715 2194 et
1742 2140 1952 2196 revela-

372 2225 532 2277 tinnis
572 2225 701 2289 jur-,ti
749 2225 881 2293 julli.
909 2229 937 2281 ii
997 2225 1110 2289 ilci,
1173 2227 1394 2297 qnatnlo
1434 2229 1600 2284 etiam
1651 2231 1953 2305 intelligent

372 2317 536 2383 agnina:
564 2329 753 2369 rtatim
781 2337 785 2369 ι
809 2321 1088 2384 namnum,
1125 2319 1177 2374 id
1204 2330 1287 2376 est
1315 2321 1537 2391 quando
1564 2338 1738 2393 poenae
1761 2334 1953 2384 vestrae

367 2410 668 2478 intelligere
689 2425 788 2466 vos
817 2409 1017 2469 facient
1044 2413 1465 2472 Antichristum.

441 2500 498 2556 ln
529 2500 758 2559 liebraeo
789 2504 870 2560 sic
911 2504 1112 2577 legitur
1142 2523 1154 2559 :
1182 2506 1478 2580 Antequam
1506 2524 1743 2567 crescant
1783 2516 1953 2584 spinae

369 2605 554 2649 vestrae
578 2597 635 2650 in
665 2595 967 2665 rhamnum,
998 2600 1152 2671 attasi
1176 2602 1425 2670 viventes,
1449 2605 1604 2675 quasi
1629 2606 1685 2659 in
1713 2607 1796 2660 ira
1818 2616 1951 2661 tent·

368 2689 587 2758 pestatis
617 2689 787 2758 rapiet
812 2708 920 2758 eos,
952 2693 1097 2762 quod
1129 2702 1213 2749 est
1242 2694 1425 2752 dicere
1458 2715 1472 2750 :
1503 2696 1811 2768 Antequam
1835 2701 1953 2754 cnl-

369 2796 452 2851 pae
485 2792 678 2838 vestrae
704 2800 818 2839 suae
848 2785 1068 2841 malitia:
1092 2786 1431 2844 incremento
1461 2801 1852 2860 repraesentent
1897 2793 1951 2848 in

369 2875 526 2930 vobis
550 2888 713 2946 caput
742 2886 982 2931 vestrum
1015 2875 1436 2947 Antichristum‚
1482 2883 1644 2952 quasi
1675 2884 1950 2952 viventeS,

370 2970 527 3039 qnasi
559 2972 612 3025 in
651 2970 729 3025 ira
757 2971 1094 3041 tempestatis
1126 2972 1300 3044 rapiet
1322 2990 1439 3031 τοῦ.
1469 2973 1560 3032 Sic
1581 2977 1647 3033 ad
1676 2994 1774 3034 vos
1800 2978 1950 3049 ipsos

2051 478 2215 549 guine
2234 479 2365 549 iusti
2390 480 2643 535 lavantur
2662 496 2880 544 manus.
2909 482 3063 551 quia,
3088 483 3220 536 dum
3249 498 3441 538 eorum
3468 499 3623 554 piena

2051 574 2406 643 conspicitur,
2440 576 2831 646 conspicientis
2859 579 2970 632 vita
2998 576 3311 632 mundatur.
3355 597 3373 631 ο

2121 684 2336 741 Aliter:
2371 685 2660 742 Rhamnus
2706 696 2791 742 est
2842 687 3014 743 herba
3061 688 3217 758 prius
3262 688 3462 751 mollis
3507 705 3626 760 quae

2052 788 2177 849 post
2205 779 2430 834 vertitur
2468 778 2521 832 in
2565 779 2769 848 spinas.
2827 778 3109 849 Signilicat
3155 789 3337 835 antem
3380 791 3621 851 peccata,

2050 889 2174 943 quoe
2201 872 2255 926 in
2308 872 2412 927 bac
2451 871 2556 926 vita
2584 871 2877 937 delectant,
2925 882 3113 942 postca
3162 883 3432 944 pungunt.
3489 873 3621 929 Dum

2052 978 2182 1018 vero
2206 962 2496 1029 delectant,
2527 962 2573 1016 si
2596 962 2722 1033 quis
2744 960 2985 1017 suturam
3012 979 3117 1018 non
3153 962 3361 1034 cogitat
3379 966 3625 1034 punctio·

2053 1070 2199 1123 nem,
2224 1071 2331 1110 non
2358 1055 2609 1125 iutelligit
2626 1054 2939 1109 rhamnum.
2967 1054 3024 1108 ld
3054 1055 3202 1112 enim
3220 1064 3305 1111 est
3331 1056 3627 1127 intelligere

2052 1146 2372 1212 rhamnum,
2404 1145 2706 1209 attendere,
2737 1145 2883 1214 quod
2916 1145 3033 1200 haec
3059 1146 3441 1201 delectationis
3485 1147 3622 1201 mol-

2050 1238 2194 1295 lities
2227 1246 2350 1307 post
2377 1239 2432 1292 in
2455 1246 2728 1292 tormenta
2757 1239 3033 1292 durescat.
3068 1236 3251 1308 Spinae
3293 1255 3423 1293 vero
3446 1240 3624 1293 rham-

2051 1347 2181 1389 num
2210 1332 2530 1402 intelligent‚
2573 1347 2699 1386 cum
2729 1332 3103 1402 experimento
3135 1346 3421 1402 poenarum
3478 1332 3624 1403 impii

2052 1425 2415 1490 docebuntur,
2440 1425 2587 1496 quod
2617 1441 2762 1480 nunc
2791 1441 2888 1480 cos
2914 1440 3155 1494 praesens
3185 1424 3321 1478 saltn
3350 1425 3623 1480 mollitias.

2051 1515 2272 1572 interim
2312 1532 2466 1582 vero,
2522 1517 2575 1570 id
2617 1525 2721 1582 est,
2772 1517 3080 1587 priusquam
3110 1516 3414 1587 intelliqant
3463 1519 3629 1586 spine

2053 1618 2235 1665 vestra·
2272 1608 2572 1672 rhamnum,
2606 1608 2691 1663 vel
2747 1608 2889 1662 sicut
2942 1608 3049 1662 alia
3105 1607 3391 1662 translatio
3420 1608 3624 1662 nabet:

1984 1735 2024 1789 Β
2058 1701 2379 1773 Priusquam
2424 1701 2682 1770 producat
2711 1700 2892 1769 spinas
2930 1709 3129 1754 vestras
3178 1699 3452 1765 rhamnus,
3483 1699 3629 1769 quod

2053 1794 2197 1850 idem
2235 1803 2340 1861 est,
2390 1793 2443 1848 id
2491 1802 2576 1849 est
2620 1793 2939 1864 priusquam
2978 1792 3314 1862 voluptatum
3360 1801 3631 1846 tormenta

2051 1887 2370 1957 procedant,
2395 1885 2487 1941 liic
2507 1900 2726 1955 quoque
2756 1900 2915 1954 poena
2946 1901 3052 1940 non
3080 1892 3286 1939 carent.
3326 1882 3463 1939 Nam
3492 1885 3631 1952 ignis

2050 1978 2335 2045 vitiorum,
2386 1979 2481 2046 qui
2521 1975 2884 2046 supercecidit
2909 2018 2923 2041 ‚
2976 1977 3233 2032 absorbet
3288 1991 3405 2043 eos,
3456 1976 3508 2030 id
3547 1984 3635 2030 est

2050 2084 2241 2124 eorum
2274 2069 2439 2125 vitain
2472 2070 2671 2122 malam
2703 2071 2962 2133 occultat,
2996 2077 3055 2123 ut
3083 2067 3375 2123 rhamnum
3410 2083 3520 2122 non
3544 2066 3628 2121 vi·

2051 2163 2234 2229 deant,
2268 2162 2319 2216 id
2347 2170 2450 2226 est,
2498 2170 2558 2216 ut
2607 2161 2821 2216 futuras
2854 2163 3041 2230 spinas
3081 2176 3188 2215 non
3226 2161 3484 2226 credam
3512 2173 3634 2225 coz,

2050 2254 2195 2320 dico,
2243 2270 2348 2310 non
2393 2256 2660 2320 viventes,
2713 2253 2806 2309 scd
2837 2256 2973 2307 sicut
3026 2255 3271 2318 rit-entes,
3298 2253 3392 2323 qui
3424 2252 3633 2307 scilicet

2050 2361 2177 2400 vere
2210 2361 2318 2400 non
2358 2345 2566 2407 vivunt,
2596 2345 2693 2401 sed
2741 2347 2923 2401 vivere
2947 2345 3050 2399 sibi
3077 2346 3349 2400 videntur.
3376 2344 3634 2398 Absorbet

2051 2455 2137 2494 eos
2168 2454 2387 2513 qnoque
2410 2453 2514 2494 non
2540 2439 2595 2491 in
2627 2438 2729 2505 ira,
2759 2437 2855 2493 sed
2881 2439 3019 2491 sicut
3043 2440 3097 2492 in
3129 2439 3234 2500 ira,
3274 2437 3401 2507 quia
3426 2437 3639 2496 scilicet

2052 2545 2160 2585 non
2200 2538 2286 2584 est
2320 2530 2398 2584 ira
2422 2531 2831 2599 comparatione
2857 2529 3055 2586 suturae
3079 2530 3194 2597 irae,
3226 2529 3308 2584 vel
3336 2531 3466 2599 quia
3492 2540 3639 2584 tran·

2051 2622 2255 2695 quillus
2277 2621 2505 2689 judicat.
2540 2621 2840 2677 Loetabitur
2860 2623 3062 2693 justus.
3082 2621 3214 2678 Pars
3235 2624 3413 2693 tertia,
3444 2624 3500 2677 in
3527 2639 3638 2694 qua

2052 2719 2317 2773 correctio
2340 2716 2617 2787 justorum
2649 2718 2716 2774 de
2743 2718 2945 2774 ultione
2977 2719 3317 2789 iniquorum,
3342 2720 3474 2789 quia
3498 2719 3638 2788 iynis

2053 2812 2291 2868 absorbet
2321 2830 2429 2868 eos.
2459 2810 2571 2868 Hoc
2599 2821 2779 2868 autem
2815 2827 2923 2867 non
2970 2813 3090 2867 sine
3123 2811 3300 2867 fructu
3319 2813 3481 2882 fusti,
3507 2828 3643 2866 nam

2050 2904 2232 2975 justus
2262 2904 2430 2974 (quod
2470 2904 2659 2974 utique
2681 2919 2748 2959 ex
2793 2918 2859 2958 eo
2889 2913 2991 2968 est,
3024 2904 3168 2972 qnod
3197 2902 3413 2967 credit),
3438 2901 3542 2958 etsi
3569 2903 3645 2956 sit

2054 2995 2108 3050 in
2137 3011 2202 3052 eo
2231 2996 2438 3067 aliquid
2481 2995 2795 3062 lavandum,
2823 2994 3094 3051 toetubnnr
3124 3008 3181 3050 ut
3201 2995 3384 3063 justus
3401 2995 3471 3049 de
3492 2995 3648 3049 bono

371 3060 520 3131 ῙΟΨΙῙ
553 3062 805 3117 deberem
834 3063 880 3119 Si
909 3064 1120 3132 Ρθῑῦῗθθ
1155 3081 1316 3122 aures
1339 3068 1600 3137 ³1³¹¹11V⁰S
1628 3070 1950 3132 invenire¹¹¹·
1983 3082 2021 3137 C
2056 3104 2180 3156 suo,
2222 3090 2436 3144 etiamsi
2460 3091 2528 3144 ad
2558 3099 2772 3160 tempus
2802 3087 3065 3143 molestiis
3088 3103 3310 3158 pressus
3345 3087 3642 3144 tristatur:

373 3152 480 3210 Sed
511 3154 640 3224 qnia
679 3153 835 3211 furor
862 3166 946 3212 est
987 3158 1139 3214 vobis
1188 3160 1489 3216 secundum
1538 3162 1954 3221 similitudinem

372 3247 660 3317 serpentiS,
684 3257 738 3304 et
767 3249 908 3305 sicut
932 3250 1136 3324 aspidis
1159 3251 1341 3309 surdae
1377 3264 1430 3309 et
1450 3255 1774 3312 obdurantis
1793 3274 1958 3314 aures

373 3356 528 3404 suas,
578 3340 632 3395 in
672 3341 850 3398 medio
893 3358 1146 3399 sermone
1191 3344 1253 3401 fit
1291 3347 1522 3403 mutatio
1568 3363 1953 3418 personarum.

374 3432 510 3489 Nam
541 3449 668 3490 cum
698 3434 767 3491 ad
791 3452 887 3491 vos
913 3437 1037 3493 dico
1070 3453 1083 3492 :
1115 3437 1439 3511 Priusquam
1471 3441 1821 3513 intelliqerent
1843 3446 1959 3515 spi-

375 3543 458 3582 nae
488 3535 671 3582 vestroe
697 3527 976 3582 rhamnum
1026 3541 1247 3601 repente
1290 3548 1318 3587 a
1346 3533 1502 3591 vobis
1540 3543 1800 3607 tanquam
1832 3554 1959 3594 sur-

374 3620 462 3677 dis
494 3620 684 3676 audire
722 3635 824 3675 nec
874 3622 1205 3691 volentibus,
1240 3639 1340 3681 nec
1382 3626 1689 3683 valentibus
1733 3644 1960 3685 aversus

376 3710 443 3765 ad
489 3712 745 3769 cordatos
771 3714 1052 3771 auditores
1084 3714 1280 3786 loquor
1319 3715 1388 3770 de
1431 3715 1588 3772 vobis
1628 3716 1701 3772 ita
1727 3718 1955 3772 dicens:

377 3800 527 3857 Sicut
553 3805 798 3873 viventes,
816 3806 954 3861 sicut
971 3806 1026 3860 in
1054 3807 1140 3860 ira
1163 3806 1407 3863 absorbet
1426 3824 1539 3863 eos.
1563 3807 1640 3864 Ac
1666 3810 1714 3865 si
1741 3808 1920 3865 dicam
1944 3829 1959 3865 :

375 3896 554 3954 Nolite
584 3915 701 3968 vos,
734 3900 830 3972 qui
868 3915 1030 3957 aures
1066 3900 1324 3957 audiendi
1360 3901 1594 3966 bahem,
1632 3902 1834 3958 imitari
1865 3919 1961 3961 as-

376 3990 532 4066 pides
577 3990 729 4059 istaS,
777 3992 980 4064 quihus
1006 3993 1266 4050 diuturna
1317 3994 1658 4065 prosperitas
1693 4011 1802 4051 non
1835 3996 1961 4065 erit,

377 4082 506 4153 quia
530 4082 713 4139 divina
744 4083 899 4152 ultio,
928 4085 1067 4140 sicut
1086 4086 1331 4155 viventes,
1365 4088 1503 4142 sicut
1526 4087 1583 4141 in
1610 4088 1694 4144 ira
1723 4088 1967 4145 absorbet

377 4191 485 4240 eoa,
516 4184 570 4231 ct
596 4184 722 4232 ante
743 4177 995 4233 ultimum
1023 4178 1312 4249 judicium,
1337 4179 1492 4250 prius
1516 4179 1765 4237 videlicet
1798 4197 1965 4252 qnam

380 4272 688 4343 intelligant
708 4272 881 4342 spinae
905 4273 1149 4342 ipsorum
1173 4273 1489 4339 rhamnum,
1508 4273 1653 4328 etita
1677 4274 1965 4331 manifesta

381 4362 506 4429 erit,
535 4363 702 4418 etiam
731 4362 784 4417 in
814 4363 918 4418 hac
961 4363 1070 4418 vita
1112 4378 1277 4432 super
1305 4378 1399 4419 eos
1432 4364 1615 4420 divina
1662 4365 1962 4437 correptio,

383 4462 442 4513 ut
462 4451 586 4508 inde
619 4453 902 4522 proveniat
931 4453 1239 4523 aliquorum
1271 4455 1558 4512 correctio.
1583 4454 1719 4513 Nam

460 4541 621 4599 Vsus.
653 4544 737 4599 lt.
764 4542 1062 4600 Laetabitur
1074 4545 1278 4616 justus,
1304 4564 1423 4602 cum
1443 4549 1628 4605 viderit
1647 4552 1965 4621 vindictam,-

385 4652 573 4693 manus
619 4654 743 4692 suas
785 4637 982 4693 lavabit
1038 4640 1095 4693 in
1144 4641 1400 4712 sanquine
1446 4647 1757 4711 peccatoris.
1790 4644 1968 4717 Super

388 4728 535 4783 lnmc
580 4728 757 4784 locum
788 4728 981 4787 beatus
1022 4729 1319 4802 Gregorius
1359 4734 1491 4790 dicit
1533 4736 1588 4790 in
1631 4735 1774 4794 lob:
1813 4738 1965 4812 (¹56)

393 4839 412 4873 t
442 4818 690 4892 Plerique
711 4822 842 4877 dum
866 4822 1105 4878 alienum
1122 4835 1402 4895 peccatum
1428 4829 1792 4899 conspiciunt,
1817 4847 1969 4888 revo-

389 4921 586 4972 cantur
608 4914 675 4970 ad
713 4930 828 4984 cor,
870 4924 931 4972 ut
973 4918 1271 4983 recogitent
1302 4934 1488 4976 suum.
1529 4920 1685 4978 Unde
1726 4924 1868 4979 alius
1896 4925 1967 4980 ad

391 5019 658 5067 tormenta
678 5009 976 5079 ducitur,a
1001 5023 1275 5070 tormento
1317 5013 1458 5069 alius
1502 5014 1628 5070 inde
1677 5015 1962 5075 liberatur.

390 5101 672 5174 Conspicit
716 5119 952 5176 namque
979 5105 1036 5162 in
1081 5106 1258 5163 aliena
1287 5122 1448 5178 poena
1479 5107 1625 5179 quod
1674 5109 1882 5177 timeat,
1915 5120 1971 5166 et

389 5197 519 5253 dum
547 5196 950 5268 delinquentem
976 5200 1056 5256 sic
1079 5216 1401 5271 percussum
1425 5203 1663 5273 respicit,
1702 5203 1970 5261 dissoluta

394 5304 494 5345 sua
515 5302 679 5359 opera
699 5290 926 5361 justitiae
952 5293 1140 5365 vigore
1181 5294 1525 5365 constringit.
1554 5293 1755 5364 Sicque
1781 5294 1841 5350 tit
1884 5303 1969 5364 ut,

394 5379 525 5450 quia
551 5380 772 5451 iniquus
797 5383 985 5439 vivens
1014 5384 1217 5441 multos
1266 5384 1333 5440 ad
1363 5386 1579 5455 culpam
1603 5393 1843 5440 traxerat
1873 5386 1971 5443 de-

397 5472 684 5529 lectatione
703 5476 933 5545 peccati,
960 5478 1227 5547 quosdam
1251 5478 1492 5536 moriens
1512 5493 1543 5535 a
1572 5479 1730 5550 culpa
1754 5490 1972 5537 revocet

399 5571 607 5618 terrore
654 5570 930 5634 tormenti,
965 5584 1270 5641 manusque
1299 5586 1430 5627 snas
1473 5572 1674 5629 lavabit
1697 5572 1873 5645 justus
1914 5574 1969 5629 in

473 5742 621 5812 (150)
646 5744 769 5804 Lib.
788 5762 920 5803 xvni
945 5745 1134 5803 Moral.
1161 5763 1281 5821 cap.
1310 5749 1397 5805 at.

2058 3184 2178 3240 sine
2204 3183 2371 3239 dubio
2403 3183 2696 3250 loetabitur,
2728 3199 2848 3236 cum
2886 3183 3094 3247 viderit,
3143 3183 3194 3237 id
3222 3191 3326 3248 est,
3356 3183 3649 3238 intellexe-

2059 3282 2132 3337 rit
2170 3282 2456 3336 rindictam
2493 3283 2634 3336 lianc
2668 3283 2857 3353 utique
2887 3289 3232 3350 praesentem.
3260 3278 3400 3335 Nam
3438 3280 3651 3337 lat-abit

2059 3390 2246 3429 ntanus
2277 3390 2403 3429 suas
2444 3375 2500 3427 in
2528 3376 2786 3447 sanquine
2822 3376 3137 3445 peccatoris,
3169 3373 3220 3428 id
3261 3384 3365 3437 est,
3398 3374 3655 3430 attendet

2062 3465 2289 3535 impium
2333 3473 2670 3536 pereuntem,
2703 3476 2757 3521 et
2789 3480 2954 3536 opera
2988 3482 3085 3521 sua
3115 3484 3145 3520 a
3170 3468 3409 3535 peccatis
3443 3482 3655 3537 purga·

2061 3558 2158 3622 bit,
2210 3558 2353 3613 sicut
2400 3557 2657 3614 Salomon
2691 3558 2808 3614 ait:
2846 3578 2865 3611 ι
2902 3557 3082 3614 Stulto
3133 3567 3392 3628 pereunte
3422 3558 3659 3628 sapiens

2061 3650 2293 3705 astutior
2323 3651 2386 3706 sst
2421 3649 2602 3722 (Pron.
2635 3667 2749 3718 xix,
2778 3651 2895 3721 25.)
2942 3670 2962 3703 ι

2134 3781 2298 3843 Vens.
2327 3783 2416 3839 12.
2450 3782 2523 3839 Et
2544 3784 2681 3839 dicet
2703 3784 2859 3839 homo
2885 3800 2903 3838 .·
2936 3784 2997 3839 Si
3018 3785 3200 3856 utique
3220 3792 3298 3838 est
3321 3783 3530 3853 [ruem
3554 3782 3658 3853 ju-

2061 3885 2165 3944 σεο,
2196 3876 2376 3948 utique
2402 3886 2481 3933 est
2522 3876 2665 3933 Deus
2684 3877 2938 3947 judicans
2978 3893 3066 3931 eos
3091 3877 3148 3931 in
3185 3885 3347 3931 terra.
3377 3875 3660 3932 camiac»

2060 3973 2179 4020 rata
2204 3965 2456 4022 videlicet
2492 3966 2784 4039 impiorum
2819 3966 3060 4023 vindicta
3085 3967 3225 4022 dicet
3248 3967 3425 4033 leonto,
3446 3966 3537 4021 cui
3564 3975 3662 4022 cst

2061 4057 2347 4114 rationalis
2384 4058 2707 4124 intellectus,
2740 4075 2841 4115 nac
2870 4059 3207 4115 assimilatur
3219 4074 3363 4129 equo
3383 4067 3441 4113 et
3470 4059 3658 4124 mulo,

2065 4151 2268 4222 quibus
2293 4165 2403 4206 non
2434 4158 2517 4206 est
2545 4150 2873 4218 intellectus,
2898 4151 3024 4207 talis
3052 4151 3208 4204 homo
3236 4150 3373 4205 dicet
3407 4150 3563 4221 apud
3596 4166 3663 4207 sc

2066 4242 2358 4301 tractando
2385 4243 2683 4315 sapienter,
2720 4244 2867 4315 quod
2900 4259 3010 4298 non
3047 4258 3177 4299 casu
3210 4243 3348 4300 liunt
3368 4242 3426 4296 in
3462 4243 3661 4314 impiis

2067 4337 2170 4394 ista
2192 4337 2420 4408 judicia,
2450 4335 2547 4392 sed
2577 4335 2758 4408 utique
2777 4347 2853 4391 est
2875 4334 3018 4391 Deus
3030 4335 3280 4407 judicans
3308 4350 3394 4388 eos
3429 4335 3486 4387 in
3504 4344 3662 4388 terra

1996 4440 2041 4495 1)
2072 4429 2195 4497 ista,
2224 4429 2319 4484 ubi
2340 4427 2533 4485 florere
2552 4425 2824 4483 videntur.
2846 4426 3003 4494 Quod
3028 4443 3061 4484 a
3083 4426 3361 4484 contrario
3379 4427 3665 4497 probatur

2068 4524 2125 4579 in
2147 4540 2233 4593 eo,
2293 4525 2440 4597 quod
2465 4526 2628 4582 etiam
2654 4527 2805 4598 justo
2837 4526 2931 4597 qui
2981 4525 3171 4581 videns
3198 4524 3497 4580 vindictam
3539 4541 3667 4577 ma-

2069 4632 2168 4674 nus
2198 4632 2322 4671 suas
2345 4619 2476 4674 lavit
2503 4620 2561 4674 in
2581 4621 2839 4692 sanquine
2862 4628 3217 4690 peccatorum,
3243 4617 3413 4688 judex
3454 4618 3513 4672 in
3549 4626 3670 4671 te·

2070 4724 2130 4764 ra
2171 4709 2274 4765 ista
2330 4712 2423 4767 ubi
2453 4714 2740 4784 premitur,
2777 4713 2967 4782 utique
3003 4727 3113 4767 non
3144 4712 3317 4777 deest,
3364 4710 3483 4765 imo
3542 4711 3671 4781 ipse

2071 4804 2214 4862 Deus
2244 4805 2409 4877 judex
2440 4805 2645 4875 [ructus
2678 4804 2850 4876 ipsius
2888 4803 3023 4874 justi
3049 4812 3155 4869 est,
3194 4820 3345 4860 nune
3370 4805 3542 4862 illum
3574 4808 3671 4879 j·-

2070 4899 2380 4963 stiticando,
2421 4907 2482 4953 ut
2510 4897 2603 4967 qui
2640 4896 2825 4967 justus
2867 4896 3303 4967 estjustisscetur
3331 4897 3555 4967 adhue,
3615 4908 3677 4956 et

2071 4993 2166 5064 qui
2192 5000 2418 5048 sanctus
2446 4999 2532 5046 est
2581 4988 2953 5047 sanctificetur
2985 4989 3187 5054 adhuc.
3215 4998 3271 5045 et
3293 4989 3350 5045 in
3375 4989 3592 5048 tuturo
3611 5008 3679 5051 sn

2072 5085 2251 5156 ipsum
2282 5083 2550 5140 servando
2575 5083 2626 5138 ei
2673 5084 2727 5137 in
2756 5082 3041 5153 praemium
3086 5098 3153 5139 ac
3180 5082 3352 5140 totius
3375 5083 3679 5155 institim-

2070 5177 2273 5235 tionem
2313 5176 2821 5234 immarcescibilem
2851 5174 3112 5232 fructum.

2141 5290 2200 5347 ln
2231 5289 2461 5348 Hebraeo
2494 5290 2689 5362 legitur
2713 5288 2821 5345 :Et
2849 5288 2989 5344 dicet
3019 5290 3172 5343 homo
3199 5303 3221 5343 .·
3270 5286 3404 5344 Vere
3430 5299 3519 5345 m
3553 5290 3685 5361 fr·-

2072 5395 2187 5442 ctus
2205 5385 2377 5457 justo,
2407 5400 2522 5439 vere
2540 5392 2619 5439 est
2659 5381 2800 5438 Deus
2816 5381 3069 5453 judicans
3093 5384 3149 5437 iu
3188 5393 3352 5437 terra.
3384 5381 3566 5450 Quod
3591 5392 3688 5442 cst

2071 5479 2253 5536 dicere
2282 5499 2297 5535 ε
2332 5476 2469 5534 Vere
2491 5491 2600 5533 non
2640 5475 2865 5532 fortuito
2892 5492 3026 5534 casu
3052 5486 3295 5547 tempora
3317 5476 3409 5531 vel
3438 5482 3686 5549 tenpo-

2072 5573 2210 5630 ralia
2239 5572 2418 5630 fluunt
2434 5587 2600 5644 super
2629 5579 2852 5639 terram,
2895 5570 2991 5627 sed
3021 5579 3101 5627 cst
3138 5568 3282 5627 Deus
3298 5566 3591 5640 Juaioe-
3626 5578 3693 5629 α
