3817 6000
112 135 168 197 tet
691 144 957 207 oneoottttrlutt.
972 150 1080 210 -tttt
1100 151 1171 210 xlv.
1706 161 1761 223 622

152 258 233 335 (188)
251 257 351 319 ilerbae
361 260 568 320 nominercrha
582 262 756 338 loquentium
772 265 920 339 designan-
932 271 957 331 h
971 269 1038 341 licit,
1054 271 1119 344 quia
1133 273 1198 329 duur
1214 286 1266 331 nos
1285 274 1426 333 tundimur
1446 285 1474 334 et
1494 275 1638 347 csslcimvr,
1649 286 1679 336 ut
1698 280 1759 353 eius

114 363 175 422 trrr,
193 344 412 426 sictri'seriptum
427 363 489 411 est:
517 354 616 413 lentur
634 373 713 413 ureae
727 356 818 413 leuauit
830 357 914 414 locrar-
968 377 1069 434 corpus
1091 378 1152 421 esse
1177 380 1333 423 mereamur
1348 365 1407 439 ipse
1430 367 1550 440 protlcit.
1571 367 1675 429 Hostile
1691 387 1756 431 reru

113 456 171 513 tar,
182 461 243 518 cve
257 448 433 504 escenderunt
444 465 523 521 saper
544 448 694 505 urrirerscm
721 459 819 505 terrum
832 448 917 521 AEpp·
968 446 1091 523 ejusdem
1107 452 1188 529 595
1200 457 1357 516 candelabri
1373 460 1433 532 ipsa
1446 458 1569 519 Ecclesia
1583 462 1664 521 debet
1683 462 1762 525 intei-

112 541 167 609 pti,
184 548 395 612 operueruntque
423 542 571 596 universam
588 539 684 611 sociem
695 549 772 596 terre
786 550 919 595 vastantes
968 544 1027 618 ligi,
1038 562 1101 618 quae
1119 563 1220 621 corpus
1241 551 1303 623 ejus
1317 560 1382 610 est:
1406 553 1472 626 quia
1500 553 1571 612 inter
1589 564 1629 613 tot
1647 557 1762 617 adverso

114 632 211 686 omniu
226 630 328 705 (duod.
343 634 443 706 ι,15).
459 632 593 691 Devorata
609 642 652 691 est
666 633 749 703 igitur
765 631 850 688 herba
865 640 919 688 ter·
969 636 1055 694 libera
1067 646 1131 696 stat.
1146 636 1253 699 Calami
1267 649 1359 701 autem
1374 640 1423 717 qui
1437 645 1471 704 de
1492 645 1585 704 hastili
1610 649 1763 721 procedunt

115 740 166 791 rar,
180 733 210 781 et
221 724 358 796 quidquid
383 740 530 797 pomorum
547 726 576 782 in
599 725 745 783 arboribus
768 724 830 782 triv.
847 722 923 805 Quid„
969 727 1164 800 praedicatores
1180 738 1254 803 suut,
1279 735 1327 807 qui
1352 731 1461 794 dulcem
1485 751 1584 794 sonum
1609 738 1769 799 inmundo

113 815 195 871 enim
210 828 260 887 per
284 817 504 889 segregationem
531 814 645 876 locustae
665 818 833 890 portendunt
858 808 940 888 qrrac'
969 819 1123 892 edirlcmnt‚
1145 823 1272 883 videlicet
1285 826 1429 885 Canticum
1450 843 1563 887 novum.
1588 828 1688 904 Scyphi
1712 848 1765 889 au·

115 908 270 980 plusquam
287 918 386 965 cetera
409 910 525 965 minima
548 910 700 966 animantia
713 906 843 966 humanis
858 907 918 964 hu·
971 920 1024 969 tom
1035 912 1101 972 virm
1114 916 1213 988 repleri
1239 920 1338 977 solent.
1365 919 1437 989 Quid
1452 937 1518 995 ergo
1532 932 1639 980 mentes
1652 924 1761 983 audito·

114 1000 203 1071 gibus
220 1009 331 1067 nocent,
348 1003 402 1058 nisi
424 1000 535 1074 linguas
550 1002 748 1059 adulantium?
768 1000 820 1069 Qui
834 1011 919 1058 terre·
970 1020 1031 1061 rum
1049 1006 1102 1062 nisi
1117 1008 1212 1081 scyphi
1238 1018 1313 1081 sunt,
1329 1013 1508 1083 quaesamus
1536 1015 1761 1086 praedicantibus,

116 1104 220 1145 norum
232 1090 375 1146 hominurn
384 1099 500 1160 mentes,
512 1090 536 1149 si
547 1092 657 1164 quando
666 1093 739 1150 bona
754 1092 846 1164 aliqua
856 1108 920 1165 pro·
970 1096 1035 1153 rino
1047 1098 1168 1155 scientiae
1188 1101 1351 1171 replentur?
1365 1100 1507 1174 Sphaerula
1524 1114 1626 1174 autem,
1643 1108 1763 1179 quidest

117 1176 193 1236 lerre
204 1180 397 1266 conspiciunt,
411 1181 471 1239 hmo
485 1182 693 1239 immoderatius
704 1183 841 1240 laudando
857 1198 919 1240 cor·
970 1188 1045 1245 aliud
1060 1190 1113 1246 nisi
1123 1192 1280 1249 volubilitas
1297 1194 1516 1264 predicationis?
1535 1196 1647 1269 Spharra
1662 1200 1763 1272 qnippe

117 1264 512 1345 rumpuntdructusquippe
526 1268 719 1347 AEgyptiorum
738 1280 780 1331 est
795 1275 919 1346 operatio
969 1294 1003 1336 ex
1021 1282 1097 1337 omni
1122 1293 1201 1355 parte
1227 1286 1358 1342 volvitur.
1383 1286 1418 1343 Et
1441 1288 1599 1359 praedicatio
1625 1307 1687 1361 que
1713 1307 1764 1347 nec

116 1364 354 1421 xenodororum:
375 1381 460 1437 quarn
487 1366 601 1423 locastae
627 1367 822 1435 exterminant,
851 1368 918 1423 dum
970 1374 1135 1431 adversitate
1148 1375 1261 1433 retineri
1276 1387 1441 1449 potest,ncc
1465 1380 1764 1453 prosperitatibuselc-

118 1456 269 1514 adulantes
288 1456 433 1530 linguaead
447 1457 721 1531 appetendaslaudcs
744 1460 919 1517 transitorias
970 1475 1051 1521 vatur
1066 1466 1173 1538 sphaera
1201 1476 1253 1536 est,
1273 1480 1299 1525 er
1311 1469 1383 1526 inter
1403 1472 1518 1527 adversa
1547 1473 1637 1542 tortis,
1652 1483 1679 1532 et
1693 1476 1765 1531 inter

115 1565 168 1606 cor
182 1546 376 1623 prosperantis
404 1547 548 1609 inclinant.
572 1547 693 1609 iicrbam
716 1567 783 1610 vero
804 1550 919 1611 locustae
970 1571 1100 1628 prospera
1127 1557 1251 1625 humilis,
1277 1574 1329 1615 nec
1350 1560 1456 1618 timoris
1470 1562 1552 1618 haber
1566 1565 1696 1637 burgulum
1713 1581 1765 1623 nec

116 1643 280 1710 comedunt,
296 1644 408 1716 quando
422 1644 578 1702 adulatores
588 1645 691 1717 quique
704 1644 787 1701 verba
801 1646 918 1717 ioqucn·
934 1619 1108 1706 1³elationis.
1124 1646 1153 1704 ln
1168 1664 1252 1706 cursu
1264 1666 1330 1723 ergo
1343 1667 1394 1708 suo
1409 1652 1454 1726 tigi
1477 1669 1532 1709 non
1548 1655 1630 1723 rale't,
1642 1657 1707 1727 quia
1715 1672 1765 1728 ρει

118 1734 191 1789 tium
206 1732 349 1792 lareribus
359 1733 504 1792 extollunt.
970 1748 1069 1797 cuncta
1088 1756 1119 1797 se
1139 1742 1294 1799 volubiliter
1319 1744 1413 1800 trahit.
1440 1743 1475 1801 Ut
1497 1755 1589 1803 autem
1614 1748 1667 1806 hoc
1690 1750 1765 1820 quod

155 1826 235 1899 (189)
255 1820 409 1884 Herbarum
434 1828 548 1884 nomine
570 1825 695 1886 carnales
721 1826 918 1903 designantur,
970 1833 1088 1905 exempli
1104 1850 1188 1892 causa
1213 1835 1380 1907 protulimus
1403 1853 1598 1910 exsequamur,
1624 1840 1694 1897 bene
1717 1832 1766 1912 por

117 1917 195 1973 sicut
211 1917 246 1974 de
259 1916 322 1975 tiliis
335 1915 465 1975 Ecclesia
474 1934 525 1991 per
537 1920 699 1991 prophetam
711 1920 834 1977 dicitur:
852 1919 920 1978 Ger·
971 1927 1092 1985 calamos
1115 1926 1232 2000 scyphos
1256 1936 1284 1984 et
1305 1928 1468 2000 sphaerulas,
1483 1931 1511 1986 in
1526 1933 1692 1990 candelabro
1707 1932 1764 1990 iilia

118 2006 264 2063 minabunt
285 2009 355 2064 inter
378 2007 484 2080 berieu,
505 2009 575 2067 uicut
593 2010 690 2066 retices
708 2010 790 2082 juxto
808 2023 920 2085 preter·
971 2019 1178 2088 describuntur,
1192 2020 1257 2092 quia
1270 2030 1332 2093 post
1342 2037 1414 2091 eant,
1427 2039 1509 2094 quam
1524 2023 1656 2093 diximus,
1666 2024 1767 2096 praedi·

120 2103 236 2173 fluenter
249 2120 332 2174 aquas
349 2100 429 2176 (lari.
443 2119 518 2173 xurv,
531 2103 570 2176 1).
587 2102 658 2171 Quid
670 2104 744 2161 enim
762 2120 811 2176 per
822 2106 921 2164 herbas
972 2111 1089 2169 cationis
1103 2112 1220 2186 gratiam
1232 2122 1315 2186 atquc
1325 2114 1535 2187 volubilitatem,
1547 2117 1603 2185 illa,
1615 2117 1707 2174 virens
1717 2134 1767 2190 pa·

123 2194 182 2251 nisi
197 2193 351 2252 carnalium
364 2183 421 2252 viti
433 2196 560 2268 signatur
573 2196 585 2252 i
605 2194 659 2253 Sed
671 2202 774 2254 sanctae
785 2193 916 2255 Ecclesiae
972 2204 1025 2261 tria
1039 2205 1174 2277 sequitur,
1186 2222 1247 2280 quac
1265 2207 1431 2266 animalibus
1452 2210 1567 2277 sanetis,
1584 2210 1611 2265 id
1626 2219 1668 2267 est
1691 2211 1767 2267 hori·

120 2284 173 2347 iilii
186 2290 259 2348 sicut
270 2289 367 2348 salices
380 2290 451 2347 inter
463 2291 562 2348 herbas
575 2292 740 2364 germinant,
761 2289 843 2367 594
855 2293 921 2349 dum
972 2296 1025 2354 bus
1035 2307 1132 2354 vernat
1142 2300 1261 2357 eternis.
1275 2300 1424 2371 Sphaeruhc
1433 2316 1499 2374 ergo
1510 2300 1544 2357 ad
1564 2302 1686 2360 labemur
1702 2320 1766 2375 pcr-

121 2386 199 2441 intcr
222 2396 394 2440 arescentem
415 2383 499 2439 vitam
526 2384 702 2452 carnalium,
727 2393 755 2440 ct
778 2383 922 2456 multiplici
973 2388 1072 2457 tinent,
1086 2390 1143 2447 lilia
1156 2392 1190 2447 ad
1204 2391 1424 2449 retributionem.

119 2478 325 2535 numerositate
337 2485 365 2534 et
390 2486 521 2549 perpetua
543 2477 644 2534 mentis
660 2476 799 2534 viriditate
822 2477 923 2549 perdu-
1009 2468 1141 2539 liliorum
1156 2483 1267 2540 nomine
1281 2483 1351 2540 benc
1375 2484 1513 2542 redolens,
1528 2498 1687 2544 sanctorum
1711 2472 1767 2547 vita

125 2581 200 2628 rant.
214 2570 267 2639 Qui
279 2569 436 2641 heneluxta
447 2570 660 2642 praeterfluentes
673 2586 760 2642 aquas
769 2571 924 2643 germinare
973 2573 1134 2646 designatur
1147 2592 1155 2629 :
1168 2574 1240 2630 unde
1260 2575 1354 2646 sponsi
1366 2591 1444 2643 uoce,
1462 2585 1564 2632 sanctae
1584 2576 1714 2635 Ecclesiae
1738 2581 1767 2635 in

126 2662 320 2733 partiemur,
348 2660 414 2733 quia
438 2663 630 2735 unusquisqne
652 2676 749 2719 eorum
770 2662 924 2718 libertatem
974 2665 1401 2724 canticiscamicorundicitur:
1415 2667 1700 2727 Duouierotuorieut
1713 2671 1767 2727 dvo

123 2755 160 2811 ad
174 2754 293 2811 trucium
308 2755 423 2826 percipit
437 2771 472 2813 er
496 2755 621 2812 doctrina
648 2754 720 2814 sacri
734 2754 847 2828 eloquii,
862 2769 925 2827 quac
975 2758 1080 2814 hinnuli
1094 2774 1205 2830 coprem,
1223 2759 1268 2831 qai
1286 2768 1432 2829 parcuntur
1445 2761 1473 2814 iu
1487 2759 1553 2815 litiir
1569 2759 1659 2831 (Curat,
1674 2778 1712 2830 ιι,
1725 2764 1764 2834 5).

128 2845 318 2918 temporaliter
331 2845 481 2918 percurrit.
976 2849 1094 2924 iirquire
1107 2851 1136 2909 iu
1148 2851 1230 2924 capit.
1247 2850 1286 2909 De
1300 2850 1442 2919 uberibus,
1458 2866 1542 2925 supra
1556 2850 1604 2911 lib.
1619 2856 1647 2925 i,
1668 2869 1694 2912 c.
1718 2855 1766 2927 tr,

445 2937 560 2996 cetur
574 2938 607 2997 11.
936 2973 960 3035 c
976 2941 1040 3001 dist.
1056 2942 1084 3001 1.

460 3050 494 3090 be
513 3046 595 3090 ιιιιο.
1275 3074 1392 3136 CAPUT
1413 3077 1458 3136 tlt.

125 3141 160 3204 la
177 3146 319 3221 Scriptura
329 3163 408 3204 sacru
430 3143 549 3205 liliorum
572 3150 688 3218 nomine,
700 3144 846 3223 aliquando
859 3166 922 3207 cotr-
1294 3203 1328 3243 „E
1343 3203 1443 3244 mm,

160 3222 329 3276 doroeternte
343 3216 449 3291 patrie,
469 3216 613 3293 aliquando
628 3220 691 3277 bene
713 3217 834 3278 redoleas
858 3239 923 3277 sorr-

126 3313 132 3320 ·
163 3301 268 3346 (101111
284 3292 339 3346 aito
350 3291 522 3362 intenibilis·
976 3295 1009 3358 la
1021 3297 1162 3375 Scriptura
1175 3318 1254 3359 ructu
1280 3298 1364 3386 myrti
1376 3302 1494 3370 troroirte,
1517 3302 1664 3377 aliquanao
1688 3312 1765 3361 troa-

162 3402 240 3476 (190)
260 3402 323 3460 hilii
351 3404 464 3462 nornine
477 3406 582 3462 candor
601 3413 710 3462 aeternae
733 3406 829 3478 patria
851 3407 923 3465 dest·
1008 3374 1100 3500 (αὖρα
1114 3376 1208 3429 merrtir
1220 3375 1343 3443 interitio,
1359 3372 1503 3445 aliquando
1517 3377 1704 3446 compatienter
1725 3378 1766 3433 ia·

125 3505 245 3569 emtor:
262 3497 334 3553 undo
349 3497 383 3552 au
395 3496 505 3570 moysen
523 3513 539 3552 a
557 3495 674 3553 nomino
689 3497 790 3554 urcran
804 3517 811 3554 ι
827 3495 922 3555 rate
1011 3456 1036 3502 ¹⁶
1059 3454 1179 3517 ¹⁹¹‘²¹¹²‘'·

125 3596 150 3648 θ’
167 3587 357 3646 ‘indebitum
370 3590 472 3652 ductile
484 3595 516 3646 de
535 3608 602 3646 earo
616 3589 801 3647 rrruadissinv'o.
817 3590 923 3647 Hartite
1009 3579 1089 3653 llyrti
1101 3579 1213 3636 nomine
1226 3579 1380 3652 tmnqtrillae
1403 3580 1504 3638 mentis
1524 3581 1671 3653 temperies
1692 3582 1767 3641 desi·

125 3680 186 3755 ‘51¹⁸
197 3691 223 3741 ⁶²
235 3680 353 3741 ⁶⁰¹⁰m⁰⁸
373 3686 522 3755 (1161111101
541 3695 566 3741 2¹
580 3680 739 3757 mimulos,
756 3702 788 3740 ao
812 3684 871 3741 titio
890 3702 923 3742 ea
973 3681 1084 3744 inimi,
1103 3671 1175 3726 sicul
1192 3685 1241 3742 pet·
1254 3668 1353 3726 lsaiam
1365 3670 1541 3742 promittente
1557 3669 1674 3727 Dorrrinu
1698 3672 1768 3730 dicia.

125 3780 186 3848 ἐμω
196 3777 366 3849 mmm
381 3775 481 3850 (Em
496 3793 560 3842 We
575 3777 630 3849 Η)·
647 3775 715 3844 Quis
728 3774 802 3832 enim
816 3777 844 3831 in
857 3792 923 3833 eun-
974 3769 1033 3819 lor:
1049 3759 1104 3817 Pro
1117 3760 1367 3817 saliuncuusceadet
1379 3759 1462 3830 ubter,
1476 3770 1502 3816 et
1512 3777 1561 3832 pro
1570 3762 1657 3816 artico
1670 3771 1768 3818 crescet

127 3863 243 3924 delabro
261 3866 314 3923 nisi
336 3864 503 3939 Redemptor
528 3867 642 3923 humani
663 3865 773 3938 generis
795 3866 924 3938 designa·
973 3864 1076 3927 myrtea
1088 3852 1167 3926 (ibid.
1190 3869 1234 3922 nv,
1254 3853 1310 3926 15),
1320 3850 1440 3925 nequire
1455 3854 1484 3908 (ῃ
1496 3868 1556 3924 cap·
1569 3852 1607 3910 De
1620 3854 1739 3911 abietum
1741 3871 1766 3924 s,

128 3965 186 4024 tur,
199 3958 249 4031 qui
266 3958 293 4013 in
306 3968 402 4015 natura
418 3957 597 4014 humanitatis
619 3956 725 4016 infulsit
737 3960 830 4017 lumen
844 3953 922 4015 llivi-
974 3963 1057 4041 suppa
1072 3947 1120 4003 lib.
1134 3962 1174 4015 rx,
1185 3961 1210 4003 c.
1227 3944 1255 4015 d,
1270 3945 1335 4003 dist.
1354 3944 1382 3999 ε,

127 4049 234 4118 nitatis,
251 4049 387 4107 utmondi
411 4050 607 4108 candelabrum
629 4051 714 4120 tieret,
737 4059 872 4124 quatenus
894 4050 922 4106 in
1010 4039 1187 4115 596(791)
1214 4038 1294 4113 ilyrti
1315 4038 1428 4095 nomine
1457 4037 1486 4095 bi
1515 4038 1695 4113 designamur
1718 4054 1767 4111 ql„

128 4143 191 4214 ὡς
206 4139 310 4199 lumine
328 4143 419 4199 ⁰¹¹¹¹¹3⁵
433 4152 572 4213 P⁰⁶⁰²¹⁰fr
597 4144 742 4215 inquibus
763 4143 865 4216 iaceret
881 4151 922 4199 te·
973 4134 1163 4205 compatiendo
1187 4132 1376 4205 proximorum
1391 4131 1583 4189 tribulationes
1597 4139 1765 4202 temperant:

128 4235 234 4302 ”ebris‘
248 4236 352 4292 Vidm'
364 4236 376 4291 ²
388 4234 441 4303 0¹¹5
458 4250 508 4307 1¹¹⁰
519 4251 553 4293 0⁰
571 4236 645 4307 huod
658 4245 785 4293 naturam
798 4245 921 4294 nostram
973 4229 1046 4284 unde
1068 4242 1116 4299 per
1139 4225 1237 4282 isaiam
1258 4217 1391 4282 Dominus
1409 4224 1543 4297 promittit
1567 4223 1767 4281 diccnszliaio

127 4328 189 4385 sine
217 4327 296 4400 culpa
321 4328 450 4400 suscepit,
474 4328 667 4386 candelabrum
694 4330 863 4386 tabernaculi
888 4345 921 4387 01
937 4323 1001 4394 pia
1020 4319 1164 4374 solitudine
1176 4317 1294 4384 cedrum,
1306 4318 1458 4398 etapiuom,
1473 4326 1601 4387 atprtum,
1619 4327 1644 4372 ct
1666 4317 1767 4389 liparam

128 4433 199 4474 auro
225 4418 376 4490 purissimo
402 4418 465 4475 lieri·
487 4405 608 4491 jubetur.
635 4416 740 4475 Ductile
766 4427 857 4477 autem
882 4419 922 4476 lc·
975 4409 1767 4485 olftoei1⁸⁰·bx¹‚¹9i·*illinireineiiii¹¹¹⁰ssessitll020¹¹¹0⁰

128 4510 227 4567 riendo
237 4510 417 4583 producitur:
439 4511 505 4582 quia
530 4519 557 4566 et
572 4508 737 4582 Redemptor
753 4519 858 4580 noster,
874 4510 922 4584 qul
973 4504 1168 4578 adde:llyrtus
1177 4506 1361 4576 temperativa·
1370 4502 1480 4561 virtutis
1490 4503 1586 4572 est,ita
1597 4503 1767 4560 utdissoluta

128 4618 162 4657 er
174 4602 355 4672 conceptione
366 4610 393 4657 ct
406 4601 549 4658 nativitate
560 4600 698 4672 perlectus
714 4600 822 4658 houset
837 4601 921 4659 homo
974 4600 1095 4656 membra
1111 4599 1288 4670 temperando
1308 4597 1487 4669 constringat.
1502 4595 1573 4664 Quid
1597 4596 1689 4668 itaque
1718 4611 1767 4668 per

127 4693 246 4760 exstitit,
260 4693 421 4764 passionum
445 4692 554 4750 dolores
576 4692 698 4764 pertulit,
714 4700 741 4748 et
765 4693 808 4750 sic
823 4692 857 4750 ad
879 4709 923 4750 re·
973 4701 1093 4765 myrtum
1107 4691 1163 4749 nisi
1180 4691 1209 4748 hi
1224 4689 1324 4762 signati
1337 4698 1411 4759 sunt,
1423 4689 1470 4761 qui
1483 4689 1677 4746 afflictionibus
1700 4703 1767 4761 pro·

129 4784 310 4842 surrectionis
321 4784 436 4856 gloriam
460 4784 593 4856 pervenit.
606 4782 648 4838 Eu
671 4799 739 4840 auro
755 4799 820 4857 erpo
839 4800 922 4840 mun·
972 4782 1110 4838 ulmorum
1129 4782 1248 4852 compati
1267 4779 1368 4848 sciunt,
1386 4794 1539 4853 eorumque
1561 4780 1766 4837 tribulationem

127 4876 245 4935 dissinro
258 4876 360 4933 ductile
375 4875 568 4932 candelabrum
581 4875 642 4944 luit,
663 4877 728 4948 quia
738 4886 766 4934 et
778 4885 921 4948 peccatum
973 4889 1021 4946 per
1033 4874 1253 4944 compassionem
1269 4873 1441 4944 temperanti
1450 4873 1530 4945 juxta
1546 4873 1600 4929 hoe
1610 4872 1684 4944 quod
1696 4870 1767 4929 seri·

127 4982 185 5026 non
200 4968 339 5037 babuit,ct
353 4976 444 5025 tamen
460 4966 520 5039 ejus
534 4984 635 5040 eorpus
644 4984 692 5039 per
703 4969 841 5040 passionis
856 4985 923 5026 con·
972 4976 1050 5040 ptum
1074 4976 1133 5022 cst:
1148 4965 1242 5021 Gratia
1262 4974 1350 5020 uatem
1368 4965 1422 5021 lieo
1432 4966 1478 5038 qui
1498 4964 1653 5020 corrrolotur
1666 4979 1713 5018 noa
1736 4963 1767 5019 ivr

127 5058 260 5116 tumelias
284 5059 318 5115 ad
346 5059 580 5117 immortalitatem
603 5060 728 5131 proiecit.
755 5057 823 5117 Nam
842 5061 922 5133 juxta
973 5059 1046 5114 omni
1062 5058 1233 5115 tribulatione
1243 5068 1346 5124 nostru,
1358 5067 1388 5113 ut
1407 5059 1540 5130 potuimus
1550 5067 1585 5127 rt·
1598 5055 1649 5126 ipsi
1673 5069 1766 5110 convo·

127 5149 247 5208 virtutes
275 5150 374 5208 adime
408 5150 510 5225 quibus
535 5152 762 5224 percussionibus
789 5154 923 5226 potuisset
972 5153 1025 5207 luri
1032 5168 1075 5208 eor
1084 5153 1129 5224 qui
1140 5153 1167 5207 ia
1179 5152 1378 5221 omrriprerruru
1386 5160 1447 5206 ruat
1455 5147 1498 5222 (11
1506 5148 1568 5206 Cor.
1581 5147 1601 5216 ι)
1613 5147 1699 5220 (tae).
1711 5143 1765 5214 Qui

125 5242 275 5315 prolicere,
289 5245 403 5301 omnino
426 5260 481 5301 non
510 5245 660 5303 habuit.1n
681 5247 812 5303 membris
829 5256 921 5303 autem
972 5246 1038 5303 dum
1057 5246 1163 5302 alilictis
1171 5244 1314 5317 proximis,
1332 5244 1457 5311 verbum,
1469 5242 1513 5299 vel
1531 5256 1611 5314 opem
1634 5238 1765 5297 consola·

126 5336 200 5403 suis,
215 5351 277 5408 uuae
287 5351 339 5394 nos
355 5352 463 5407 sumus,
484 5337 606 5410 quotidie
620 5338 846 5411 percussionibus
855 5354 921 5411 pro-
973 5338 1056 5395 tionis
1067 5335 1158 5393 lerunt
1171 5351 1219 5393 eos
1230 5337 1327 5408 procui
1339 5333 1424 5392 dubio
1434 5334 1468 5390 ad
1477 5340 1579 5390 statum
1591 5328 1766 5388 rectitudinis

164 5472 232 5545 (788
261 5465 302 5530 Er
317 5473 337 5529 1.
352 5490 417 5530 uxr
430 5475 458 5560 in
473 5473 536 5543 iub,
550 5491 575 5532 c.
593 5490 644 5544 att,
656 5474 702 5532 20.
1009 5474 1084 5547 (791)
1109 5471 1238 5543 Suprali.
1256 5488 1294 5541 rr,
1319 5488 1343 5556 c,
1361 5472 1389 5540 3,
1406 5471 1471 5528 dist.
1485 5471 1513 5527 1.
1529 5467 1570 5525 Ex
1588 5467 1664 5523 hom·
1677 5463 1713 5521 20
1734 5455 1764 5522 id

163 5544 231 5686 iiii
260 5543 302 5672 {i
314 5544 436 5673 edomet&
448 5546 554 5676 aas&
562 5561 735 5691 iorigliuscule
748 5615 783 5676 ab
798 5613 888 5675 initio.
901 5687 905 5694 ὑ
973 5546 1085 5689 Evffi
1096 5544 1417 5687 iiiiiffisrrttelineiilpiiiit
1429 5613 1589 5687 particulas,
1599 5612 1689 5683 aruer
1696 5608 1763 5676 oo,
