3817 6000
117 228 173 300 tis
703 226 968 317 assentiuntur.
987 221 1023 276 4-
1039 233 1106 289 utu.
1127 223 1160 287 ι.
1703 226 1753 294 ιιι

118 352 174 410 lias
194 367 258 409 esse
271 351 299 406 in
315 349 484 421 praescientia
505 348 673 418 designetur,
701 351 765 420 quia
783 350 950 420 quaeunt-'d
965 363 1046 401 urrann
1062 344 1195 416 operatio,
1218 344 1245 398 iu
1264 358 1312 400 ore
1325 341 1428 422 locutio
1447 337 1518 403 solet
1539 343 1664 417 intelligi.
1694 343 1752 401 lla⁴

118 460 174 515 guo
188 458 219 499 se
233 444 262 498 in
275 451 374 497 natura
402 441 580 496 humanitatis
603 441 723 496 irnmtuit
746 443 827 505 sciro,
853 442 911 497 lraec
964 453 1029 493 num
1055 453 1123 509 crgo
1148 453 1230 511 super
1253 453 1285 495 os
1308 453 1411 509 ponere
1429 446 1472 494 est
1485 438 1585 493 uirtute
1606 436 1671 493 boni
1687 451 1752 508 epae

119 534 252 589 nimirum
266 542 330 613 aute
354 533 456 589 saecula
476 547 510 587 ex
535 532 677 588 diritdtate
691 532 838 602 praescivit.
858 531 911 599 Qui
963 530 1002 585 ris
1027 532 1123 601 culpas
1143 539 1234 601 tegere
1254 530 1370 587 incautae
1392 522 1549 587 locutionis.
1583 520 1652 595 outo
1675 528 1751 585 euim

119 626 193 679 unde
210 624 339 695 spiritum
352 624 382 678 iu
397 623 511 679 naribus
537 622 665 678 babuerit
694 638 759 678 mox
775 622 910 693 propheta
962 627 1077 682 inveniri
1094 634 1183 697 potest
1198 626 1246 698 qui
1260 626 1410 697 quamlibet
1420 623 1557 696 perlectus
1566 624 1612 691 sit,
1619 624 1654 679 de
1661 618 1752 679 otioso

119 714 273 787 subjungit,
293 715 408 772 Decus:
434 714 504 780 Quin
523 714 641 769 eoeelaua
659 724 795 785 reputatae
806 724 846 769 est
857 716 911 784 ipse
963 727 1053 774 umen
1067 733 1194 774 serrnone
1207 732 1263 773 uon
1285 725 1390 788 peccet,
1414 714 1516 772 lacobo
1530 722 1687 783 attestante,
1700 702 1751 784 qui

119 807 191 880 (ιιι.
221 808 284 879 ιιι).
310 807 390 863 desi
414 807 516 863 diecret
544 825 551 862 ι
575 807 606 862 ln
636 806 814 865 inferioribus
841 822 911 862 reu·
962 811 1021 866 ait:
1042 810 1134 865 Nolite
1154 811 1243 881 plures
1264 811 1387 881 nergiatoi
1413 810 1484 879 fieri.
1511 807 1546 863 lu
1563 801 1656 863 multia
1680 808 1752 862 enim

119 909 181 953 tura
197 900 315 969 desuper
329 899 476 969 prescivit,
501 899 565 970 quia
580 900 614 955 ad
629 900 683 955 ima
697 900 732 955 de
754 899 912 956 eoelestibus
961 901 1118 970 offendimus
1131 902 1239 956 omues?
1251 900 1321 972 (loc.
1338 916 1379 966 ιιι,
1395 900 1421 967 l,
1438 898 1478 970 ι.)
1492 899 1526 954 Et
1536 913 1648 954 rursum
1662 915 1670 954 :
1685 894 1753 952 latu*

118 989 205 1044 venit.
235 987 329 1044 Sancti
344 991 428 1046 etiarn
454 990 518 1058 uiri,
543 989 607 1061 quia
621 990 657 1045 ab
670 990 717 1045 illo
743 989 836 1045 audita
850 1004 914 1045 ere·
962 1008 1042 1062 guum
1052 992 1141 1047 nullut
1153 993 1289 1047 lominum
1300 993 1408 1049 domme
1417 999 1501 1063 poten
1512 984 1752 1063 (illudendus

119 1079 268 1146 linierunt,
291 1079 344 1149 ipsi
372 1094 482 1150 quoque
511 1080 569 1150 jam
599 1088 712 1135 ventura
748 1081 910 1151 prassinum
962 1082 1056 1150 culpas
1079 1084 1245 1156 redarguens
1266 1100 1314 1156 per
1330 1084 1504 1155 semetipsam
1530 1081 1637 1138 Veritas
1659 1082 1750 1138 dicit:

118 1171 242 1241 dumque
257 1168 318 1241 ejus
337 1170 453 1226 lideliter
466 1171 608 1242 preceptis
629 1171 792 1241 inserviunt,
810 1171 911 1227 advea-
961 1172 1028 1245 Dico
1043 1184 1130 1229 uatem
1154 1175 1226 1229 uobis
1248 1177 1311 1247 puio
1325 1192 1402 1231 unane
1421 1176 1526 1231 aerium
1537 1168 1661 1241 otiosum,
1679 1165 1751 1246 quod

118 1268 178 1315 tunt
192 1260 268 1318 illius
282 1275 331 1332 spe
344 1261 628 1331 eertapraestolantur.
961 1262 1043 1318 locuti
1056 1265 1160 1334 luerint
1180 1266 1307 1331 domines,
1335 1265 1444 1319 reddent
1462 1265 1495 1320 dc
1514 1281 1544 1320 eo
1573 1265 1704 1319 rationein
1721 1263 1752 1318 iu

409 1370 527 1428 ggpgg
555 1373 626 1430 xpp·
961 1355 1005 1408 elie
1022 1354 1125 1424 judicii
1152 1355 1261 1424 (lluttlr.
1279 1372 1329 1423 uti,
1352 1356 1408 1425 ιι).
1429 1356 1482 1411 Sed
1505 1355 1593 1412 sancti
1612 1356 1664 1411 viri
1685 1364 1750 1412 anto

456 1483 493 1523 „g
511 1483 574 1523 m·
962 1446 1056 1502 oeulos
1079 1445 1187 1501 Domini
1201 1447 1311 1503 student
1332 1448 1427 1517 culpas
1444 1448 1545 1519 linguae
1561 1456 1651 1520 tegere
1663 1448 1749 1504 meti-

169 1556 318 1627 ,ΜΡΝ
338 1576 417 1614 m„
441 1560 497 1614 ,ng
517 1560 621 1613 „omme
645 1558 794 1629 „154an
821 1560 910 1615 ΜΗ,
963 1535 998 1591 tis
1007 1535 1079 1607 uitae,
1096 1537 1204 1592 student
1217 1539 1337 1608 pondere
1351 1538 1485 1594 bonorum
1499 1551 1613 1608 operum
1625 1550 1751 1609 premere

150 1630 291 1698 cogitatio,
315 1629 461 1700 aliquando
478 1630 587 1696 locutio,
616 1629 760 1699 aliquando
777 1631 909 1699 predico·
963 1626 1142 1684 immoderata
1164 1628 1322 1683 verborum.
1342 1626 1421 1685 Unda
1445 1636 1472 1684 el
1489 1626 1630 1685 insaucia
1651 1626 1747 1685 Eccle-

154 1710 197 1751 ’θ’
218 1707 337 1764 ”nmis
359 1700 505 1770 ‘'filum‘’
519 1696 674 1769 Ulil'lfflfflm
692 1697 751 1764 ⁰²¹3
766 1692 910 1770 “lfllflldll
926 1686 1002 1773 Bsia
1026 1735 1124 1775 mouns
1149 1734 1231 1788 snper
1248 1734 1282 1776 os
1304 1721 1426 1790 ponitur,
1443 1720 1509 1775 dum
1524 1721 1552 1774 in
1571 1712 1667 1776 eiectis
1687 1721 1749 1791 ejus

150 1770 339 1832 predicatores
352 1769 912 1841 dtttieltriati,oliguuudorloetorumstieu-
1030 1810 1064 1821 ..
1125 1811 1130 1823 .
1280 1812 1286 1823 .
1329 1811 1335 1823 .
1393 1811 1420 1822 ..
1512 1806 1518 1823 .
1610 1804 1612 1808 -

153 1840 205 1903 ga,
231 1838 376 1910 uenando
396 1840 573 1913 mmm
605 1840 708 1910 miqui
734 1839 816 1894 'mm
835 1842 910 1895 dm·
960 1810 1352 1913 rguotrdteotroselocutronts
1375 1820 1470 1866 sutram
1492 1810 1593 1866 virtute
1609 1811 1750 1915 bottaeus-

152 1919 281 1979 gnoutur.
961 1902 1044 1957 tronis
1068 1902 1188 1973 operitur
1204 1903 1295 1958 :sicut
1321 1903 1451 1973 scriptum
1462 1911 1503 1959 est
1519 1921 1526 1956 :
1545 1902 1623 1958 Docte
1634 1918 1749 1974 quorum

152 1992 233 2063 (ιιι)
252 1991 315 2048 Dris
341 1994 453 2051 nomine
479 1995 570 2052 cordis
587 1994 715 2068 cogitatio
738 1994 908 2068 designatur,
962 1994 1079 2048 renussoe
1092 2003 1156 2048 eunt
1181 1995 1348 2065 iniquitates,
1363 2003 1511 2066 etguorum
1533 2003 1674 2049 teetesunt
1687 2005 1749 2066 pce·

115 2086 190 2142 sieut
204 2101 254 2156 per
269 2084 377 2156 Sopbar
390 2087 424 2143 de
436 2088 578 2159 hypocrita
600 2088 701 2144 dicitur
724 2105 731 2142 :
753 2086 819 2144 Cum
834 2087 909 2142 dulce
960 2094 1021 2140 culo
1032 2084 1121 2156 (Paul,
1136 2085 1264 2152 1111,st
1279 2084 1332 2141 Sed
1343 2101 1534 2153 consummem
1547 2086 1679 2157 scriptrrm
1694 2080 1747 2143 sit:

116 2177 197 2243 diedo
213 2177 242 2230 in
258 2192 303 2232 ore
318 2178 377 2248 ejus
392 2174 504 2246 molunt,
517 2179 653 2234 simulauit
672 2177 742 2233 illud
756 2176 909 2249 sublingua
960 2176 1041 2247 227
1065 2175 1162 2232 Omnia
1173 2178 1246 2231 uude
1257 2185 1282 2232 et
1296 2186 1389 2249 operto
1408 2186 1471 2232 suut
1482 2178 1568 2232 oeulis
1578 2178 1637 2248 ejus
1651 2177 1746 2248 (liele.

14 2282 16 2301 =
114 2283 167 2321 aaa
192 2266 255 2339 (loli
281 2282 327 2335 xx,
343 2267 509 2339 libinose
528 2269 676 2342 hypocrite
702 2270 805 2345 malum
828 2270 909 2326 dulce
960 2270 1009 2331 an.
1029 2267 1172 2335 Quomodo
1197 2268 1250 2339 tegi
1270 2276 1395 2338 possunt,
1417 2284 1479 2340 quae
1505 2270 1567 2341 ejus
1590 2262 1749 2336 oeulis,cui

113 2368 168 2426 est,
184 2359 252 2430 quia
265 2361 291 2414 cl
306 2368 348 2416 est
362 2360 495 2431 iniquitas
516 2362 609 2417 suanis
620 2363 648 2416 in
663 2370 764 2417 mente.
779 2360 816 2418 0s
828 2362 910 2434 qnip·
960 2369 1058 2418 cuueta
1078 2361 1150 2416 nuda
1170 2370 1245 2428 suut,
1262 2361 1394 2417 abscondi
1412 2376 1585 2433 nequaquam
1609 2365 1749 2434 possuntt

112 2466 148 2521 pe
161 2452 256 2507 cordis
270 2451 399 2523 cogitatio
412 2462 462 2518 est,
477 2454 512 2508 de
523 2455 578 2524 qna
589 2452 721 2524 scriptum
734 2464 777 2510 est
792 2471 799 2509 ;
821 2452 909 2508 dolio
961 2454 1013 2511 Sed
1026 2455 1091 2525 quia
1107 2455 1161 2512 boc
1176 2455 1249 2526 quod
1263 2455 1390 2526 tegimus,
1408 2454 1523 2512 iniurius
1546 2456 1688 2527 ponimus,
1700 2465 1744 2513 at-

14 2534 15 2543 ’
112 2542 213 2595 doloso
225 2544 253 2596 iu
266 2544 345 2596 corde
356 2551 381 2596 et
392 2543 474 2597 eorde
486 2543 577 2597 locuto
596 2554 658 2599 suut
679 2546 751 2599 mulo
766 2544 855 2618 (Paul.
868 2562 907 2612 ιι,
959 2560 1013 2615 que
1026 2547 1079 2602 boe
1094 2547 1165 2602 unde
1182 2547 1299 2618 tegimus
1319 2547 1452 2602 nimirum
1478 2548 1700 2618 superducimus,
1716 2556 1748 2603 ut

113 2633 155 2705 ὅ).
181 2632 238 2689 Sed
265 2637 318 2689 troc
342 2636 445 2691 malum
467 2636 540 2706 quod
563 2636 591 2691 iu
614 2651 662 2692 ere
678 2637 827 2708 hypocritae
854 2646 906 2702 est,
960 2636 1091 2706 quodest
1114 2637 1329 2707 subterpositum
1361 2647 1496 2707 tegamus,
1522 2647 1613 2709 tegere
1635 2649 1747 2709 peecata

113 2725 169 2779 sub
192 2725 288 2794 lingua
310 2725 369 2795 ejus
394 2726 580 2795 absconditur,
606 2728 671 2798 quin
691 2728 823 2799 asperitas
848 2745 907 2784 mn·
959 2725 1076 2783 dicimur
1095 2743 1156 2798 quae
1182 2729 1261 2798 quasi
1285 2729 1380 2784 subter
1402 2730 1530 2799 ponimus
1545 2729 1611 2785 dum
1636 2729 1748 2785 abdica·

111 2816 192 2881 litiae,
210 2832 274 2887 qua
285 2817 351 2873 latet
374 2818 401 2873 in
423 2826 523 2886 mente,
539 2819 591 2874 sub
605 2819 722 2890 tegmine
736 2818 843 2874 blandae
864 2820 908 2875 lo·
960 2834 1032 2875 rurus.
1041 2816 1142 2889 Bisque
1154 2818 1227 2874 aliud
1240 2819 1458 2890 superducimus,
1467 2820 1533 2876 dum
1544 2822 1623 2877 lionae
1631 2822 1748 2879 actionis

111 2909 237 2965 mutonis
257 2909 389 2979 operitur.
413 2909 514 2965 llalum
539 2926 659 2982 namque
674 2911 701 2964 in
718 2910 907 2981 linguaesset,
960 2923 1029 2980 opus
1044 2909 1079 2964 ad
1111 2909 1163 2964 boc
1178 2919 1240 2979 post
1259 2910 1397 2981 eligimus,
1416 2919 1447 2966 ut
1475 2910 1663 2982 praeferamus.
1693 2911 1747 2980 Qui

112 3013 140 3058 at
155 3018 214 3057 nou
229 3003 284 3057 sub
300 3002 405 3073 litrgna,
425 3002 447 3058 si
470 3003 585 3073 loquens
612 3004 753 3075 hypocrita
774 3003 905 3058 nralitiann
920 3039 942 3097 C
959 3017 1024 3074 ergo
1038 3017 1119 3073 opera
1132 3002 1203 3057 mala
1217 3002 1327 3070 deserit,
1343 3011 1371 3059 et
1382 3003 1452 3059 bona
1467 3004 1602 3074 posterius
1612 3001 1688 3074 lacit,
1699 3020 1748 3076 per

112 3109 172 3148 suae
186 3093 335 3163 pravitatis
350 3093 477 3164 aperiret.
505 3093 568 3160 Sed,
591 3094 663 3150 sicut
684 3093 906 3165 pleriquejusto·
958 3093 1011 3150 boe
1024 3094 1097 3165 quod
1108 3093 1185 3149 addit
1206 3102 1372 3150 transactam
1396 3095 1547 3166 negantium
1560 3097 1627 3168 tegit
1640 3095 1744 3153 utboni

113 3201 190 3252 rum,
214 3200 279 3240 cum
301 3187 541 3257 quosdam'agere
575 3201 703 3257 peruerse
721 3186 804 3258 226
830 3187 901 3256 aspi·
957 3185 1046 3255 operis
1060 3186 1340 3255 meritasnperducan

114 3280 205 3344 munt,
235 3277 283 3348 qui
299 3278 455 3335 durissunt
476 3278 709 3349 increpationibus
734 3278 848 3334 leriendi
878 3279 905 3333 in
993 3276 1068 3346 (ιιι)
1082 3276 1435 3347 Drisnominepraedieator
1451 3288 1563 3336 sanetus
1577 3281 1743 3351 designatur,

113 3370 210 3441 llurgna
226 3371 402 3440 asperitatem
418 3378 540 3437 surmunt,
561 3371 607 3427 sed
625 3371 678 3426 sub
699 3370 791 3441 lingua
807 3356 913 3427 mentis*
957 3367 1029 3424 sicut
1041 3382 1089 3438 per
1100 3367 1259 3438 prophetam
1279 3368 1412 3425 Dominus
1430 3369 1515 3425 dicit:
1530 3368 1561 3426 Si
1582 3373 1746 3441 seporoueria

115 3480 174 3519 suu
189 3463 385 3535 benignitatem
400 3471 558 3535 contegunt.
582 3460 664 3518 {inde
682 3470 784 3517 sunctae
811 3460 900 3518 Eccle·
956 3459 1099 3528 pretiosum
1116 3475 1132 3511 o
1151 3458 1206 3524 uili,
1219 3451 1295 3528 guasi
1308 3474 1337 3513 os
1349 3460 1495 3516 cucumeris
1513 3459 1593 3532 (len,
1608 3477 1676 3530 xvir,
1689 3462 1745 3534 ll).

115 3555 164 3609 siae
178 3553 281 3624 sponsi
295 3568 362 3609 voce
375 3553 497 3609 dicitur:
518 3551 572 3607 llel
593 3562 618 3608 ct
637 3553 680 3607 luo
694 3553 743 3608 eui
756 3553 847 3624 lingna
859 3563 906 3608 tua
958 3539 1103 3606 Sciendum
1125 3559 1290 3620 magnopere
1311 3557 1353 3605 est
1367 3539 1431 3620 quia
1453 3559 1558 3606 tantum
1575 3567 1746 3623 unaquaeqne

114 3645 212 3714 (Ceut.
231 3648 260 3712 l,
279 3645 334 3714 ll).
358 3643 409 3711 Qui
431 3645 504 3700 enim
533 3645 633 3702 mentis
660 3661 717 3702 snae
736 3645 905 3701 dnlcedinem
956 3635 1083 3692 enimait
1092 3637 1236 3705 pretiosior
1245 3645 1309 3693 ante
1320 3633 1748 3712 oculosDcl,quautoproamore
1855 3657 1861 3664 ·

115 3735 225 3806 aperire
238 3735 355 3791 infirmis
373 3736 480 3802 uolunt,
503 3737 551 3793 sed
565 3737 708 3807 loquentes
724 3735 842 3807 quadam
858 3751 906 3793 eos
958 3729 1082 3785 ueritatis
1106 3728 1188 3784 luerit
1209 3730 1363 3800 despectior
1377 3733 1440 3786 anie
1461 3733 1555 3789 ocutos
1578 3748 1655 3791 suos.
1676 3733 1746 3791 ilinc

114 3829 267 3900 asperitate
299 3827 418 3894 feriunt,
444 3828 573 3883 emittunt
602 3827 726 3898 quaedam
756 3827 855 3883 blanda
880 3835 907 3883 et
957 3820 990 3876 ud
1002 3811 1068 3874 Saul
1079 3818 1193 3875 dieitur:
1209 3818 1314 3886 Nonne,
1328 3836 1388 3874 eum
1405 3822 1531 3890 porcellus
1549 3838 1616 3878 essee
1632 3824 1661 3877 iu
1682 3840 1747 3880 ocu·
1784 3813 1787 3820 ’

114 3915 208 3976 dulcia
225 3919 327 3989 quibus
344 3919 504 3975 contristata
525 3933 602 3974 mens
617 3918 644 3972 in
654 3919 695 3972 eis
711 3918 798 3988 possit
810 3933 844 3973 cx
856 3918 906 3973 be-
957 3911 991 3966 lis
1005 3912 1069 3977 tuta,
1084 3919 1163 3981 ceput
1177 3920 1203 3965 te
1215 3907 1382 3966 eonstituiin
1395 3911 1514 3966 tribulus
1525 3911 1631 3969 lsrael?
1641 3908 1670 3987 (l
1678 3915 1743 3988 Rip.

113 4015 251 4086 nignitate
280 4013 407 4069 reloreri.
444 4012 481 4068 lta
516 4012 638 4083 peremi
664 4013 765 4083 quique
792 4027 848 4068 noa
876 4013 905 4068 in
956 4019 1003 4088 ιι,
1019 4001 1077 4073 ti.)
1090 4001 1129 4057 lle
1140 4001 1164 4056 si
1179 4009 1272 4072 aperte
1295 4001 1543 4076 diceretztlagous
1565 4007 1633 4062 milui
1657 4007 1746 4074 luisti,

112 4107 223 4177 ιιιιςιιι,
243 4106 293 4161 seul
315 4106 367 4161 sub
394 4105 488 4176 lingua
523 4103 634 4171 habeut,
660 4105 706 4175 qrri
734 4105 906 4162 sermonibus
957 4095 1022 4166 quia
1034 4094 1177 4164 despectus
1204 4092 1250 4148 tibi
1266 4110 1307 4161 es,
1330 4092 1419 4151 lactus
1446 4110 1476 4152 es
1497 4096 1641 4168 despectus
1664 4099 1743 4156 mibi.

112 4200 210 4255 blein
234 4196 416 4267 madunt,
440 4193 693 4267 eteogiutiouiuus
708 4209 906 4266 penersamo-
958 4175 1097 4257 Undeper
1111 4186 1269 4256 prophetam
1282 4186 1403 4244 dicitur:
1424 4180 1746 4259 Voouteoptenteeenle

112 4290 233 4345 liuntur.
250 4287 374 4343 llineest
395 4287 467 4342 etaim
482 4284 762 4357 qnodloubbmusae
783 4295 907 4342 mentam
957 4278 1077 4332 {uocalis
1092 4277 1195 4344 uertite,
1227 4277 1253 4331 el
1276 4293 1365 4331 eorum
1395 4277 1585 4350 uobismetipsis
1603 4281 1745 4351 prudentes

112 4383 228 4438 &utera
251 4380 354 4446 munit,
370 4379 417 4434 sed
439 4379 580 4434 sinistram
594 4380 628 4432 ad
652 4377 772 4448 gladium
792 4377 906 4433 latenter
923 4367 1026 4442 lt(lso.
1042 4388 1069 4438 ι,
1085 4370 1143 4456 21).
1157 4369 1245 4426 Tanto
1256 4369 1482 4441 ergolltqulsque
1493 4370 1745 4443 viliorDeoquanto

112 4478 240 4543 mittens,
253 4473 314 4543 ejus
326 4472 428 4527 viscera
441 4469 545 4527 alludit.
573 4471 688 4527 Dextera
710 4471 810 4541 quippe
830 4485 907 4524 men·
958 4462 1105 4533 pretiosior
1115 4461 1183 4527 sibi;
1198 4467 1274 4516 tanto
1287 4458 1432 4531 pretiosior
1444 4461 1509 4527 Deo,
1523 4471 1626 4530 quanto
1634 4474 1745 4535 proptor

112 4577 172 4623 unm
193 4563 343 4629 concresse
363 4564 440 4635 qnasi
464 4563 677 4634 esbenignitatc
695 4561 824 4618 blandiri,
853 4557 906 4616 sod
957 4559 1019 4607 eum
1047 4550 1128 4605 uilior
1153 4549 1216 4616 sibi,
1230 4550 1295 4621 quia
1317 4550 1429 4605 dumille
1454 4552 1570 4621 respicit,
1595 4561 1620 4606 et
1647 4554 1705 4607 ulta
1728 4571 1745 4609 o

112 4664 261 4718 maistram
274 4658 308 4714 atl
321 4658 440 4729 gladium
453 4657 546 4723 mittit,
569 4657 614 4727 qui
629 4648 743 4712 latenter
757 4671 790 4710 ex
802 4654 905 4710 malitia
957 4642 1032 4713 louge
1046 4641 1179 4712 ⁶⁰9¹²⁰⁸⁶f¹
1192 4639 1278 4712 (M-
1289 4649 1409 4707 fflss‘ll,
1420 4639 1461 4711 fil·
1472 4640 1544 4696 Deua
1553 4640 1745 4712 erllDdicilur:

112 4752 247 4825 parentii·
276 4749 347 4805 ilinc
365 4749 399 4804 do
412 4749 472 4819 ipso
497 4747 816 4819 quoquecapiteeomm
835 4745 906 4822 seri·
958 4732 1501 4805 Siaeporouerispretiosumouill,quusi
1521 4746 1550 4787 ot
1575 4748 1661 4786 meum
1678 4734 1743 4792 eris.

111 4857 193 4916 mum
207 4850 273 4898 est:
291 4840 345 4897 Sul
366 4840 529 4911 linguoeiue
548 4835 905 4909 laboretdolorlPsol.rx,
957 4826 1026 4883 iilis
1040 4827 1139 4897 quiippe
1163 4824 1219 4880 Deo
1232 4833 1274 4879 est
1287 4825 1406 4879 mundus
1423 4833 1555 4894 praesens,
1570 4824 1689 4895 pretiosa
1701 4838 1744 4884 est

107 4938 195 5008 juxta
220 4935 329 5004 Deba).
356 4931 409 4998 Qui
431 4943 485 4986 non
510 4938 603 5000 aperte
625 4920 696 4985 mala
721 4944 783 4999 nuuc
806 4928 907 4999 cogitat
956 4919 981 4975 ei
997 4917 1231 4973 animalunmana.
1248 4915 1396 4987 Quiaergo
1414 4915 1743 4989 pretiosumauiliscpaa

109 5029 247 5092 osoendit,
262 5027 384 5082 laborem
399 5024 564 5079 etdotorem
582 5036 677 5078 eornm
699 5035 817 5090 quorum
829 5033 906 5076 mor·
956 5019 1043 5074 ratur,
1072 5011 1150 5082 quasi
1172 5025 1205 5065 os
1228 5008 1336 5063 Domini
1361 5016 1489 5075 uocatur,
1515 5009 1580 5078 quia
1601 5025 1650 5081 per
1678 5028 1741 5066 enen

110 5132 170 5178 um
194 5119 307 5192 appetit,
322 5133 377 5174 nou
398 5116 432 5171 in
451 5116 542 5187 lingua
555 5104 652 5180 cuerit,
684 5112 732 5169 sed
746 5112 798 5195 sub
813 5105 906 5184 lingua
957 5105 1090 5161 Dominus
1108 5111 1157 5158 sua
1170 5101 1252 5156 rerba
1276 5100 1371 5167 exerit,
1395 5099 1442 5170 qui
1466 5100 1502 5156 ab
1524 5115 1618 5157 amore
1637 5101 1741 5164 saeculi,

107 5213 224 5287 premit.
956 5195 1094 5269 loquendo
1109 5208 1170 5265 quae
1188 5198 1277 5263 potest
1289 5193 1437 5247 brumanam
1447 5192 1567 5247 animum
1586 5192 1687 5250 evellit.

148 5303 228 5372 (aot)
256 5291 318 5356 Oris
340 5291 566 5356 nominelocutio
591 5291 760 5365 designatur,
774 5293 906 5365 siculpcr
992 5288 1067 5360 (eoo)
1088 5285 1151 5341 Oris
1176 5284 1287 5339 nomine
1317 5279 1480 5355 Unigenitus
1504 5283 1551 5338 Dei
1571 5271 1741 5353 designatur,

107 5393 226 5453 marum
241 5387 295 5449 lob
315 5392 435 5448 dicitur:
452 5382 562 5445 Donum
582 5397 655 5442 tuom
670 5401 766 5457 ponem
785 5400 863 5455 super
877 5400 906 5440 os
956 5380 1027 5436 sicut
1039 5377 1158 5449 perEliu
1170 5376 1287 5432 dieitur:
1304 5373 1399 5430 Artdiet
1416 5375 1577 5430 auditionem
1593 5375 1622 5427 iu
1643 5381 1742 5427 urrora

107 5485 279 5554 mullei
310 5500 405 5551 xxxix,
428 5483 485 5554 al).
511 5479 570 5538 Usu
584 5479 657 5538 enim
672 5477 743 5535 sacri
756 5473 858 5548 eloquii
878 5475 905 5531 in
956 5471 1103 5541 uocisejua,
1119 5477 1144 5524 ct
1168 5482 1260 5523 sottum
1275 5466 1306 5520 de
1322 5479 1367 5520 ore
1391 5466 1466 5520 illius
1487 5464 1547 5537 (lob
1571 5479 1675 5532 ιιιιιι,
1699 5462 1741 5538 ι).

145 5597 226 5677 lm)
247 5593 379 5656 Ει1.ιι,
396 5592 422 5648 in
437 5590 499 5674 lob,
514 5608 539 5648 o.
554 5609 581 5660 ι,
594 5599 657 5648 aule
670 5589 764 5646 linem.
992 5585 1056 5649 (ιιι
1082 5582 1122 5638 Ex
1138 5584 1156 5639 l.
1169 5599 1235 5638 xrrn
1251 5582 1289 5665 ¹in
1302 5580 1364 5649 lob,
1388 5596 1413 5636 c.
1430 5597 1474 5634 ss.
1502 5650 1517 5667 .

147 5668 226 5740 gilii)
247 5664 286 5719 Es
306 5666 324 5721 l.
342 5680 427 5731 ussit,
442 5680 469 5718 ru
484 5681 509 5720 e.
524 5678 555 5719 n.
991 5656 1055 5728 (ιιι
1080 5652 1118 5724 Eu
1130 5654 1149 5709 l.
1164 5669 1239 5709 suun
1250 5669 1278 5708 m
1295 5650 1356 5720 lob,
1368 5666 1428 5722 cup.
1443 5666 1470 5720 x,
1485 5651 1528 5705 lu.
