3817 6000
96 240 163 297 ttt5

394 237 672 298 CllhlliENlelthl
693 239 727 294 m
745 237 920 295 psalmos,
939 268 973 279 -
991 236 1083 292 PARS
1101 236 1145 290 tt.
1171 266 1200 276 -
1217 233 1319 288 psat.
1340 232 1432 287 hl'lll.

1652 221 1722 282 tato

93 356 270 428 magisteriali
294 372 343 414 seu
370 357 459 430 legali,
475 359 548 413 sieut
568 365 643 428 patet
657 356 684 410 in
700 355 781 413 dictis
795 355 881 426 Moysi
896 356 920 413 A
934 352 1008 408 socia
1028 360 1056 408 et
1077 366 1171 407 eomes
1191 348 1341 409 individua.
1359 356 1389 401 ut
1415 356 1441 401 et
1467 345 1593 400 inimicos
1615 343 1723 405 sortiter

94 450 282 521 redarguentis
296 449 394 521 impios
405 460 623 505 murmuratores
645 466 652 503 ε
670 449 706 504 ita
723 449 806 504 etiam
825 448 882 503 dis·

93 544 228 615 diplinate
254 542 487 599 murmurationes
514 543 652 607 consopiri
667 543 767 598 dehent
786 560 801 598 a
821 558 881 598 ma-

93 635 186 706 gistris
196 635 295 706 partim
306 634 441 691 rationem
453 650 602 707 congruam
618 634 805 702 reddentibus,
819 651 883 706 par-

94 731 142 786 tim
161 729 305 799 subjuncta
320 728 373 785 sibi
391 729 545 784 ministeria
569 729 694 785 consulto
716 729 884 801 disponenti·

94 819 156 885 irus,
171 820 295 876 utelaret
315 821 343 877 in
367 821 481 877 Actibus
501 821 702 890 apestolorum·
718 821 758 877 sic
784 820 884 876 incien-

95 914 174 980 tium,
192 914 232 970 sic
247 929 373 968 murmur
393 914 641 982 compescentium.
668 911 701 967 m
725 928 760 967 ne
784 928 882 983 parum

95 1001 210 1058 lurtasse
222 1003 358 1058 movearis
370 1002 504 1071 exemplis
518 1002 661 1058 hominum
676 1004 728 1059 sub
747 1012 891 1074 potestate·

96 1094 142 1150 bei
156 1096 366 1151 constitutorum
388 1103 414 1149 et
435 1093 594 1150 habentium
618 1094 671 1151 suh
693 1111 723 1150 se
746 1094 881 1160 homines,

933 459 1082 515 premeres,
1096 452 1123 497 et
1136 458 1180 497 me
1191 441 1404 499 misericorditer
1418 439 1525 495 loveres
1537 448 1564 493 tu
1580 437 1686 492 fortiter
1695 443 1724 493 et

934 536 1053 592 suaviter
1067 536 1216 606 disponens
1228 536 1330 600 omnia,
1343 549 1393 605 ego
1414 547 1469 588 non
1497 531 1586 587 solum
1607 529 1723 584 cantabo

933 628 1117 698 fortitudinem
1141 626 1294 682 contrarias
1315 625 1432 681 virtutes
1457 631 1643 696 prementem,
1672 619 1722 677 sed

933 722 1016 776 etiam
1028 720 1154 775 exaltabo
1172 720 1383 774 misericordiam
1396 718 1517 774 suaviter
1531 717 1721 787 disponentem

933 823 1032 870 cuneta
1046 813 1114 869 mibi
1126 829 1265 884 prospera,
1286 821 1385 868 cuneta
1404 810 1535 877 salubria,
1554 810 1632 880 justa
1647 809 1721 880 qrrod

933 907 1045 978 qnidam
1060 922 1091 961 er
1107 906 1208 961 nostris
1222 906 1280 960 ait:
1296 923 1305 955 ι
1322 905 1430 961 Scimus
1454 904 1584 974 quoniam
1606 902 1723 972 diligen-

934 999 1007 1054 tibus
1022 998 1106 1053 boum
1125 997 1216 1052 omnia
1232 1004 1413 1067 cooperantur
1432 995 1458 1049 iu
1471 996 1584 1058 bonurn,
1607 993 1651 1048 his
1674 990 1722 1062 qui

934 1092 1083 1147 secundum
1099 1090 1269 1162 propositum
1283 1088 1371 1145 vocati
1382 1097 1447 1145 sunt
1458 1085 1546 1143 sancti
1561 1084 1648 1158 (Rom
1661 1099 1720 1149 vm,

95 1187 153 1257 ipse
171 1186 295 1242 omnium
311 1185 456 1254 Dominus,
476 1186 524 1257 qui
549 1203 633 1258 super
658 1203 755 1243 omrres
778 1197 829 1253 est,
848 1188 883 1243 ad
931 1184 989 1253 ιθ).
1012 1203 1022 1236 ι

94 1278 166 1333 idern
184 1287 211 1333 te
229 1277 368 1344 iulormat,
380 1279 465 1349 quiet
480 1281 582 1350 populo
598 1280 800 1350 indisciplinate
811 1297 884 1335 mur·
933 1278 945 1337 ,³
969 1275 1029 1332 Non
1041 1276 1103 1332 dieo
1114 1274 1321 1345 presentialiter
1336 1294 1342 1329 :
1357 1274 1444 1329 Carrto
1461 1272 1656 1345 fortitudinem,
1674 1286 1724 1325 ex·

95 1370 214 1426 maranti
228 1378 324 1428 corrtra
343 1386 373 1428 se
388 1387 421 1427 ac
446 1386 511 1427 suus
527 1371 643 1427 lamulos
667 1373 762 1447 plagas
786 1372 884 1445 ignito-
934 1369 990 1423 alto
1005 1369 1226 1434 mirericordiam,
1244 1367 1374 1438 qnoniam
1397 1366 1487 1421 adhue
1511 1374 1618 1435 ternpus
1641 1362 1723 1419 tiondr

94 1478 155 1517 rum
177 1463 345 1533 serpentium
371 1472 399 1519 et
423 1462 540 1520 aliarum
570 1465 700 1521 naortinar
727 1466 884 1523 terribiliter
933 1469 1015 1517 estet
1028 1460 1209 1527 nonridendi,
1223 1459 1344 1531 quarrdiu
1359 1458 1399 1523 hi,
1414 1457 1461 1527 qui
1474 1454 1725 1514 eorrvertunturod

95 1554 218 1621 immisit,
232 1564 259 1609 et
274 1554 363 1610 Paulo
379 1556 503 1626 apostolo
516 1555 543 1610 in
561 1556 689 1626 precibus
700 1559 884 1614 murmuranti
934 1568 1077 1624 vesperam,
1100 1553 1197 1622 samem
1222 1553 1364 1624 patiuntur
1386 1561 1415 1605 m
1443 1569 1533 1618 carrea,
1561 1566 1594 1607 ac
1609 1548 1725 1620 proinde

94 1656 204 1716 propter
223 1647 366 1703 stimulum
385 1647 488 1714 earnis,
513 1648 640 1719 angelum
667 1646 786 1717 Satanae,
806 1652 883 1708 aulo·
935 1663 1109 1703 murmurare
1125 1647 1216 1718 potins
1231 1663 1313 1718 quam
1325 1654 1437 1703 cantare
1451 1645 1655 1707 illiseonvcnit,
1668 1659 1724 1699 non

92 1737 207 1793 rendum
220 1753 235 1792 a
250 1753 290 1800 se,
308 1738 351 1809 pie
362 1735 495 1793 satisfecit
509 1738 609 1808 partim
634 1738 773 1795 reddendo
798 1740 883 1799 ratio·
897 1719 919 1774 Β
935 1747 1025 1792 tamen
1036 1747 1130 1793 contra
1148 1736 1304 1803 Dominum,
1320 1738 1367 1793 sed
1391 1736 1425 1792 ad
1447 1736 1604 1800 bantinum,
1630 1735 1726 1805 praeei-

95 1841 167 1894 nem,
181 1844 230 1883 eur
244 1843 306 1884 eum
323 1828 402 1884 tertio
417 1837 559 1899 rogantem
574 1845 628 1884 nora
644 1830 805 1899 exaudierit,
824 1849 884 1903 par·
935 1845 987 1899 pue
1000 1830 1035 1883 od
1049 1847 1192 1901 vesperam,
1207 1831 1336 1901 quoniam
1355 1849 1366 1882 r
1384 1829 1417 1886 ad
1434 1844 1575 1900 resperam
1599 1828 1725 1883 demora-

94 1920 141 1974 tirn
158 1935 268 1990 quoque
280 1919 482 1991 augmentando
497 1920 608 1979 virtutis
621 1922 748 1993 gratiam,
761 1939 842 1994 quam
854 1926 882 1980 in
935 1921 1009 1976 bitur
1020 1922 1099 1977 lletus
1115 1921 1201 1995 (Psoi.
1229 1938 1304 1988 arur,
1321 1924 1360 1991 6),
1381 1941 1390 1974 r
1409 1922 1436 1976 in
1461 1938 1515 1992 qua
1533 1936 1615 1976 verus
1639 1919 1725 1973 llarid

94 2011 251 2067 trrtrmftaro
281 2011 440 2082 hujusmodi
467 2013 586 2069 asseruit
610 2014 649 2069 illi
677 2016 880 2086 perficiendam.
935 2013 1069 2083 sepultus,
1087 2022 1168 2083 atque
1189 2030 1203 2068 a
1221 2014 1385 2069 satellitibus
1399 2013 1495 2068 mortis
1518 2012 1648 2067 obsessus
1675 2010 1724 2065 loir

95 2101 171 2159 Unus
187 2105 239 2160 iste
267 2103 319 2159 luit
340 2120 373 2159 ex
392 2104 447 2160 illis
471 2103 552 2160 honis
567 2108 829 2176 murmuratoribus,
849 2107 884 2164 dc
935 2106 1227 2178 plangentilrusamieis
1240 2116 1265 2161 et
1280 2105 1724 2171 exsultantibusinirnieis,verum

93 2192 219 2263 qnalbns
234 2194 278 2249 hic
293 2194 321 2249 in
333 2193 439 2263 psalmo
452 2194 570 2249 dieitur:
586 2194 643 2265 ipsi
657 2197 883 2268 dispergenturad
935 2199 1121 2269 subsequente
1139 2217 1148 2249 ι
1166 2213 1257 2265 mane,
1275 2199 1308 2253 ad
1318 2194 1490 2253 'oratoriarum
1505 2198 1598 2253 laetitia
1614 2198 1720 2267 (midde

93 2287 319 2350 manducandum,
330 2288 355 2341 si
369 2303 428 2342 nero
442 2303 494 2340 non
511 2288 609 2358 [nerim
630 2291 756 2356 saturati,
770 2300 795 2344 et
810 2307 883 2345 mur·
935 2288 989 2345 luit
1005 2288 1112 2355 anrieis,
1126 2298 1153 2344 et
1167 2304 1329 2344 econverso
1351 2289 1460 2344 tristitia
1479 2288 1610 2354 inimicis,
1628 2288 1724 2358 praeei-

94 2376 244 2432 nrnrolrnnt.
265 2381 363 2433 Arrana
382 2393 434 2433 vox
458 2380 655 2435 murmurantis
669 2391 721 2449 est,
736 2383 809 2453 quod
823 2400 884 2440 ver·
935 2380 1054 2453 paenis,
1072 2381 1119 2451 qui
1132 2381 1323 2436 custodiebant
1343 2378 1517 2450 sepulcrum,
1544 2380 1587 2434 vel
1605 2379 1666 2450 qui,
1677 2394 1725 2435 eo·

93 2470 135 2527 bis
152 2470 238 2538 isaiae,
252 2472 316 2527 item
331 2472 395 2528 honi
412 2477 636 2544 ruurnmratoris,
656 2479 714 2550 ipse
733 2480 882 2551 Apostolus
934 2483 1062 2529 emerunt
1086 2473 1270 2539 mendacium,
1290 2487 1345 2542 <1¹1⁰
1369 2472 1573 2543 V11¹8³¹⁰ti¹¹³⁵l
1597 2471 1725 2542 discipuli

93 2563 178 2618 dicit:
197 2582 206 2613 r
224 2562 414 2637 nomineque
426 2565 655 2624 crediditauditni
670 2579 805 2639 nostro,et
816 2572 882 2629 bra·
935 2565 1019 2621 iurati
1036 2576 1137 2631 essent,
1154 2564 1294 2622 Christum
1308 2581 1424 2637 corpore
1438 2575 1503 2621 tunc
1517 2566 1638 2622 occisum
1650 2567 1725 2622 vole-

93 2653 185 2708 chium
198 2652 306 2709 Domini
334 2656 376 2711 cui
397 2656 545 2712 revelatum
564 2659 623 2714 est?
644 2658 732 2731 illurn.
753 2678 781 2728 x,
797 2662 854 2734 16.)
870 2683 880 2717 ι
934 2661 1002 2717 hant
1012 2676 1121 2732 quoque
1133 2662 1160 2716 in
1170 2660 1267 2731 spiritu
1281 2659 1446 2727 interlicere,
1458 2668 1487 2714 ut
1499 2659 1626 2714 videlicet
1644 2674 1724 2715 nemo

94 2741 133 2800 lta
149 2756 321 2801 murmurant
333 2747 397 2805 honi
413 2748 531 2805 larnelici
544 2751 697 2806 esurientes
718 2760 745 2808 ot
759 2753 882 2810 sitientes
935 2754 1059 2811 crederet
1073 2769 1137 2809 eum
1152 2754 1252 2819 vivere,
1267 2761 1348 2822 atque
1370 2752 1407 2807 ita
1428 2765 1509 2807 nemo
1521 2750 1674 2807 salvaretur
1695 2751 1725 2806 in

90 2834 240 2907 justitiam,
262 2840 414 2897 esurientes
427 2849 454 2895 et
476 2841 611 2910 sitientes,
631 2852 661 2900 ιιι
685 2844 773 2911 decet,
794 2844 883 2900 adina·
935 2844 988 2900 lide
1003 2843 1100 2914 ipsius.
1116 2840 1174 2897 linc
1198 2841 1329 2896 nimirum
1346 2840 1511 2913 praepositus
1523 2842 1620 2897 mortis
1632 2840 1725 2895 diabo-

94 2929 160 3002 pleri
184 2946 293 2987 omnem
313 2932 448 3004 justitiam
468 2933 573 3002 dudan,
588 2935 707 3007 primum
734 2944 761 2991 et
775 2935 881 3005 Graeco,
935 2936 979 2993 lus
991 2934 1159 3003 intendebat,
1173 2934 1289 3006 quondo,
1311 2943 1340 2989 ut
1368 2933 1396 2988 in
1423 2934 1502 2989 titulo
1521 2932 1619 3005 psalmi
1641 2932 1724 3004 hujus

94 3024 296 3081 circumcisioni
315 3027 397 3083 simul
421 3037 448 3084 et
473 3030 605 3100 praeputio
629 3031 663 3086 ad
691 3030 744 3086 hoc
758 3033 917 3127 proponi-C
935 3038 1055 3090 notatur,
1073 3029 1156 3095 misit,
1170 3038 1194 3082 et
1207 3027 1348 3083 custodiuit
1362 3027 1469 3080 domum
1482 3027 1551 3096 einr,
1576 3036 1606 3080 nt
1623 3025 1725 3096 interfi-

94 3124 161 3180 tam.
177 3124 207 3170 ut
223 3133 254 3172 er
271 3118 378 3175 drrobus
391 3120 542 3190 parietibus
555 3137 604 3192 per
619 3139 703 3176 unum
723 3124 882 3195 augularem
933 3131 1003 3177 aeret
1016 3138 1087 3190 enm,
1100 3137 1134 3178 ne
1146 3124 1208 3192 quis
1219 3121 1340 3178 erederet
1353 3119 1381 3175 in
1395 3136 1458 3174 eum
1469 3120 1548 3191 quasi
1558 3117 1660 3175 abolito
1677 3119 1724 3174 illo

93 3207 209 3278 lapidem
221 3208 324 3279 junctis
337 3227 389 3265 una
405 3211 562 3282 perficiatur
573 3213 704 3281 Ecclesia,
714 3231 768 3271 una
784 3216 883 3274 domus
933 3214 1092 3285 triumphali
1107 3214 1196 3281 titulo,
1211 3230 1266 3286 quo
1288 3212 1369 3270 iesus
1381 3212 1540 3269 Nazarenus
1552 3229 1600 3268 res
1613 3211 1724 3269 ludaeo-

93 3316 236 3370 nnnqnam
253 3301 359 3356 ruitura
373 3320 380 3369 ;
397 3318 458 3374 qrrae
471 3304 594 3384 quandiu
608 3320 663 3360 non
681 3315 724 3361 est
735 3307 882 3377 completa,
933 3321 996 3360 rum
1006 3306 1183 3375 elarilieatur,
1196 3309 1260 3377 qrria
1271 3306 1330 3363 haec
1343 3306 1484 3377 inscriptio
1493 3321 1548 3361 nou
1562 3321 1724 3377 corrumpe·

93 3399 250 3447 murmurat
274 3403 434 3450 sanctorum
449 3394 517 3452 tides
533 3395 669 3464 famelica,
686 3405 751 3453 tarne
773 3398 805 3454 ad
827 3399 885 3469 ple·
933 3409 990 3464 tur,
1000 3416 1061 3471 quae
1072 3401 1135 3461 licet
1148 3402 1308 3459 imminente
1322 3401 1484 3474 vespera,in
1496 3418 1550 3473 qua
1564 3403 1723 3458 demoratur

95 3498 161 3537 num
176 3485 313 3552 satianda,
329 3486 439 3556 quando
453 3496 553 3543 cuncta
567 3489 752 3545 rectecredita
771 3490 884 3546 invene—
934 3491 1023 3556 lletus,
1040 3493 1153 3548 minime
1163 3494 1200 3549 sit
1210 3494 1374 3564 quibusdam
1390 3494 1548 3565 conspicua,
1564 3503 1652 3549 tamen
1666 3494 1724 3549 cla-

93 3576 132 3632 rit
148 3579 281 3647 completa
297 3598 304 3633 :
318 3580 597 3653 murmuratquisque
609 3582 882 3654 fideliumquamlin,
933 3594 1058 3641 resecate
1080 3602 1156 3640 morae
1170 3585 1291 3641 diluculo
1316 3587 1527 3642 resurrectionis
1552 3586 1665 3651 Christi,
1681 3587 1723 3643 vel

93 3669 168 3740 qrrod
181 3670 277 3738 credit,
292 3687 347 3725 non
363 3672 436 3727 videt
450 3674 629 3743 completum.
932 3677 1015 3734 etlam
1030 3679 1155 3748 corporis
1178 3678 1238 3748 ejus
1256 3679 1340 3733 totius
1351 3679 1379 3733 in
1397 3681 1459 3745 line,
1476 3680 1511 3734 ad
1538 3696 1618 3749 quern
1637 3679 1724 3737 tendit

130 3761 214 3819 Vens.
231 3765 275 3819 li.
299 3763 355 3835 Ego
370 3775 458 3819 autern
483 3765 606 3821 cantabo.
626 3766 683 3839 Ego
705 3777 762 3823 tota
788 3777 881 3825 sancta
932 3770 1057 3841 psalmus
1078 3769 1139 3837 iste,
1164 3770 1292 3826 omnibus
1312 3779 1367 3825 tam
1392 3769 1512 3826 inimicis
1529 3787 1611 3841 qnam
1626 3772 1724 3828 amicis

93 3854 217 3913 Ecclesia
228 3857 337 3912 tandem
350 3858 494 3928 completis
512 3860 642 3917 omnibus
664 3860 786 3916 aedillciis
814 3863 883 3919 meis
932 3861 1152 3917 manifestabitur
1167 3862 1268 3918 veritas
1291 3860 1505 3932 incorruptibilis
1518 3862 1601 3932 hujus
1623 3862 1723 3920 inscri-

91 3959 283 4007 consummata
298 3968 304 4004 :
320 3951 360 4006 vel
374 3966 425 4022 ego
438 3951 623 4024 quodcunque
652 3955 805 4010 membrum
819 3971 883 4010 con·
932 3952 1035 4023 ptinnis
1049 3954 1083 4007 ad
1099 3953 1215 4024 gloriam
1233 3951 1298 4008 lesu
1315 3951 1447 4007 Nazareni
1458 3954 1531 4025 regis
1547 3952 1717 4011 ludaeorum.

94 4037 238 4099 summotae
246 4043 304 4114 jam
326 4040 455 4099 Ecclesiae
468 4044 582 4100 cantabo
599 4046 881 4117 tortitudinemtunm,
931 4046 1627 4120 Toncegoludaeus,nuncverecondtensetmeam
1639 4050 1723 4106 misc·

92 4144 119 4188 et
129 4133 251 4190 exaltabo
262 4150 339 4189 mone
354 4136 564 4191 mirericordiam
589 4145 674 4205 loom,
695 4137 769 4195 Deus
791 4155 880 4196 meus.
931 4137 1002 4193 riam
1015 4148 1042 4194 et
1053 4138 1140 4208 ipsius
1153 4138 1381 4204 misericordiam,
1393 4149 1470 4206 tnnc,
1480 4139 1722 4211 inquam,eantolro

94 4226 203 4293 Quare?
221 4227 273 4295 Qui
288 4229 375 4298 [actas
387 4245 414 4283 ee
429 4237 660 4300 surreptormenr.
677 4229 718 4285 Tu
734 4230 818 4300 idem,
834 4232 882 4304 qui
932 4231 1115 4302 fortitudinem
1133 4231 1193 4301 ejus
1223 4240 1249 4286 ιι
1266 4232 1388 4286 exaltabo
1412 4232 1623 4290 mirericordiam
1641 4245 1722 4304 prout

94 4316 166 4376 Deus
181 4336 311 4387 meuses,
326 4322 391 4392 quia
414 4321 514 4378 creasti
537 4338 591 4391 me,
614 4339 677 4379 cum
702 4340 756 4380 aon
779 4340 880 4404 essem,
932 4325 1322 4381 modovotumvoveodicens
1339 4343 1346 4379 :
1363 4323 1722 4396 Egoorrtemcanmboporti-
1762 4361 1766 4370 .

92 4423 227 4483 susceptor
240 4429 349 4484 quoque
361 4430 479 4483 menses,
490 4415 554 4485 atria
565 4426 663 4472 natura
676 4432 736 4472 mea
745 4416 772 4473 in
786 4427 811 4473 te
821 4419 884 4475 sus·
898 4414 921 4470 D
935 4417 1053 4471 tudinem
1067 4425 1150 4482 tuam,
1163 4426 1188 4472 et
1198 4416 1322 4471 exaltabo
1334 4433 1410 4470 neone
1419 4416 1720 4472 ndaericordimntnam.

93 4512 170 4574 cepta
183 4505 293 4559 salvasti
309 4521 362 4572 mo,
378 4522 440 4561 eum
460 4506 487 4562 in
508 4507 660 4577 perditione
675 4507 800 4565 inissem.
818 4508 882 4566 ldeo
969 4508 1017 4565 Vel
1030 4527 1117 4577 mone,
1133 4510 1209 4565 imita
1230 4519 1309 4565 noete
1320 4509 1454 4579 cujusque
1474 4508 1661 4565 tribulationis
1674 4515 1723 4565 aut

93 4615 148 4653 mm
165 4615 252 4654 meam
263 4599 373 4670 jactabo
386 4601 585 4669 fortitudinem,
599 4618 661 4673 qum
676 4603 749 4658 nulla
764 4612 816 4672 est,
834 4605 882 4660 sed
932 4602 1101 4668 tentationis,
1115 4617 1169 4656 non
1182 4617 1226 4659 me
1236 4601 1347 4672 jactabo
1360 4600 1440 4671 qnasi
1451 4600 1596 4657 liberatum
1611 4602 1723 4673 propria

91 4692 204 4748 contulo
218 4692 398 4764 fortitudinem
412 4705 579 4767 trinamque
596 4695 762 4753 invincibilis
782 4706 835 4762 est,
855 4707 883 4754 et
931 4693 1032 4748 virtute
1042 4702 1091 4748 aut
1105 4693 1214 4764 pietate,
1229 4692 1277 4755 sed
1299 4690 1422 4746 exultabo
1439 4701 1467 4747 et
1478 4693 1559 4763 quasi
1575 4693 1608 4749 de
1623 4692 1678 4747 imo
1692 4691 1722 4748 in

90 4786 216 4841 exultabo
236 4788 446 4843 orirerieordinm
462 4799 546 4857 nram,
572 4805 633 4861 quae
656 4790 801 4846 ineffabilis
827 4797 879 4847 est.

92 4878 114 4934 F
116 4880 235 4935 nititudo
249 4878 349 4945 Saulis,
364 4890 393 4938 et
413 4882 560 4938 satellitum
575 4882 645 4953 ejus,
661 4882 810 4954 dequibus
822 4884 880 4954 jam

91 4987 174 5042 supra
191 4972 257 5036 dixi,
272 4972 344 5042 quod
360 4974 494 5030 irruerant
509 4975 535 5028 ia
549 4990 589 5028 me
602 4973 695 5044 sortes,
707 4989 805 5045 magna
819 4974 881 5044 qui-

91 5066 154 5120 dem
169 5063 222 5120 luit
234 5074 329 5120 eontra
345 5080 388 5120 me
413 5065 507 5132 David,
530 5065 577 5122 sed
593 5065 723 5136 fortitudo
739 5065 881 5137 eripientis

91 5155 120 5211 in
134 5155 298 5210 immensum
318 5154 415 5210 tortior
426 5157 539 5223 exstitit,
558 5156 595 5211 ita
624 5164 653 5211 ut
677 5156 801 5226 superari
825 5171 879 5212 non

91 5247 221 5321 potuerit.
229 5245 389 5319 Propterea,
398 5247 470 5305 licus
482 5265 560 5306 meus
571 5257 679 5319 ereptor
690 5264 768 5305 meus
783 5249 818 5303 ab
829 5248 881 5303 iui-

90 5341 172 5397 micis
185 5339 402 5412 inam-gentibus,
419 5339 548 5397 liberator
563 5342 597 5398 de
622 5341 800 5412 operantibus
825 5339 880 5395 ini·

91 5431 235 5505 quitatem,
250 5443 277 5487 et
289 5432 322 5488 de
334 5431 401 5487 viris
413 5434 577 5505 sanguinum
595 5432 732 5499 Salvator,
745 5442 792 5487 tua
804 5429 881 5487 lorti·

91 5528 186 5584 tudine
211 5527 373 5582 mirabiliter
399 5536 519 5597 ereptus,
546 5528 677 5584 liberatus
704 5536 731 5584 et
746 5529 877 5594 salvatus,

88 5621 204 5676 cantabo
220 5619 307 5690 ipsam
330 5620 516 5691 fortitudinem
530 5630 614 5675 tuam.
633 5620 666 5677 m
685 5621 749 5692 qnia
762 5619 880 5693 gratuita

71 5712 278 5771 misericordia
292 5712 446 5770 fortitudini
469 5722 523 5768 tua
545 5714 618 5770 eirea
641 5730 683 5770 me
697 5728 804 5784 semper
823 5710 879 5768 luit

932 4784 1019 4838 altum
1035 4783 1161 4839 laudibus
1175 4783 1299 4839 attollere
1311 4798 1365 4839 non
1381 4785 1495 4840 cessabo
1510 4783 1721 4838 misericordium

932 4886 1017 4945 tuom,
1037 4877 1176 4948 quinettn
1191 4890 1234 4930 me
1246 4875 1273 4931 in
1288 4877 1373 4932 altum
1386 4876 1553 4932 sublevando
1564 4875 1721 4945 suscepisti,
1762 4893 1764 4898 ¹

932 4977 960 5025 et
974 4969 1061 5039 [octus
1080 4984 1108 5023 er
1132 4977 1266 5039 nneeptor
1288 4986 1372 5025 omas.
1391 4967 1433 5025 Τιι
1457 4967 1545 5024 laetor
1566 4966 1657 5022 iactus
1678 4982 1719 5024 es.

932 5060 1003 5130 Quid
1014 5062 1103 5118 lactus
1120 5063 1170 5118 es?
1184 5060 1284 5134 Utique
1306 5074 1441 5133 rmcepror
1463 5078 1534 5116 inens
1553 5060 1587 5116 ad
1615 5060 1721 5117 bonum

931 5171 981 5227 per
992 5155 1189 5211 iucarnationis
1202 5165 1254 5212 tum
1269 5156 1440 5228 mysterium,
1452 5163 1479 5209 et
1491 5154 1621 5225 refugiant
1633 5171 1721 5209 mcum

930 5266 947 5304 a
965 5250 1038 5305 malo
1052 5250 1079 5304 ιἰι
1089 5249 1132 5304 die
1143 5248 1324 5304 tubulationir
1339 5265 1386 5319 per
1398 5255 1601 5304 sacramentum
1613 5248 1720 5317 passio-

931 5340 975 5395 nis
991 5349 1045 5395 tuae
1057 5357 1065 5406 ;
1079 5339 1107 5392 in
1118 5339 1171 5406 die,
1184 5339 1306 5409 linquam,
1319 5336 1631 5407 tribulationir,quando
1647 5339 1720 5407 resu-

930 5431 1003 5503 oium
1016 5446 1048 5486 ae
1058 5431 1187 5487 solatium
1202 5429 1272 5485 solet
1284 5444 1346 5485 esse
1358 5427 1565 5499 gravissimum,
1583 5437 1610 5484 tu
1628 5430 1727 5501 socrus,

929 5540 958 5578 er
971 5522 1038 5578 mihi
1054 5523 1196 5595 refugient,
1211 5531 1238 5577 et
1252 5520 1332 5592 quasi
1354 5520 1460 5593 asylum
1482 5522 1662 5590 tutissimum,
1689 5523 1718 5579 in

930 5629 987 5685 quo
1002 5629 1057 5670 non
1070 5615 1158 5669 solum
1171 5628 1285 5669 secunus
1295 5611 1331 5668 ab
1344 5610 1550 5682 insurgentibus
1567 5628 1717 5680 manerem,

931 5707 980 5766 sed
994 5717 1021 5765 et
1034 5706 1097 5764 inde
1110 5705 1226 5762 viriliter
1240 5719 1391 5778 pugnarem
1415 5703 1444 5762 in
1469 5704 1530 5761 luce
1542 5706 1718 5780 ⁵sagittarum
