3817 6000
223 196 366 254 ¹285
863 195 1421 255 COMMENTAmuu
1462 197 1525 252 ΙΝ
1565 197 1982 254 PsALatos.-
2002 196 2185 254 PARS
2223 197 2288 255 ΙΙ.
2315 231 2384 242 -
2407 199 2604 259 psat..
2645 203 2815 262 XXX.
3329 193 3468 268 {286

216 313 497 371 columnis
526 314 705 382 fulcit,
750 324 956 386 septem
985 314 1329 386 lampadibus
1358 325 1485 371 ante
1538 316 1796 372 thronum
1827 323 1874 380 Α
1902 324 2066 384 tetur,
2092 327 2149 374 et
2177 333 2316 389 opus
2367 335 2491 376 esse
2529 319 2707 377 Patris
2757 330 2814 376 et
2866 322 3110 393 Spiritus
3143 325 3339 392 sancti,
3373 340 3475 384 nec

215 403 312 460 Dei
335 405 881 463 lucentibusornatet
902 407 1497 479 illuminat,ipsumque
1519 408 1793 463 hominem
1897 419 2036 475 opus
2077 406 2316 478 Spiritus
2364 409 2540 465 sancti
2589 410 2814 466 domum
2870 412 3180 470 dedicantis
3232 416 3473 473 alienum

213 493 329 549 Deo
383 493 563 550 Verbo
620 496 836 551 unitum
890 496 1050 567 quasi
1108 511 1336 553 aureum
1403 498 1791 553 candelabrum
1894 506 2114 567 putetur
2136 515 2168 554 a
2193 498 2356 556 Patre
2390 516 2455 557 ac
2480 501 2639 570 Filio,
2665 504 2818 575 quia,
2843 505 2985 561 sicut
3004 505 3207 575 Patris,
3247 516 3302 562 et
3323 506 3474 578 Filii,

215 596 421 655 septem
459 586 699 644 lucernis
745 587 966 643 exhibet
1002 601 1297 643 coruscum
1325 588 1394 644 ad
1425 587 1789 645 dedicandam

212 686 270 732 et
301 678 679 734 illustrandam
704 688 870 734 totam
895 680 1120 736 domum
1151 680 1339 747 David,
1370 690 1613 737 sanctam
1644 680 1793 737 vide·

217 769 345 824 licet
378 767 699 835 Ecclesiam,
737 770 793 824 in
819 785 927 841 qua
954 771 1026 826 sit
1060 769 1245 826 Gloria
1274 769 1451 837 Patri,
1498 771 1592 843 qui
1619 782 1792 827 mate-

219 862 358 916 riam
410 861 531 932 ejus
557 877 653 933 per
686 860 924 917 Verbum
955 861 1024 919 de
1077 863 1251 919 nihilo
1274 863 1510 931 creavit3
1541 871 1592 917 et
1616 860 1786 928 Filio,

216 955 314 1025 qui
345 969 466 1009 eam
517 968 623 1010 una
655 969 780 1010 cum
828 953 990 1011 Patre
1038 954 1105 1012 de
1152 954 1516 1028 praeordinata
1560 957 1788 1011 materia

211 1048 539 1116 aedilicavit3
569 1060 619 1104 et
644 1047 873 1120 Spiritui
893 1058 1099 1117 saneto,
1136 1051 1230 1121 qui
1259 1064 1381 1106 eam
1414 1065 1561 1105 nunc
1584 1049 1700 1120 jam
1730 1050 1783 1104 in

211 1140 567 1196 fundamento
610 1141 901 1205 dedicavit,
932 1150 987 1197 et
1015 1142 1197 1197 adbuc
1238 1142 1295 1197 in
1335 1141 1444 1199 line
1485 1150 1653 1198 totam
1684 1141 1784 1197 de-

210 1233 436 1300 dicabit,
464 1234 544 1290 sic
573 1235 802 1300 scilicet,
832 1244 893 1290 ut
924 1249 1064 1305 opus
1091 1236 1406 1303 creationis,
1443 1236 1588 1308 quod
1632 1236 1783 1291 Patri

209 1338 297 1381 est
324 1326 687 1396 assignatum,
717 1344 825 1384 non
875 1327 1206 1400 intelligatur
1243 1344 1274 1384 a
1321 1327 1459 1384 Filio
1486 1337 1540 1383 et
1570 1328 1775 1399 Spiritu

208 1428 404 1476 sancto
435 1421 696 1487 alienum,
731 1436 909 1492 neque
935 1435 1076 1492 opus
1102 1420 1421 1478 aedilicantis
1466 1419 1590 1476 Filii
1630 1420 1785 1476 dnbi-

1891 601 1948 647 et
1998 589 2236 662 Spiritus
2256 593 2431 649 sancti
2471 594 2774 651 substantia
2804 604 2889 653 est
2932 598 3309 669 inseparabilis
3340 641 3356 667 ,
3395 600 3473 659 ita

1891 691 1948 740 et
1973 698 2114 755 opus
2140 698 2333 740 eorum
2374 694 2458 742 est
2488 685 2874 757 inseparabile,
2900 688 3028 745 licet
3063 692 3118 745 in
3153 706 3319 761 opere
3348 691 3470 762 ipso

1890 777 2152 845 discreto,
2184 787 2243 832 ut
2287 787 2683 849 praeostensum
2729 790 2834 849 est,
2863 792 3084 839 notetur
3108 800 3465 856 personarum

1893 869 2176 940 discretio,
2211 879 2270 926 ut
2299 870 2354 925 in
2382 872 2487 928 hac
2526 872 2724 929 domus
2774 876 3199 947 praeparatione,
3228 878 3470 934 aedifica·

1892 963 2062 1031 tione,
2088 962 2448 1032 dedicatione,
2473 965 2559 1021 vel
2579 967 3025 1025 sanctificatismr-.
3069 973 3121 1021 ln
3158 973 3314 1037 cnjus
3338 989 3466 1022 rnn-

1892 1053 2227 1112 sideratione
2250 1057 2489 1113 dicimus
2517 1074 2530 1110 :
2565 1057 2749 1114 Gloria
2777 1058 2961 1122 Patri,
2989 1073 3037 1117 rr
3073 1065 3234 1129 filia,
3274 1073 3314 1113 vi
3346 1065 3466 1129 :ipi-

1892 1145 2025 1199 rt'lttt'
2067 1157 2252 1202 sancto
2277 1164 2297 1202 .·
2325 1149 2463 1203 sicul
2488 1159 2603 1205 emt
2629 1151 2683 1204 in
2705 1152 2985 1221 principio,
3017 1157 3234 1226 ιΙῑιιιηιΙῡ
3270 1153 3462 1205 dumus:

1892 1236 2010 1293 haec
2064 1238 2554 1309 pl’aeordinabalur,
2597 1249 2647 1295 el
2695 1258 2833 1296 nunc
2861 1258 2961 1310 vat,
2997 1262 3121 1298 unm
3145 1246 3462 1310 minii-nim]

1883 1342 1933 1387 et
1959 1335 2060 1389 erit
2092 1334 2147 1390 in
2177 1337 2375 1393 saecula
2403 1339 2728 1395 saeculorum
2758 1354 2853 1410 per
2885 1354 3141 1398 :viui-:mm
3170 1346 3462 1398 tlt-dimm-

1882 1424 1971 1480 nis
1997 1424 2119 1495 ejus
2153 1425 2378 1484 festum.
2406 1430 2606 1486 Amen.

1383 1771 1909 1864 PSALMUS
1974 1774 2281 1864 XXX.

273 2207 341 2262 1η
369 2217 438 2276 te,
478 2206 719 2273 Domine,
748 2206 973 2277 speravi.
1018 2204 1234 2261 Titulus
1260 2204 1425 2277 hujus
1453 2205 1646 2276 psalmi
1695 2211 1779 2260 est
1808 2210 1850 2267 Β
1881 2202 1936 2257 in
1986 2217 2065 2270 se,
2113 2210 2252 2257 utet
2289 2216 2392 2255 nos
2434 2200 2615 2256 verbis
2659 2200 2780 2273 ejus
2827 2215 3136 2272 noquamur.
3179 2200 3308 2258 lnde
3352 2212 3456 2272 est,

200 2302 383 2376 (Vers.
415 2302 503 2374 ¹):

403 2411 457 2449 rx
494 2410 674 2459 riusa,
715 2409 947 2450 rsxtuus
984 2410 1144 2448 nxvm
1183 2408 1285 2448 rno
1322 2408 1564 2448 nxs‘rxst.

268 2487 377 2542 Pro
422 2486 647 2552 exstasi,
700 2486 896 2557 inquit,
944 2486 997 2541 id
1040 2494 1125 2540 est
1171 2500 1272 2556 pro
1330 2483 1770 2540 consideratione

196 2578 614 2652 profundissimi
639 2578 949 2634 intellectus
1001 2576 1193 2643 David,
1240 2576 1294 2631 id
1331 2586 1415 2632 est
1453 2576 1658 2633 Christi
1704 2577 1772 2633 de

197 2674 546 2744 reparatione
593 2672 816 2728 humaui
852 2672 1090 2744 generis,
1117 2686 1282 2743 quam
1317 2685 1415 2741 per
1455 2679 1686 2726 mortem
1717 2680 1772 2725 et

196 2767 653 2824 resurrectionem
679 2782 833 2823 suam
856 2765 1149 2835 disposuit,
1186 2765 1279 2837 qui
1314 2763 1617 2819 intellectus
1647 2780 1769 2819 om-

193 2861 351 2917 nium
402 2872 781 2916 creaturarum
813 2859 1146 2914 intellectum
1183 2858 1425 2923 excedit,
1462 2858 1535 2913 ita
1577 2865 1638 2911 ut
1678 2872 1768 2911 ex·

193 2953 357 3009 stasis
383 2951 660 3012 recte.dici
700 2950 892 3023 possit.
923 2948 1169 3006 Exstasis
1192 2947 1396 3018 Graece,
1422 2946 1613 3005 Latine
1633 2947 1771 3003 dici-

194 3056 287 3101 tnr
331 3061 590 3100 excessus.
642 3042 729 3098 Fit
766 3051 944 3098 autem
997 3056 1259 3098 excessus
1303 3042 1503 3099 mentis
1551 3043 1767 3099 duobus

192 3135 375 3193 modis
405 3136 529 3192 :vel
555 3133 775 3206 quando
798 3147 953 3188 mens
973 3141 1133 3203 pavet
1173 3141 1408 3199 terrena,
1439 3133 1523 3189 vel
1548 3133 1767 3204 quando

192 3229 505 3286 coelestibus
537 3228 742 3283 intenta
777 3236 970 3283 caetera
994 3225 1494 3298 obliviscitur,quae
1512 3241 1765 3282 commu-

190 3321 345 3377 nium
390 3320 728 3392 negotiorum
785 3334 915 3374 cura
972 3325 1289 3390 pertractat.
1330 3317 1387 3373 ln
1444 3319 1550 3374 hoc
1583 3329 1763 3374 autem

190 3413 397 3485 psalmo
457 3413 684 3467 exstasis
732 3411 970 3467 maxime
1037 3410 1304 3482 accipitur
1352 3427 1523 3482 pavor
1579 3411 1762 3482 populi

192 3507 288 3562 Dei
323 3505 391 3562 de
437 3506 678 3577 gentium
708 3505 1119 3576 persecutione,
1164 3512 1219 3559 et
1268 3503 1337 3561 de
1382 3503 1505 3561 lldei
1545 3503 1760 3560 delectu

190 3600 415 3656 turbati.

260 3691 662 3760 Primo,contra
684 3706 939 3763 pavorem
967 3690 1313 3762 praemittitur
1336 3705 1459 3762 spes
1486 3697 1540 3745 et
1561 3688 1759 3758 oratio,

187 3785 460 3841 certitudo
496 3784 837 3840 liberationis
874 3792 929 3839 et
967 3783 1171 3854 gaudii.
1224 3782 1499 3849 Secundo,
1534 3796 1761 3837 enume-

188 3885 405 3945 rantur,
433 3892 554 3948 quae
582 3885 637 3932 et
680 3884 883 3946 quanta
940 3874 1291 3945 perturbant;
1322 3875 1395 3930 ibi
1424 3889 1441 3929 ε
1488 3873 1756 3929 Miserere.

186 3969 393 4026 Contra
424 3985 547 4041 quae
572 3969 819 4039 sequitur
847 3968 1026 4024 oratio
1052 3968 1128 4023 ibi
1159 3986 1173 4023 :
1207 3967 1391 4038 Eripe.
1422 3966 1605 4024 Tertia
1650 3976 1755 4033 est,

188 4059 246 4114 in
285 4075 393 4131 qua
422 4059 552 4130 quid
582 4058 833 4125 intendit,
884 4059 1078 4130 aperit,
1112 4058 1360 4129 exemplo
1388 4057 1475 4113 sui
1522 4072 1623 4114 nos
1661 4057 1759 4113 ad-

187 4167 421 4208 monens
464 4151 604 4207 bene
644 4150 860 4221 operari
887 4166 1010 4206 cum
1056 4165 1151 4222 spe
1188 4159 1242 4207 et
1268 4149 1587 4217 dilectione;
1620 4149 1695 4205 ibi
1738 4168 1751 4205 ε

186 4244 430 4315 Diligite.
463 4243 733 4315 Loquitur
760 4251 944 4299 autem
976 4252 1123 4299 totus
1153 4240 1425 4299 Christus.
1472 4242 1539 4298 Et
1580 4243 1753 4314 prima

184 4337 404 4406 quidem
450 4336 783 4391 conveniunt
830 4334 1201 4406 Redemptori.
1261 4335 1464 4392 Deinde
1522 4336 1756 4406 populus

187 4429 504 4499 redemptus
534 4428 740 4500 gratias
784 4427 924 4499 agiu
970 4427 1042 4482 ibi
1077 4446 1090 4482 :
1136 4427 1423 4484 Redemisti
1465 4445 1565 4483 nte.
1597 4428 1761 4484 Post-

183 4540 247 4576 ea
288 4521 427 4576 idem
459 4522 694 4592 populus
735 4522 829 4577 diu
877 4537 1035 4579 suam
1077 4520 1544 4592 perturbationem
1596 4536 1760 4578 enar·

185 4624 270 4668 rat
295 4618 349 4670 in
391 4620 633 4675 secunda
677 4623 849 4685 parte.
900 4612 1059 4669 Circa
1091 4610 1251 4666 ssnem
1278 4627 1428 4678 vero,
1458 4621 1513 4668 et
1560 4612 1614 4668 in
1652 4613 1760 4668 llne

186 4713 555 4782 interponitur
579 4726 684 4767 vox
712 4706 1036 4779 Prophetae3
1073 4703 1148 4760 ibi
1181 4722 1195 4758 ε
1230 4703 1404 4769 Quam
1452 4722 1664 4777 magna.
1698 4704 1764 4762 Et

186 4806 258 4860 nn
286 4822 301 4859 ι
332 4803 569 4876 Diligite.

257 4895 321 4951 Et
358 4895 742 4952 attendendum
765 4895 912 4967 quod
938 4901 1159 4966 propter
1186 4899 1394 4947 tantam
1424 4890 1742 4945 varietatem
1787 4929 1830 4985 D

183 5004 472 5060 personam
522 5005 629 5044 non
677 4996 875 5056 mutat,
918 4985 1011 5043 sed
1051 4998 1381 5057 quacunque
1405 4981 1624 5053 capitiS,
1655 4989 1751 5037 aut

183 5081 554 5136 membrorum
602 5081 902 5137 mutatione
930 5077 1063 5135 dicit
1097 5096 1110 5132 :
1147 5074 1279 5148 qu,
1311 5075 1433 5142 mei,
1472 5090 1574 5141 me,
1599 5075 1751 5128 mihi.

185 5171 254 5226 Et
306 5172 543 5228 maxime
581 5172 783 5228 mirum
823 5170 1075 5234 videtur,
1130 5169 1177 5225 si
1210 5165 1648 5233 unitas,Cbristi
1700 5173 1754 5221 et

181 5261 477 5331 Ecclesiae,
532 5278 695 5334 qnam
739 5261 871 5317 fecit
912 5259 1184 5327 charitaS,
1224 5257 1553 5314 attendatur.
1600 5253 1755 5310 Sicut

180 5357 330 5412 enim
356 5355 563 5427 lingua,
592 5355 843 5425 quamvis
864 5353 1160 5425 incorpore
1185 5353 1257 5409 sit
1276 5352 1381 5407 alia
1407 5365 1555 5421 pars,
1586 5363 1750 5418 quam

182 5466 301 5521 pes,
335 5458 515 5504 tamen
544 5447 697 5519 pedis
731 5447 959 5516 suscipit
984 5462 1192 5512 vocem,
1218 5443 1440 5518 quando
1460 5456 1556 5513 pes
1585 5442 1751 5509 dolet,

184 5558 295 5597 non
351 5542 585 5599 dicens:
635 5538 830 5594 Galeas
876 5538 1091 5608 pedem,
1128 5537 1223 5594 sed
1278 5537 1458 5593 calcas
1488 5550 1614 5590 me:
1673 5533 1752 5589 sic

181 5635 439 5693 Christus
471 5634 633 5691 verba
666 5631 1035 5689 membrorum
1080 5631 1333 5705 dignatur
1364 5629 1751 5701 transfigurare

1874 2293 2022 2366 quod
2061 2293 2330 2348 morituro
2367 2308 2436 2348 cx
2479 2301 2689 2359 nostre,
2723 2294 2933 2349 scilicet
2961 2309 3027 2349 ex
3070 2309 3256 2360 carne,
3289 2311 3454 2366 quam

1876 2383 2134 2450 babebat,
2160 2392 2405 2439 nostram
2443 2384 2709 2439 exstasim
2730 2383 2783 2438 in
2809 2399 2868 2439 se
2886 2380 3317 2453 transformauS,
3345 2401 3456 2441 non

1873 2478 1931 2533 in
1980 2493 2059 2544 se,
2111 2477 2208 2535 sed
2240 2477 2297 2531 in
2345 2476 2503 2531 nobis
2539 2476 2704 2547 coepit
2746 2492 2964 2547 pavere.
3025 2474 3110 2531 Fit
3147 2476 3312 2548 igitur
3347 2494 3455 2535 una

1872 2585 2107 2640 persona
2123 2575 2362 2639 caputet
2386 2565 2921 2635 membra,Christus
2940 2576 2994 2624 et
3019 2566 3282 2623 Ecclesia.
3316 2567 3458 2626 Sunt

1872 2677 2108 2732 sponsus
2153 2670 2208 2717 et
2245 2675 2448 2732 sponsa
2489 2660 2602 2715 duo
2640 2659 2696 2715 in
2745 2675 2912 2716 carne
2965 2674 3095 2715 una.
3133 2660 3273 2732 Ergo
3315 2669 3371 2717 et
3397 2662 3453 2718 in

1871 2770 2004 2811 voce
2025 2770 2155 2809 una.
2191 2752 2503 2810 Secundum
2537 2753 2680 2809 banc
2699 2753 2962 2809 unitatem
2993 2753 3132 2809 dixit
3159 2753 3449 2811 Christus:

1872 2846 2056 2911 Saule,
2092 2844 2255 2902 Saule
2296 2846 2424 2917 quid
2462 2863 2543 2901 me
2570 2847 2896 2918 persequeris
2927 2846 3174 2915 (Acl.1x,
3219 2847 3296 2919 4).
3331 2846 3452 2903 Non

1869 2941 2045 2996 dixit:
2080 2957 2242 3009 meos,
2293 2940 2390 2996 sed
2441 2956 2544 3006 me,
2571 2955 2697 2995 cum
2740 2948 2920 2994 tamen
2976 2954 3083 2994 non
3122 2939 3313 3009 illum,
3354 2940 3450 3012 qui

1869 3042 1988 3088 crat
2013 3033 2066 3087 in
2096 3033 2259 3099 coelo,
2283 3031 2377 3088 sed
2414 3047 2548 3088 suos
2579 3047 2777 3104 perseq
2789 3042 3008 3087 ueretur
3031 3033 3085 3088 in
3108 3041 3271 3088 terra·
3297 3031 3453 3092 Hanc

1870 3144 2091 3202 quoque
2125 3129 2295 3187 lsaias
2325 3130 2694 3197 commendat,
2719 3130 2773 3184 in
2796 3146 2908 3201 quo
2933 3130 3174 3202 loquitur
3199 3129 3456 3190 Christus

1871 3228 1928 3274 ct
1955 3220 2035 3275 ait
2073 3239 2086 3274 :
2115 3218 2268 3275 Sicut
2303 3237 2494 3291 sponso
2536 3220 2778 3292 alliqavie
2814 3221 2944 3275 milri
2968 3222 3203 3289 mitram,
3238 3230 3289 3277 el
3313 3223 3455 3278 sicut

1870 3325 2122 3380 sponsam
2148 3310 2356 3365 ornavit
2387 3326 2465 3364 me
2495 3309 2630 3380 (Isa.
2650 3326 2762 3376 xxi,
2786 3309 2897 3381 io).
2918 3307 2989 3366 Se
3007 3326 3177 3366 unum
3205 3311 3261 3366 in
3286 3327 3452 3368 carne

1867 3420 1978 3459 una
2007 3403 2139 3459 dicit
2164 3419 2430 3476 sponsum
2459 3411 2513 3459 et
2533 3418 2794 3481 sponsam
2826 3418 2963 3459 voce
2992 3419 3121 3472 una,
3162 3419 3286 3475 quae
3315 3413 3399 3461 est
3432 3423 3447 3460 ι

1866 3495 1995 3548 mihi
2016 3503 2070 3550 et
2091 3510 2190 3550 me.

1790 3555 1837 3618 C
1938 3586 2044 3642 lste
2073 3587 2317 3657 psalmus
2342 3595 2572 3657 quartus
2605 3597 2690 3641 est
2727 3601 2941 3653 eorum,
2978 3586 3075 3657 qui
3111 3585 3350 3641 breviter
3379 3584 3449 3641 de

1869 3676 2131 3734 Passione
2166 3686 2221 3733 et
2274 3676 2698 3734 Resurrectione
2736 3684 3189 3743 commemorant,
3226 3675 3281 3730 in
3335 3691 3448 3747 quo

1869 3780 1925 3826 et
1953 3779 2252 3842 martyrum
2295 3770 2607 3825 humiliatio
2637 3769 2967 3826 describitur
2997 3777 3051 3825 et
3080 3769 3359 3835 exaltatio,
3388 3778 3447 3823 ut

1868 3863 2060 3917 videns
2115 3876 2174 3917 se
2224 3876 2386 3916 nemo
2442 3860 2743 3931 superbiat,
2784 3859 2972 3915 videns
3012 3859 3445 3916 misericordiam

1868 3967 1977 4007 non
2028 3960 2250 4023 paveat;
2306 3951 2497 4024 incipit
2547 3968 2678 4024 ergo
2727 3952 2782 4007 in
2826 3966 3062 4024 persona
3121 3952 3354 4023 capitis,
3388 3965 3446 4009 et

1867 4045 1946 4099 ait
1977 4063 1991 4100 τ

1944 4154 2102 4212 Vens.
2134 4156 2191 4213 2.
2230 4155 2296 4213 In
2336 4167 2406 4225 te,
2441 4155 2688 4223 Domine,
2731 4158 2963 4229 speravi,
2992 4174 3096 4213 non
3142 4157 3444 4228 confundar

1863 4244 1922 4298 in
1950 4252 2222 4300 oeternam.
2276 4241 2411 4299 Nam
2444 4244 2592 4315 quod
2633 4244 2748 4300 liaec
2791 4245 2938 4300 illius
2963 4245 3126 4300 verba
3157 4245 3291 4310 sint,
3322 4244 3441 4315 ipse

1864 4337 1983 4392 orbi
2026 4336 2282 4393 universo
2340 4336 2590 4392 auditum
2638 4344 2694 4391 et
2735 4345 2925 4391 notum
2977 4333 3107 4392 fecit
3153 4335 3442 4391 clamando

1864 4444 1997 4485 voce
2024 4445 2219 4501 magna
2254 4448 2268 4485 ε
2306 4428 2490 4495 Pater,
2524 4429 2582 4482 in
2615 4445 2804 4484 manus
2833 4439 2953 4483 tuas
2986 4428 3289 4482 commendo
3325 4428 3440 4498 spi-

1863 4521 2029 4575 ritum
2077 4537 2249 4575 meum
2278 4519 2434 4592 (Luc.
2466 4537 2626 4586 xxm,
2660 4519 2924 4593 46).1pse
2978 4521 3145 4593 igitur
3190 4530 3296 4587 est,
3344 4520 3436 4591 qui

1862 4612 2160 4668 secundum
2206 4611 2438 4668 sormam
2491 4613 2634 4668 servi
2666 4613 2904 4684 speravit
2947 4613 3001 4668 in
3031 4613 3348 4681 Dominum,
3380 4621 3440 4669 ut

1862 4720 1973 4759 non
2002 4702 2426 4761 confunderetur
2453 4705 2507 4760 in
2534 4714 2818 4771 aeternum,
2866 4705 3326 4776 quemadmodum
3369 4705 3438 4760 il-

1862 4795 1975 4851 lum
2024 4796 2232 4851 inimici
2280 4794 2617 4854 confundere
2670 4797 2986 4865 voluerunt,
3012 4798 3168 4869 juxta
3198 4813 3436 4869 quorum

1861 4889 2276 4945 aestimationcm
2306 4889 2481 4960 [actus
2525 4906 2676 4955 sum,
2705 4888 2800 4956 ait,
2845 4899 3099 4961 tanquam
3131 4907 3222 4946 vas
3253 4890 3433 4959 perdi-

1855 4991 1989 5049 tum,
2009 4982 2259 5054 quoniam
2283 4982 2462 5036 audivi
2484 4983 2918 5052 vituperationem
2942 4982 3251 5047 multorum,
3279 4981 3431 5036 verbi

1854 5073 2027 5144 gratia
2070 5072 2366 5129 dicentium
2396 5072 2571 5144 (Psal.
2602 5090 2731 5140 xxx,
2758 5074 2846 5144 13)
2875 5093 2888 5129 ε
2923 5073 3055 5137 Vah,
3079 5075 3170 5144 qai
3194 5072 3425 5127 destruis

1857 5168 2107 5239 templum
2134 5168 2252 5235 Dei,
2275 5170 2479 5226 salvum
2502 5171 2588 5241 sac
2613 5171 2943 5241 temetipsum
2970 5169 3162 5242 (Marc.
3194 5186 3293 5237 xv,
3315 5171 3427 5238 50).

1854 5263 2025 5334 igitur
2050 5271 2239 5319 contra
2267 5262 2579 5334 hujusmodi
2614 5263 3040 5333 vituperationes
3072 5263 3426 5319 inimicorum

1852 5356 2150 5411 volentium
2204 5356 2357 5411 illum
2402 5354 2734 5412 confundere
2778 5364 2931 5424 orat,
2957 5365 3013 5412 et
3053 5357 3224 5412 dicit:
3262 5355 3328 5411 In
3353 5365 3424 5416 te.

1854 5445 2097 5514 Domine,
2127 5449 2351 5518 speravi,
2379 5464 2483 5501 uon
2518 5447 2818 5517 confundar
2869 5450 2924 5504 in
2950 5460 3244 5505 aternum:
3289 5468 3424 5505 nun-

1853 5552 2018 5606 quam
2067 5539 2384 5607 confundar,
2428 5518 2559 5595 duni
2610 5540 2962 5599 insultabitur
3009 5543 3143 5599 mihi
3204 5544 3421 5599 liabent-2

1856 5627 2268 5685 similitudinem
2292 5629 2476 5686 carnis
2501 5630 2728 5702 peccati.
