<?xml version="1.0" encoding="UTF-8"?>
<!DOCTYPE html PUBLIC "-//W3C//DTD XHTML 1.0 Transitional//EN"
    "http://www.w3.org/TR/xhtml1/DTD/xhtml1-transitional.dtd">
<html xmlns="http://www.w3.org/1999/xhtml" xml:lang="en" lang="en">
 <head>
  <title>
</title>
<meta http-equiv="Content-Type" content="text/html;charset=utf-8" />
  <meta name='ocr-system' content='tesseract 3.04.00' />
  <meta name='ocr-capabilities' content='ocr_page ocr_carea ocr_par ocr_line ocrx_word'/>
</head>
<body>
  <div class='ocr_page' id='page_1' title='image "./patrologiaecurs169unkngoog_0563.png"; bbox 0 0 3817 6000; ppageno 0'>
   <div class='ocr_carea' id='block_1_1' title="bbox 266 237 405 298">
    <p class='ocr_par' dir='ltr' id='par_1_1' title="bbox 266 237 405 298">
     <span class='ocr_line' id='line_1_1' title="bbox 266 237 405 298; baseline 0.014 -2"><span class='ocrx_word' id='word_1_1' title='bbox 266 237 405 298; x_wconf 74' lang='lat' dir='ltr'><strong>ltu</strong></span> 
     </span>
    </p>
   </div>
   <div class='ocr_carea' id='block_1_2' title="bbox 897 240 2917 311">
    <p class='ocr_par' dir='ltr' id='par_1_2' title="bbox 897 240 2917 311">
     <span class='ocr_line' id='line_1_2' title="bbox 897 240 2917 311; baseline 0.006 -13"><span class='ocrx_word' id='word_1_2' title='bbox 897 240 1454 302; x_wconf 74' lang='lat' dir='ltr'><strong>COMMENTARluM</strong></span> <span class='ocrx_word' id='word_1_3' title='bbox 1489 243 1557 301; x_wconf 87' lang='lat' dir='ltr'><strong>IN</strong></span> <span class='ocrx_word' id='word_1_4' title='bbox 1593 245 1933 305; x_wconf 68' lang='lat' dir='ltr'><strong>PSALMO‘S.</strong></span> <span class='ocrx_word' id='word_1_5' title='bbox 1972 248 2244 306; x_wconf 77' lang='lat' dir='ltr'><strong>-PARS</strong></span> <span class='ocrx_word' id='word_1_6' title='bbox 2278 249 2344 305; x_wconf 88' lang='grc'><strong>11.</strong></span> <span class='ocrx_word' id='word_1_7' title='bbox 2382 281 2454 291; x_wconf 94' lang='lat'>-</span> <span class='ocrx_word' id='word_1_8' title='bbox 2490 248 2687 307; x_wconf 79' lang='lat' dir='ltr'><strong>PSAL.</strong></span> <span class='ocrx_word' id='word_1_9' title='bbox 2723 251 2917 311; x_wconf 80' lang='lat' dir='ltr'><strong>xxtV.</strong></span> 
     </span>
    </p>
   </div>
   <div class='ocr_carea' id='block_1_3' title="bbox 3379 250 3521 309">
    <p class='ocr_par' dir='ltr' id='par_1_3' title="bbox 3379 250 3521 309">
     <span class='ocr_line' id='line_1_3' title="bbox 3379 250 3521 309; baseline -0.021 0"><span class='ocrx_word' id='word_1_10' title='bbox 3379 250 3521 309; x_wconf 75' lang='lat' dir='ltr'><strong>ttts</strong></span> 
     </span>
    </p>
   </div>
   <div class='ocr_carea' id='block_1_4' title="bbox 261 340 3523 442">
    <p class='ocr_par' dir='ltr' id='par_1_4' title="bbox 261 340 3523 442">
     <span class='ocr_line' id='line_1_4' title="bbox 261 340 3523 442; baseline 0.002 -25"><span class='ocrx_word' id='word_1_11' title='bbox 261 359 419 425; x_wconf 77' lang='lat' dir='ltr'><strong>vivii,</strong></span> <span class='ocrx_word' id='word_1_12' title='bbox 440 365 496 416; x_wconf 88' lang='lat' dir='ltr'><strong>et</strong></span> <span class='ocrx_word' id='word_1_13' title='bbox 516 373 620 432; x_wconf 84' lang='lat' dir='ltr'><strong>ego</strong></span> <span class='ocrx_word' id='word_1_14' title='bbox 643 340 1019 417; x_wconf 42' lang='lat' dir='ltr'><strong>Petrus‘trinae</strong></span> <span class='ocrx_word' id='word_1_15' title='bbox 1039 360 1349 433; x_wconf 71' lang='lat' dir='ltr'><strong>negationis</strong></span> <span class='ocrx_word' id='word_1_16' title='bbox 1395 359 1532 417; x_wconf 86' lang='lat' dir='ltr'><strong>mibi</strong></span> <span class='ocrx_word' id='word_1_17' title='bbox 1585 361 1843 418; x_wconf 84' lang='lat' dir='ltr'><strong>conscius</strong></span> <span class='ocrx_word' id='word_1_18' title='bbox 1869 368 1918 425; x_wconf 80' lang='lat' dir='ltr'>A</span> <span class='ocrx_word' id='word_1_19' title='bbox 1940 361 2168 434; x_wconf 78' lang='lat' dir='ltr'><strong>iustitiae</strong></span> <span class='ocrx_word' id='word_1_20' title='bbox 2188 366 2614 438; x_wconf 87' lang='lat' dir='ltr'><strong>derelinquendo</strong></span> <span class='ocrx_word' id='word_1_21' title='bbox 2646 368 2819 424; x_wconf 91' lang='lat' dir='ltr'><strong>multa</strong></span> <span class='ocrx_word' id='word_1_22' title='bbox 2849 370 3047 426; x_wconf 79' lang='lat' dir='ltr'><strong>delicta</strong></span> <span class='ocrx_word' id='word_1_23' title='bbox 3070 371 3367 442; x_wconf 70' lang='lat' dir='ltr'><strong>juventutis</strong></span> <span class='ocrx_word' id='word_1_24' title='bbox 3389 387 3523 427; x_wconf 91' lang='lat' dir='ltr'><strong>con-</strong></span> 
     </span>
    </p>
   </div>
   <div class='ocr_carea' id='block_1_5' title="bbox 259 451 1845 798">
    <p class='ocr_par' dir='ltr' id='par_1_5' title="bbox 259 451 1845 798">
     <span class='ocr_line' id='line_1_5' title="bbox 261 451 1841 525; baseline 0.003 -20"><span class='ocrx_word' id='word_1_25' title='bbox 261 451 496 525; x_wconf 79' lang='lat' dir='ltr'><strong>pavidus</strong></span> <span class='ocrx_word' id='word_1_26' title='bbox 523 451 930 521; x_wconf 77' lang='lat' dir='ltr'>exspectabam,</span> <span class='ocrx_word' id='word_1_27' title='bbox 958 451 1090 523; x_wconf 88' lang='lat' dir='ltr'><strong>quid</strong></span> <span class='ocrx_word' id='word_1_28' title='bbox 1115 453 1322 509; x_wconf 87' lang='lat' dir='ltr'><strong>diceret</strong></span> <span class='ocrx_word' id='word_1_29' title='bbox 1370 452 1638 510; x_wconf 84' lang='lat' dir='ltr'>Dominus</span> <span class='ocrx_word' id='word_1_30' title='bbox 1684 453 1841 522; x_wconf 90' lang='lat' dir='ltr'><strong>mibi,</strong></span> 
     </span>
     <span class='ocr_line' id='line_1_6' title="bbox 261 542 1843 618; baseline 0.001 -19"><span class='ocrx_word' id='word_1_31' title='bbox 261 545 394 617; x_wconf 83' lang='lat' dir='ltr'><strong>quia</strong></span> <span class='ocrx_word' id='word_1_32' title='bbox 414 559 568 600; x_wconf 88' lang='lat' dir='ltr'><strong>eram</strong></span> <span class='ocrx_word' id='word_1_33' title='bbox 600 542 820 615; x_wconf 88' lang='lat' dir='ltr'><strong>quidem</strong></span> <span class='ocrx_word' id='word_1_34' title='bbox 849 553 1138 616; x_wconf 86' lang='lat' dir='ltr'><strong>promptus</strong></span> <span class='ocrx_word' id='word_1_35' title='bbox 1190 545 1260 600; x_wconf 90' lang='lat' dir='ltr'><strong>ad</strong></span> <span class='ocrx_word' id='word_1_36' title='bbox 1306 546 1585 617; x_wconf 88' lang='lat' dir='ltr'><strong>sequenda</strong></span> <span class='ocrx_word' id='word_1_37' title='bbox 1600 545 1843 618; x_wconf 70' lang='lat' dir='ltr'><strong>,vestigia</strong></span> 
     </span>
     <span class='ocr_line' id='line_1_7' title="bbox 261 635 1845 709; baseline 0.002 -17"><span class='ocrx_word' id='word_1_38' title='bbox 261 636 461 708; x_wconf 86' lang='lat' dir='ltr'><strong>ipsius,</strong></span> <span class='ocrx_word' id='word_1_39' title='bbox 497 652 609 693; x_wconf 90' lang='lat' dir='ltr'><strong>non</strong></span> <span class='ocrx_word' id='word_1_40' title='bbox 631 635 842 695; x_wconf 90' lang='lat' dir='ltr'><strong>audens</strong></span> <span class='ocrx_word' id='word_1_41' title='bbox 871 644 1051 693; x_wconf 89' lang='lat' dir='ltr'><strong>tamen</strong></span> <span class='ocrx_word' id='word_1_42' title='bbox 1076 636 1377 709; x_wconf 76' lang='lat' dir='ltr'>quidquam</span> <span class='ocrx_word' id='word_1_43' title='bbox 1417 638 1486 695; x_wconf 87' lang='lat' dir='ltr'><strong>de</strong></span> <span class='ocrx_word' id='word_1_44' title='bbox 1513 653 1602 695; x_wconf 91' lang='lat' dir='ltr'><strong>me</strong></span> <span class='ocrx_word' id='word_1_45' title='bbox 1637 653 1845 709; x_wconf 84' lang='lat' dir='ltr'><strong>praesu-</strong></span> 
     </span>
     <span class='ocr_line' id='line_1_8' title="bbox 259 727 1843 798; baseline 0.003 -14"><span class='ocrx_word' id='word_1_46' title='bbox 259 743 433 784; x_wconf 87' lang='lat' dir='ltr'><strong>mere.</strong></span> <span class='ocrx_word' id='word_1_47' title='bbox 464 727 622 785; x_wconf 86' lang='lat' dir='ltr'><strong>Tunc</strong></span> <span class='ocrx_word' id='word_1_48' title='bbox 663 728 755 786; x_wconf 90' lang='lat' dir='ltr'><strong>ille</strong></span> <span class='ocrx_word' id='word_1_49' title='bbox 804 729 1009 786; x_wconf 86' lang='lat' dir='ltr'><strong>oblitus</strong></span> <span class='ocrx_word' id='word_1_50' title='bbox 1056 729 1380 787; x_wconf 78' lang='lat' dir='ltr'><strong>delictorum</strong></span> <span class='ocrx_word' id='word_1_51' title='bbox 1431 746 1700 798; x_wconf 90' lang='lat' dir='ltr'><strong>meorum,</strong></span> <span class='ocrx_word' id='word_1_52' title='bbox 1746 731 1843 788; x_wconf 84' lang='lat' dir='ltr'><strong>sed</strong></span> 
     </span>
    </p>
   </div>
   <div class='ocr_carea' id='block_1_6' title="bbox 253 828 1842 3020">
    <p class='ocr_par' dir='ltr' id='par_1_6' title="bbox 255 828 1842 2462">
     <span class='ocr_line' id='line_1_9' title="bbox 260 828 1839 902; baseline 0.001 -18"><span class='ocrx_word' id='word_1_53' title='bbox 260 843 478 885; x_wconf 87' lang='lat' dir='ltr'><strong>memor</strong></span> <span class='ocrx_word' id='word_1_54' title='bbox 527 828 636 885; x_wconf 90' lang='lat' dir='ltr'><strong>mei</strong></span> <span class='ocrx_word' id='word_1_55' title='bbox 683 829 825 886; x_wconf 81' lang='lat' dir='ltr'><strong>dixit</strong></span> <span class='ocrx_word' id='word_1_56' title='bbox 866 828 1003 885; x_wconf 88' lang='lat' dir='ltr'><strong>mibi</strong></span> <span class='ocrx_word' id='word_1_57' title='bbox 1033 848 1047 885; x_wconf 90' lang='lat'>:</span> <span class='ocrx_word' id='word_1_58' title='bbox 1078 849 1098 883; x_wconf 76' lang='grc' dir='ltr'>ι</span> <span class='ocrx_word' id='word_1_59' title='bbox 1139 828 1221 885; x_wconf 89' lang='lat' dir='ltr'><strong>Tu</strong></span> <span class='ocrx_word' id='word_1_60' title='bbox 1257 844 1346 886; x_wconf 92' lang='lat' dir='ltr'><strong>me</strong></span> <span class='ocrx_word' id='word_1_61' title='bbox 1396 845 1624 902; x_wconf 82' lang='lat' dir='ltr'><strong>sequere</strong></span> <span class='ocrx_word' id='word_1_62' title='bbox 1655 828 1839 902; x_wconf 81' lang='lat' dir='ltr'><strong>(Joan.</strong></span> 
     </span>
     <span class='ocr_line' id='line_1_10' title="bbox 260 920 1842 994; baseline 0.003 -17"><span class='ocrx_word' id='word_1_63' title='bbox 260 937 381 989; x_wconf 78' lang='lat' dir='ltr'><strong>xxi,</strong></span> <span class='ocrx_word' id='word_1_64' title='bbox 414 920 530 994; x_wconf 78' lang='lat'><strong>22),</strong></span> <span class='ocrx_word' id='word_1_65' title='bbox 563 941 583 975; x_wconf 79' lang='grc' dir='ltr'><strong><em>ι</em></strong></span> <span class='ocrx_word' id='word_1_66' title='bbox 610 920 666 978; x_wconf 90' lang='lat' dir='ltr'><strong>id</strong></span> <span class='ocrx_word' id='word_1_67' title='bbox 692 931 798 991; x_wconf 89' lang='lat' dir='ltr'><strong>est,</strong></span> <span class='ocrx_word' id='word_1_68' title='bbox 828 938 917 978; x_wconf 91' lang='lat' dir='ltr'><strong>me</strong></span> <span class='ocrx_word' id='word_1_69' title='bbox 947 920 1182 986; x_wconf 86' lang='lat' dir='ltr'><strong>imitare,</strong></span> <span class='ocrx_word' id='word_1_70' title='bbox 1212 922 1452 993; x_wconf 91' lang='lat' dir='ltr'><strong>quicum</strong></span> <span class='ocrx_word' id='word_1_71' title='bbox 1487 938 1668 980; x_wconf 89' lang='lat' dir='ltr'><strong>essem</strong></span> <span class='ocrx_word' id='word_1_72' title='bbox 1695 922 1842 980; x_wconf 82' lang='lat' dir='ltr'><strong>Deus</strong></span> 
     </span>
     <span class='ocr_line' id='line_1_11' title="bbox 259 1015 1840 1084; baseline 0.005 -14"><span class='ocrx_word' id='word_1_73' title='bbox 259 1015 618 1084; x_wconf 78' lang='lat' dir='ltr'><strong>fortissimus,</strong></span> <span class='ocrx_word' id='word_1_74' title='bbox 648 1016 719 1072; x_wconf 88' lang='lat' dir='ltr'><strong>ad</strong></span> <span class='ocrx_word' id='word_1_75' title='bbox 756 1031 931 1072; x_wconf 90' lang='lat' dir='ltr'><strong>meam</strong></span> <span class='ocrx_word' id='word_1_76' title='bbox 965 1023 1143 1072; x_wconf 86' lang='lat' dir='ltr'><strong>tamen</strong></span> <span class='ocrx_word' id='word_1_77' title='bbox 1171 1015 1487 1073; x_wconf 82' lang='lat' dir='ltr'><strong>Passionem</strong></span> <span class='ocrx_word' id='word_1_78' title='bbox 1522 1018 1644 1075; x_wconf 88' lang='lat' dir='ltr'><strong>sine</strong></span> <span class='ocrx_word' id='word_1_79' title='bbox 1688 1024 1840 1080; x_wconf 89' lang='lat' dir='ltr'><strong>omni</strong></span> 
     </span>
     <span class='ocr_line' id='line_1_12' title="bbox 258 1109 1841 1182; baseline 0.005 -17"><span class='ocrx_word' id='word_1_80' title='bbox 258 1111 690 1181; x_wconf 70' lang='lat' dir='ltr'><strong>praesumptione</strong></span> <span class='ocrx_word' id='word_1_81' title='bbox 721 1109 777 1165; x_wconf 89' lang='lat' dir='ltr'><strong>in</strong></span> <span class='ocrx_word' id='word_1_82' title='bbox 805 1126 1017 1182; x_wconf 81' lang='lat' dir='ltr'><strong>magnae</strong></span> <span class='ocrx_word' id='word_1_83' title='bbox 1046 1111 1371 1172; x_wconf 85' lang='lat' dir='ltr'><strong>humilitatis</strong></span> <span class='ocrx_word' id='word_1_84' title='bbox 1398 1113 1727 1172; x_wconf 74' lang='lat' dir='ltr'><strong>contritione</strong></span> <span class='ocrx_word' id='word_1_85' title='bbox 1748 1132 1841 1173; x_wconf 89' lang='lat' dir='ltr'><strong>ac·</strong></span> 
     </span>
     <span class='ocr_line' id='line_1_13' title="bbox 260 1202 1837 1274; baseline 0.003 -15"><span class='ocrx_word' id='word_1_86' title='bbox 260 1202 412 1259; x_wconf 84' lang='lat' dir='ltr'><strong>cessi</strong></span> <span class='ocrx_word' id='word_1_87' title='bbox 441 1203 691 1258; x_wconf 89' lang='lat' dir='ltr'><strong>oratione</strong></span> <span class='ocrx_word' id='word_1_88' title='bbox 712 1203 1017 1274; x_wconf 83' lang='lat' dir='ltr'><strong>praemissa,</strong></span> <span class='ocrx_word' id='word_1_89' title='bbox 1048 1212 1109 1258; x_wconf 92' lang='lat' dir='ltr'><strong>ut</strong></span> <span class='ocrx_word' id='word_1_90' title='bbox 1139 1203 1186 1259; x_wconf 92' lang='lat' dir='ltr'><strong>si</strong></span> <span class='ocrx_word' id='word_1_91' title='bbox 1240 1215 1387 1260; x_wconf 89' lang='lat' dir='ltr'><strong>esset</strong></span> <span class='ocrx_word' id='word_1_92' title='bbox 1430 1205 1688 1263; x_wconf 85' lang='lat' dir='ltr'><strong>voluntas</strong></span> <span class='ocrx_word' id='word_1_93' title='bbox 1728 1206 1837 1264; x_wconf 88' lang='lat' dir='ltr'><strong>Pa-</strong></span> 
     </span>
     <span class='ocr_line' id='line_1_14' title="bbox 256 1292 1835 1369; baseline 0.002 -19"><span class='ocrx_word' id='word_1_94' title='bbox 256 1295 383 1361; x_wconf 86' lang='lat' dir='ltr'><strong>tris,</strong></span> <span class='ocrx_word' id='word_1_95' title='bbox 405 1292 800 1350; x_wconf 77' lang='lat' dir='ltr'><strong>transferretur</strong></span> <span class='ocrx_word' id='word_1_96' title='bbox 850 1308 882 1348; x_wconf 91' lang='lat' dir='ltr'><strong>a</strong></span> <span class='ocrx_word' id='word_1_97' title='bbox 922 1309 1011 1349; x_wconf 92' lang='lat' dir='ltr'><strong>me</strong></span> <span class='ocrx_word' id='word_1_98' title='bbox 1053 1294 1197 1350; x_wconf 84' lang='lat' dir='ltr'><strong>calix</strong></span> <span class='ocrx_word' id='word_1_99' title='bbox 1249 1293 1549 1352; x_wconf 83' lang='lat' dir='ltr'><strong>Passionis.</strong></span> <span class='ocrx_word' id='word_1_100' title='bbox 1581 1295 1662 1352; x_wconf 88' lang='lat' dir='ltr'><strong>Tu</strong></span> <span class='ocrx_word' id='word_1_101' title='bbox 1684 1311 1835 1369; x_wconf 87' lang='lat' dir='ltr'><strong>ergo,</strong></span> 
     </span>
     <span class='ocr_line' id='line_1_15' title="bbox 256 1384 1837 1459; baseline 0.003 -19"><span class='ocrx_word' id='word_1_102' title='bbox 256 1385 358 1453; x_wconf 78' lang='lat' dir='ltr'><strong>qui</strong></span> <span class='ocrx_word' id='word_1_103' title='bbox 382 1400 470 1441; x_wconf 89' lang='lat' dir='ltr'><strong>me</strong></span> <span class='ocrx_word' id='word_1_104' title='bbox 492 1384 719 1441; x_wconf 80' lang='lat' dir='ltr'><strong>voluisti</strong></span> <span class='ocrx_word' id='word_1_105' title='bbox 745 1385 1066 1442; x_wconf 79' lang='lat' dir='ltr'><strong>antecedere</strong></span> <span class='ocrx_word' id='word_1_106' title='bbox 1087 1385 1142 1440; x_wconf 91' lang='lat' dir='ltr'><strong>in</strong></span> <span class='ocrx_word' id='word_1_107' title='bbox 1170 1393 1265 1441; x_wconf 91' lang='lat' dir='ltr'><strong>tua</strong></span> <span class='ocrx_word' id='word_1_108' title='bbox 1281 1385 1591 1456; x_wconf 76' lang='lat' dir='ltr'><strong>iuventute,</strong></span> <span class='ocrx_word' id='word_1_109' title='bbox 1616 1389 1837 1459; x_wconf 85' lang='lat' dir='ltr'><strong>quando</strong></span> 
     </span>
     <span class='ocr_line' id='line_1_16' title="bbox 256 1477 1837 1549; baseline 0.001 -14"><span class='ocrx_word' id='word_1_110' title='bbox 256 1477 520 1549; x_wconf 77' lang='lat' dir='ltr'><strong>cingebas</strong></span> <span class='ocrx_word' id='word_1_111' title='bbox 544 1485 618 1543; x_wconf 87' lang='lat' dir='ltr'><strong>te,</strong></span> <span class='ocrx_word' id='word_1_112' title='bbox 660 1486 715 1534; x_wconf 92' lang='lat' dir='ltr'><strong>et</strong></span> <span class='ocrx_word' id='word_1_113' title='bbox 741 1477 1085 1544; x_wconf 80' lang='lat' dir='ltr'><strong>ambulabas,</strong></span> <span class='ocrx_word' id='word_1_114' title='bbox 1123 1479 1218 1533; x_wconf 91' lang='lat' dir='ltr'><strong>ubi</strong></span> <span class='ocrx_word' id='word_1_115' title='bbox 1261 1479 1503 1545; x_wconf 82' lang='lat' dir='ltr'><strong>volebas,</strong></span> <span class='ocrx_word' id='word_1_116' title='bbox 1556 1496 1704 1536; x_wconf 90' lang='lat' dir='ltr'><strong>nunc</strong></span> <span class='ocrx_word' id='word_1_117' title='bbox 1748 1497 1837 1538; x_wconf 89' lang='lat' dir='ltr'><strong>me</strong></span> 
     </span>
     <span class='ocr_line' id='line_1_17' title="bbox 258 1567 1836 1639; baseline 0.003 -15"><span class='ocrx_word' id='word_1_118' title='bbox 258 1581 510 1639; x_wconf 78' lang='lat' dir='ltr'><strong>sequere,</strong></span> <span class='ocrx_word' id='word_1_119' title='bbox 548 1575 610 1624; x_wconf 93' lang='lat' dir='ltr'><strong>ut</strong></span> <span class='ocrx_word' id='word_1_120' title='bbox 632 1567 715 1624; x_wconf 89' lang='lat' dir='ltr'><strong>tui</strong></span> <span class='ocrx_word' id='word_1_121' title='bbox 741 1569 1023 1639; x_wconf 84' lang='lat' dir='ltr'><strong>sequentis</strong></span> <span class='ocrx_word' id='word_1_122' title='bbox 1052 1569 1336 1626; x_wconf 77' lang='lat' dir='ltr'><strong>humilitas</strong></span> <span class='ocrx_word' id='word_1_123' title='bbox 1363 1570 1708 1629; x_wconf 88' lang='lat' dir='ltr'><strong>medicinalis</strong></span> <span class='ocrx_word' id='word_1_124' title='bbox 1738 1588 1836 1628; x_wconf 89' lang='lat' dir='ltr'><strong>cu-</strong></span> 
     </span>
     <span class='ocr_line' id='line_1_18' title="bbox 260 1658 1834 1733; baseline 0.001 -15"><span class='ocrx_word' id='word_1_125' title='bbox 260 1666 348 1718; x_wconf 83' lang='lat' dir='ltr'><strong>ret</strong></span> <span class='ocrx_word' id='word_1_126' title='bbox 376 1658 603 1715; x_wconf 78' lang='lat' dir='ltr'><strong>vulnera</strong></span> <span class='ocrx_word' id='word_1_127' title='bbox 627 1667 732 1715; x_wconf 83' lang='lat' dir='ltr'><strong>tuae</strong></span> <span class='ocrx_word' id='word_1_128' title='bbox 753 1659 1213 1731; x_wconf 83' lang='lat' dir='ltr'><strong>praesumptionis.</strong></span> <span class='ocrx_word' id='word_1_129' title='bbox 1247 1659 1314 1716; x_wconf 87' lang='lat' dir='ltr'><strong>Et</strong></span> <span class='ocrx_word' id='word_1_130' title='bbox 1339 1661 1468 1733; x_wconf 92' lang='lat' dir='ltr'><strong>quia</strong></span> <span class='ocrx_word' id='word_1_131' title='bbox 1504 1663 1834 1721; x_wconf 88' lang='lat' dir='ltr'><strong>desiderium</strong></span> 
     </span>
     <span class='ocr_line' id='line_1_19' title="bbox 261 1750 1836 1821; baseline 0.003 -15"><span class='ocrx_word' id='word_1_132' title='bbox 261 1750 446 1806; x_wconf 87' lang='lat' dir='ltr'><strong>cordis</strong></span> <span class='ocrx_word' id='word_1_133' title='bbox 469 1751 551 1807; x_wconf 90' lang='lat' dir='ltr'><strong>tui</strong></span> <span class='ocrx_word' id='word_1_134' title='bbox 577 1760 684 1818; x_wconf 88' lang='lat' dir='ltr'><strong>est,</strong></span> <span class='ocrx_word' id='word_1_135' title='bbox 710 1761 771 1806; x_wconf 92' lang='lat' dir='ltr'><strong>ut</strong></span> <span class='ocrx_word' id='word_1_136' title='bbox 793 1750 897 1805; x_wconf 91' lang='lat' dir='ltr'><strong>sim</strong></span> <span class='ocrx_word' id='word_1_137' title='bbox 941 1750 1159 1821; x_wconf 89' lang='lat' dir='ltr'><strong>penitus</strong></span> <span class='ocrx_word' id='word_1_138' title='bbox 1201 1753 1487 1809; x_wconf 89' lang='lat' dir='ltr'><strong>immemor</strong></span> <span class='ocrx_word' id='word_1_139' title='bbox 1514 1753 1836 1811; x_wconf 88' lang='lat' dir='ltr'><strong>delictorum</strong></span> 
     </span>
     <span class='ocr_line' id='line_1_20' title="bbox 261 1841 1837 1920; baseline 0.006 -24"><span class='ocrx_word' id='word_1_140' title='bbox 261 1850 504 1907; x_wconf 88' lang='lat' dir='ltr'><strong>tuorum,</strong></span> <span class='ocrx_word' id='word_1_141' title='bbox 533 1842 861 1906; x_wconf 80' lang='lat' dir='ltr'><strong>sed‚memor</strong></span> <span class='ocrx_word' id='word_1_142' title='bbox 882 1841 984 1912; x_wconf 89' lang='lat' dir='ltr'><strong>tui,</strong></span> <span class='ocrx_word' id='word_1_143' title='bbox 1009 1858 1138 1900; x_wconf 90' lang='lat' dir='ltr'><strong>ecce</strong></span> <span class='ocrx_word' id='word_1_144' title='bbox 1163 1844 1407 1901; x_wconf 80' lang='lat' dir='ltr'><strong>retribuo</strong></span> <span class='ocrx_word' id='word_1_145' title='bbox 1437 1847 1538 1902; x_wconf 92' lang='lat' dir='ltr'><strong>tibi</strong></span> <span class='ocrx_word' id='word_1_146' title='bbox 1567 1847 1710 1904; x_wconf 91' lang='lat' dir='ltr'><strong>bona</strong></span> <span class='ocrx_word' id='word_1_147' title='bbox 1736 1864 1837 1920; x_wconf 89' lang='lat' dir='ltr'><strong>pro</strong></span> 
     </span>
     <span class='ocr_line' id='line_1_21' title="bbox 263 1930 1834 2003; baseline 0.004 -16"><span class='ocrx_word' id='word_1_148' title='bbox 263 1931 447 1987; x_wconf 86' lang='lat' dir='ltr'><strong>malis.</strong></span> <span class='ocrx_word' id='word_1_149' title='bbox 470 1930 606 1987; x_wconf 82' lang='lat' dir='ltr'><strong>Nam</strong></span> <span class='ocrx_word' id='word_1_150' title='bbox 630 1941 710 2000; x_wconf 91' lang='lat' dir='ltr'><strong>tu,</strong></span> <span class='ocrx_word' id='word_1_151' title='bbox 738 1933 833 2003; x_wconf 89' lang='lat' dir='ltr'><strong>qui</strong></span> <span class='ocrx_word' id='word_1_152' title='bbox 858 1947 947 1990; x_wconf 89' lang='lat' dir='ltr'><strong>me</strong></span> <span class='ocrx_word' id='word_1_153' title='bbox 968 1932 1235 1990; x_wconf 89' lang='lat' dir='ltr'><strong>moriente</strong></span> <span class='ocrx_word' id='word_1_154' title='bbox 1258 1933 1511 1992; x_wconf 81' lang='lat' dir='ltr'><strong>inventus</strong></span> <span class='ocrx_word' id='word_1_155' title='bbox 1566 1952 1625 1994; x_wconf 89' lang='lat' dir='ltr'><strong>es</strong></span> <span class='ocrx_word' id='word_1_156' title='bbox 1678 1937 1834 1993; x_wconf 82' lang='lat' dir='ltr'><strong>intir-</strong></span> 
     </span>
     <span class='ocr_line' id='line_1_22' title="bbox 258 2024 1835 2092; baseline 0.003 -11"><span class='ocrx_word' id='word_1_157' title='bbox 258 2038 385 2081; x_wconf 88' lang='lat' dir='ltr'><strong>mus</strong></span> <span class='ocrx_word' id='word_1_158' title='bbox 416 2039 527 2092; x_wconf 74' lang='lat' dir='ltr'><strong>prae</strong></span> <span class='ocrx_word' id='word_1_159' title='bbox 548 2024 781 2091; x_wconf 85' lang='lat' dir='ltr'><strong>caeteris,</strong></span> <span class='ocrx_word' id='word_1_160' title='bbox 808 2039 957 2079; x_wconf 88' lang='lat' dir='ltr'><strong>nunc</strong></span> <span class='ocrx_word' id='word_1_161' title='bbox 985 2039 1074 2081; x_wconf 91' lang='lat' dir='ltr'><strong>me</strong></span> <span class='ocrx_word' id='word_1_162' title='bbox 1126 2026 1457 2083; x_wconf 86' lang='lat' dir='ltr'><strong>resuscitato</strong></span> <span class='ocrx_word' id='word_1_163' title='bbox 1488 2029 1698 2084; x_wconf 83' lang='lat' dir='ltr'><strong>tirmior</strong></span> <span class='ocrx_word' id='word_1_164' title='bbox 1724 2031 1835 2088; x_wconf 88' lang='lat' dir='ltr'><strong>eris</strong></span> 
     </span>
     <span class='ocr_line' id='line_1_23' title="bbox 257 2112 1834 2191; baseline 0.003 -19"><span class='ocrx_word' id='word_1_165' title='bbox 257 2114 489 2182; x_wconf 80' lang='lat' dir='ltr'><strong>caeteris,</strong></span> <span class='ocrx_word' id='word_1_166' title='bbox 539 2123 601 2170; x_wconf 91' lang='lat' dir='ltr'><strong>ut</strong></span> <span class='ocrx_word' id='word_1_167' title='bbox 652 2112 964 2185; x_wconf 83' lang='lat' dir='ltr'><strong>impleatur,</strong></span> <span class='ocrx_word' id='word_1_168' title='bbox 987 2116 1135 2185; x_wconf 92' lang='lat' dir='ltr'><strong>quod</strong></span> <span class='ocrx_word' id='word_1_169' title='bbox 1188 2116 1286 2171; x_wconf 91' lang='lat' dir='ltr'><strong>tibi</strong></span> <span class='ocrx_word' id='word_1_170' title='bbox 1344 2119 1573 2188; x_wconf 83' lang='lat' dir='ltr'><strong>praedixi</strong></span> <span class='ocrx_word' id='word_1_171' title='bbox 1600 2136 1617 2175; x_wconf 71' lang='grc' dir='ltr'>ε</span> <span class='ocrx_word' id='word_1_172' title='bbox 1654 2140 1672 2173; x_wconf 75' lang='grc' dir='ltr'>ι</span> <span class='ocrx_word' id='word_1_173' title='bbox 1704 2121 1834 2191; x_wconf 88' lang='lat' dir='ltr'><strong>quia</strong></span> 
     </span>
     <span class='ocr_line' id='line_1_24' title="bbox 258 2204 1837 2277; baseline 0.003 -13"><span class='ocrx_word' id='word_1_174' title='bbox 258 2206 411 2264; x_wconf 86' lang='lat' dir='ltr'><strong>oravi</strong></span> <span class='ocrx_word' id='word_1_175' title='bbox 465 2221 565 2277; x_wconf 86' lang='lat' dir='ltr'><strong>pro</strong></span> <span class='ocrx_word' id='word_1_176' title='bbox 611 2215 683 2274; x_wconf 87' lang='lat' dir='ltr'><strong>te,</strong></span> <span class='ocrx_word' id='word_1_177' title='bbox 714 2214 776 2261; x_wconf 91' lang='lat' dir='ltr'><strong>ut</strong></span> <span class='ocrx_word' id='word_1_178' title='bbox 828 2221 939 2261; x_wconf 93' lang='lat' dir='ltr'><strong>non</strong></span> <span class='ocrx_word' id='word_1_179' title='bbox 991 2204 1209 2263; x_wconf 88' lang='lat' dir='ltr'><strong>dessciat</strong></span> <span class='ocrx_word' id='word_1_180' title='bbox 1231 2206 1365 2265; x_wconf 86' lang='lat' dir='ltr'><strong>tides</strong></span> <span class='ocrx_word' id='word_1_181' title='bbox 1395 2217 1509 2273; x_wconf 90' lang='lat' dir='ltr'><strong>tua,</strong></span> <span class='ocrx_word' id='word_1_182' title='bbox 1538 2219 1592 2267; x_wconf 91' lang='lat' dir='ltr'><strong>et</strong></span> <span class='ocrx_word' id='word_1_183' title='bbox 1633 2220 1687 2266; x_wconf 89' lang='lat' dir='ltr'><strong>tu</strong></span> <span class='ocrx_word' id='word_1_184' title='bbox 1740 2212 1837 2267; x_wconf 91' lang='lat' dir='ltr'><strong>ali·</strong></span> 
     </span>
     <span class='ocr_line' id='line_1_25' title="bbox 257 2297 1831 2374; baseline 0.003 -20"><span class='ocrx_word' id='word_1_185' title='bbox 257 2299 479 2370; x_wconf 87' lang='lat' dir='ltr'><strong>quando</strong></span> <span class='ocrx_word' id='word_1_186' title='bbox 503 2312 799 2356; x_wconf 80' lang='lat' dir='ltr'><strong>conversus</strong></span> <span class='ocrx_word' id='word_1_187' title='bbox 833 2297 1097 2355; x_wconf 83' lang='lat' dir='ltr'><strong>confirma</strong></span> <span class='ocrx_word' id='word_1_188' title='bbox 1134 2298 1332 2357; x_wconf 74' lang='lat' dir='ltr'><strong>tratres</strong></span> <span class='ocrx_word' id='word_1_189' title='bbox 1368 2309 1493 2359; x_wconf 90' lang='lat' dir='ltr'><strong>tuos</strong></span> <span class='ocrx_word' id='word_1_190' title='bbox 1521 2302 1673 2374; x_wconf 79' lang='lat' dir='ltr'><strong>(Luc.</strong></span> <span class='ocrx_word' id='word_1_191' title='bbox 1693 2320 1831 2371; x_wconf 78' lang='lat' dir='ltr'><strong>xxti,</strong></span> 
     </span>
     <span class='ocr_line' id='line_1_26' title="bbox 255 2392 425 2462; baseline -0.024 -14"><span class='ocrx_word' id='word_1_192' title='bbox 255 2392 369 2462; x_wconf 68' lang='grc' dir='ltr'><strong>ΒΞ).</strong></span> <span class='ocrx_word' id='word_1_193' title='bbox 403 2410 425 2444; x_wconf 72' lang='grc' dir='ltr'>ι</span> 
     </span>
    </p>

    <p class='ocr_par' dir='ltr' id='par_1_7' title="bbox 253 2481 1834 3020">
     <span class='ocr_line' id='line_1_27' title="bbox 328 2481 1831 2554; baseline 0.005 -18"><span class='ocrx_word' id='word_1_194' title='bbox 328 2481 717 2539; x_wconf 79' lang='lat' dir='ltr'><strong>Verumtamen</strong></span> <span class='ocrx_word' id='word_1_195' title='bbox 744 2482 872 2554; x_wconf 86' lang='lat' dir='ltr'><strong>quia</strong></span> <span class='ocrx_word' id='word_1_196' title='bbox 907 2482 989 2539; x_wconf 85' lang='lat' dir='ltr'><strong>sie</strong></span> <span class='ocrx_word' id='word_1_197' title='bbox 1036 2482 1187 2541; x_wconf 90' lang='lat' dir='ltr'><strong>soleo</strong></span> <span class='ocrx_word' id='word_1_198' title='bbox 1206 2483 1465 2541; x_wconf 84' lang='lat' dir='ltr'><strong>exhibere</strong></span> <span class='ocrx_word' id='word_1_199' title='bbox 1515 2485 1831 2544; x_wconf 87' lang='lat' dir='ltr'><strong>misericor·</strong></span> 
     </span>
     <span class='ocr_line' id='line_1_28' title="bbox 256 2573 1833 2650; baseline 0.003 -20"><span class='ocrx_word' id='word_1_200' title='bbox 256 2574 428 2641; x_wconf 90' lang='lat' dir='ltr'><strong>diam,</strong></span> <span class='ocrx_word' id='word_1_201' title='bbox 459 2584 519 2630; x_wconf 91' lang='lat' dir='ltr'><strong>ut</strong></span> <span class='ocrx_word' id='word_1_202' title='bbox 543 2589 824 2645; x_wconf 85' lang='lat' dir='ltr'><strong>nunquam</strong></span> <span class='ocrx_word' id='word_1_203' title='bbox 866 2573 1162 2631; x_wconf 84' lang='lat' dir='ltr'><strong>obliviscar</strong></span> <span class='ocrx_word' id='word_1_204' title='bbox 1188 2574 1495 2646; x_wconf 86' lang='lat' dir='ltr'><strong>justitiam,</strong></span> <span class='ocrx_word' id='word_1_205' title='bbox 1520 2585 1579 2633; x_wconf 91' lang='lat' dir='ltr'><strong>tu</strong></span> <span class='ocrx_word' id='word_1_206' title='bbox 1605 2578 1699 2650; x_wconf 89' lang='lat' dir='ltr'><strong>qui</strong></span> <span class='ocrx_word' id='word_1_207' title='bbox 1744 2595 1833 2636; x_wconf 91' lang='lat' dir='ltr'><strong>me</strong></span> 
     </span>
     <span class='ocr_line' id='line_1_29' title="bbox 256 2667 1834 2738; baseline 0.002 -14"><span class='ocrx_word' id='word_1_208' title='bbox 256 2668 420 2724; x_wconf 80' lang='lat' dir='ltr'><strong>tertio</strong></span> <span class='ocrx_word' id='word_1_209' title='bbox 448 2667 681 2738; x_wconf 82' lang='lat' dir='ltr'><strong>negasti,</strong></span> <span class='ocrx_word' id='word_1_210' title='bbox 710 2674 924 2737; x_wconf 84' lang='lat' dir='ltr'><strong>oportet</strong></span> <span class='ocrx_word' id='word_1_211' title='bbox 951 2674 1013 2722; x_wconf 89' lang='lat' dir='ltr'><strong>ut</strong></span> <span class='ocrx_word' id='word_1_212' title='bbox 1045 2683 1133 2724; x_wconf 90' lang='lat' dir='ltr'><strong>me</strong></span> <span class='ocrx_word' id='word_1_213' title='bbox 1162 2668 1474 2725; x_wconf 85' lang='lat' dir='ltr'><strong>conlitearis</strong></span> <span class='ocrx_word' id='word_1_214' title='bbox 1499 2669 1679 2737; x_wconf 87' lang='lat' dir='ltr'><strong>tertio,</strong></span> <span class='ocrx_word' id='word_1_215' title='bbox 1716 2671 1834 2727; x_wconf 82' lang='lat' dir='ltr'><strong>ssat-</strong></span> 
     </span>
     <span class='ocr_line' id='line_1_30' title="bbox 253 2745 1828 2834; baseline 0.003 -18"><span class='ocrx_word' id='word_1_216' title='bbox 253 2776 366 2834; x_wconf 89' lang='lat' dir='ltr'><strong>que</strong></span> <span class='ocrx_word' id='word_1_217' title='bbox 399 2745 543 2816; x_wconf 71' lang='lat' dir='ltr'><strong>t⁸rina</strong></span> <span class='ocrx_word' id='word_1_218' title='bbox 567 2759 671 2816; x_wconf 85' lang='lat' dir='ltr'><strong>ista</strong></span> <span class='ocrx_word' id='word_1_219' title='bbox 701 2757 976 2815; x_wconf 81' lang='lat' dir='ltr'><strong>consessio</strong></span> <span class='ocrx_word' id='word_1_220' title='bbox 1006 2760 1165 2816; x_wconf 83' lang='lat' dir='ltr'><strong>trinae</strong></span> <span class='ocrx_word' id='word_1_221' title='bbox 1186 2769 1293 2816; x_wconf 81' lang='lat' dir='ltr'><strong>tuae</strong></span> <span class='ocrx_word' id='word_1_222' title='bbox 1318 2760 1626 2833; x_wconf 80' lang='lat' dir='ltr'><strong>negationis</strong></span> <span class='ocrx_word' id='word_1_223' title='bbox 1676 2762 1828 2834; x_wconf 85' lang='lat' dir='ltr'><strong>justa</strong></span> 
     </span>
     <span class='ocr_line' id='line_1_31' title="bbox 253 2848 1830 2927; baseline 0.003 -20"><span class='ocrx_word' id='word_1_224' title='bbox 253 2849 577 2908; x_wconf 76' lang='lat' dir='ltr'><strong>satisfactio.</strong></span> <span class='ocrx_word' id='word_1_225' title='bbox 601 2848 731 2908; x_wconf 87' lang='lat' dir='ltr'><strong>Post</strong></span> <span class='ocrx_word' id='word_1_226' title='bbox 757 2850 1159 2908; x_wconf 72' lang='lat' dir='ltr'><strong>confessionem</strong></span> <span class='ocrx_word' id='word_1_227' title='bbox 1191 2867 1413 2925; x_wconf 89' lang='lat' dir='ltr'><strong>quoque</strong></span> <span class='ocrx_word' id='word_1_228' title='bbox 1437 2853 1663 2920; x_wconf 81' lang='lat' dir='ltr'><strong>trinam,</strong></span> <span class='ocrx_word' id='word_1_229' title='bbox 1699 2855 1830 2927; x_wconf 87' lang='lat' dir='ltr'><strong>quia</strong></span> 
     </span>
     <span class='ocr_line' id='line_1_32' title="bbox 254 2942 1832 3020; baseline 0.004 -18"><span class='ocrx_word' id='word_1_230' title='bbox 254 2942 473 3017; x_wconf 78' lang='lat' dir='ltr'><strong>suscepi</strong></span> <span class='ocrx_word' id='word_1_231' title='bbox 497 2952 648 3001; x_wconf 84' lang='lat' dir='ltr'><strong>tuam</strong></span> <span class='ocrx_word' id='word_1_232' title='bbox 671 2945 1068 3017; x_wconf 81' lang='lat' dir='ltr'><strong>poenitentiam,</strong></span> <span class='ocrx_word' id='word_1_233' title='bbox 1100 2946 1299 3004; x_wconf 79' lang='lat' dir='ltr'><strong>trinam</strong></span> <span class='ocrx_word' id='word_1_234' title='bbox 1330 2947 1552 3020; x_wconf 90' lang='lat' dir='ltr'><strong>impono</strong></span> <span class='ocrx_word' id='word_1_235' title='bbox 1578 2948 1676 3007; x_wconf 89' lang='lat' dir='ltr'><strong>tibi</strong></span> <span class='ocrx_word' id='word_1_236' title='bbox 1700 2949 1832 3008; x_wconf 88' lang='lat' dir='ltr'><strong>obe-</strong></span> 
     </span>
    </p>
   </div>
   <div class='ocr_carea' id='block_1_7' title="bbox 253 3036 1902 3137">
    <p class='ocr_par' dir='ltr' id='par_1_8' title="bbox 253 3036 1902 3137">
     <span class='ocr_line' id='line_1_33' title="bbox 253 3036 1902 3137; baseline 0.004 -45"><span class='ocrx_word' id='word_1_237' title='bbox 253 3036 539 3105; x_wconf 86' lang='lat' dir='ltr'><strong>dientiam,</strong></span> <span class='ocrx_word' id='word_1_238' title='bbox 561 3037 645 3094; x_wconf 90' lang='lat' dir='ltr'><strong>bis</strong></span> <span class='ocrx_word' id='word_1_239' title='bbox 667 3037 765 3094; x_wconf 90' lang='lat' dir='ltr'><strong>tibi</strong></span> <span class='ocrx_word' id='word_1_240' title='bbox 790 3038 1021 3095; x_wconf 81' lang='lat' dir='ltr'><strong>dicendo</strong></span> <span class='ocrx_word' id='word_1_241' title='bbox 1050 3057 1065 3095; x_wconf 75' lang='grc' dir='ltr'><strong><em>ε</em></strong></span> <span class='ocrx_word' id='word_1_242' title='bbox 1100 3058 1119 3093; x_wconf 77' lang='grc' dir='ltr'>ι</span> <span class='ocrx_word' id='word_1_243' title='bbox 1156 3038 1326 3098; x_wconf 87' lang='lat' dir='ltr'><strong>Pasce</strong></span> <span class='ocrx_word' id='word_1_244' title='bbox 1369 3056 1542 3115; x_wconf 85' lang='lat' dir='ltr'><strong>agnos</strong></span> <span class='ocrx_word' id='word_1_245' title='bbox 1595 3058 1768 3113; x_wconf 87' lang='lat' dir='ltr'><strong>meos,</strong></span> <span class='ocrx_word' id='word_1_246' title='bbox 1804 3063 1824 3098; x_wconf 70' lang='grc' dir='ltr'><strong><em>ι</em></strong></span> <span class='ocrx_word' id='word_1_247' title='bbox 1856 3077 1902 3137; x_wconf 73' lang='lat' dir='ltr'><strong>c</strong></span> 
     </span>
    </p>
   </div>
   <div class='ocr_carea' id='block_1_8' title="bbox 247 3127 1833 4401">
    <p class='ocr_par' dir='ltr' id='par_1_9' title="bbox 251 3127 1833 3845">
     <span class='ocr_line' id='line_1_34' title="bbox 253 3127 1833 3203; baseline 0.003 -17"><span class='ocrx_word' id='word_1_248' title='bbox 253 3138 313 3186; x_wconf 85' lang='lat' dir='ltr'><strong>et</strong></span> <span class='ocrx_word' id='word_1_249' title='bbox 337 3129 495 3185; x_wconf 88' lang='lat' dir='ltr'><strong>tertio</strong></span> <span class='ocrx_word' id='word_1_250' title='bbox 524 3148 537 3184; x_wconf 89' lang='lat'><strong>:</strong></span> <span class='ocrx_word' id='word_1_251' title='bbox 574 3147 594 3183; x_wconf 75' lang='lat' dir='ltr'><strong>e</strong></span> <span class='ocrx_word' id='word_1_252' title='bbox 620 3127 793 3186; x_wconf 85' lang='lat' dir='ltr'><strong>Pasce</strong></span> <span class='ocrx_word' id='word_1_253' title='bbox 814 3144 944 3187; x_wconf 83' lang='lat' dir='ltr'><strong>oves</strong></span> <span class='ocrx_word' id='word_1_254' title='bbox 977 3145 1130 3188; x_wconf 88' lang='lat' dir='ltr'><strong>meas</strong></span> <span class='ocrx_word' id='word_1_255' title='bbox 1160 3130 1341 3203; x_wconf 73' lang='lat' dir='ltr'><strong>(loen.</strong></span> <span class='ocrx_word' id='word_1_256' title='bbox 1394 3149 1509 3202; x_wconf 81' lang='lat' dir='ltr'><strong>ui,</strong></span> <span class='ocrx_word' id='word_1_257' title='bbox 1537 3134 1626 3203; x_wconf 76' lang='lat'><strong>¹5,</strong></span> <span class='ocrx_word' id='word_1_258' title='bbox 1672 3134 1739 3190; x_wconf 80' lang='lat'><strong>16</strong></span> <span class='ocrx_word' id='word_1_259' title='bbox 1777 3145 1833 3192; x_wconf 90' lang='lat' dir='ltr'><strong>et</strong></span> 
     </span>
     <span class='ocr_line' id='line_1_35' title="bbox 256 3218 1828 3295; baseline 0.004 -20"><span class='ocrx_word' id='word_1_260' title='bbox 256 3219 372 3292; x_wconf 75' lang='lat'><strong>¹7).</strong></span> <span class='ocrx_word' id='word_1_261' title='bbox 412 3240 432 3274; x_wconf 78' lang='grc' dir='ltr'><strong><em>ι</em></strong></span> <span class='ocrx_word' id='word_1_262' title='bbox 466 3218 668 3277; x_wconf 86' lang='lat' dir='ltr'><strong>Eadem</strong></span> <span class='ocrx_word' id='word_1_263' title='bbox 703 3222 903 3292; x_wconf 90' lang='lat' dir='ltr'><strong>quippe</strong></span> <span class='ocrx_word' id='word_1_264' title='bbox 927 3220 1233 3292; x_wconf 91' lang='lat' dir='ltr'><strong>distinctio,</strong></span> <span class='ocrx_word' id='word_1_265' title='bbox 1257 3239 1380 3295; x_wconf 83' lang='lat' dir='ltr'><strong>quae</strong></span> <span class='ocrx_word' id='word_1_266' title='bbox 1405 3223 1510 3281; x_wconf 77' lang='lat' dir='ltr'><strong>suit</strong></span> <span class='ocrx_word' id='word_1_267' title='bbox 1531 3224 1585 3280; x_wconf 92' lang='lat' dir='ltr'><strong>in</strong></span> <span class='ocrx_word' id='word_1_268' title='bbox 1609 3234 1828 3282; x_wconf 85' lang='lat' dir='ltr'><strong>centum</strong></span> 
     </span>
     <span class='ocr_line' id='line_1_36' title="bbox 256 3312 1826 3389; baseline 0.003 -20"><span class='ocrx_word' id='word_1_269' title='bbox 256 3313 433 3369; x_wconf 87' lang='lat' dir='ltr'><strong>tribus</strong></span> <span class='ocrx_word' id='word_1_270' title='bbox 455 3312 717 3385; x_wconf 87' lang='lat' dir='ltr'><strong>piscibus,</strong></span> <span class='ocrx_word' id='word_1_271' title='bbox 750 3328 899 3369; x_wconf 91' lang='lat' dir='ltr'><strong>nunc</strong></span> <span class='ocrx_word' id='word_1_272' title='bbox 928 3313 1246 3387; x_wconf 74' lang='lat' dir='ltr'><strong>intelligitur</strong></span> <span class='ocrx_word' id='word_1_273' title='bbox 1278 3316 1335 3371; x_wconf 90' lang='lat' dir='ltr'><strong>in</strong></span> <span class='ocrx_word' id='word_1_274' title='bbox 1357 3317 1512 3389; x_wconf 82' lang='lat' dir='ltr'><strong>agnis</strong></span> <span class='ocrx_word' id='word_1_275' title='bbox 1532 3325 1587 3373; x_wconf 90' lang='lat' dir='ltr'><strong>et</strong></span> <span class='ocrx_word' id='word_1_276' title='bbox 1613 3317 1826 3385; x_wconf 80' lang='lat' dir='ltr'><strong>ovibus,</strong></span> 
     </span>
     <span class='ocr_line' id='line_1_37' title="bbox 253 3405 1830 3483; baseline 0.005 -23"><span class='ocrx_word' id='word_1_277' title='bbox 253 3406 457 3477; x_wconf 85' lang='lat' dir='ltr'><strong>quibus</strong></span> <span class='ocrx_word' id='word_1_278' title='bbox 504 3405 760 3461; x_wconf 91' lang='lat' dir='ltr'><strong>omnibus</strong></span> <span class='ocrx_word' id='word_1_279' title='bbox 811 3414 865 3461; x_wconf 91' lang='lat' dir='ltr'><strong>te</strong></span> <span class='ocrx_word' id='word_1_280' title='bbox 918 3405 1248 3477; x_wconf 79' lang='lat' dir='ltr'><strong>piscatorem</strong></span> <span class='ocrx_word' id='word_1_281' title='bbox 1294 3419 1349 3466; x_wconf 91' lang='lat' dir='ltr'><strong>et</strong></span> <span class='ocrx_word' id='word_1_282' title='bbox 1382 3418 1656 3482; x_wconf 82' lang='lat' dir='ltr'><strong>pastorem</strong></span> <span class='ocrx_word' id='word_1_283' title='bbox 1700 3426 1830 3483; x_wconf 91' lang='lat' dir='ltr'><strong>pro—</strong></span> 
     </span>
     <span class='ocr_line' id='line_1_38' title="bbox 252 3496 1826 3571; baseline 0.005 -19"><span class='ocrx_word' id='word_1_284' title='bbox 252 3511 421 3568; x_wconf 83' lang='lat' dir='ltr'><strong>pono,</strong></span> <span class='ocrx_word' id='word_1_285' title='bbox 450 3506 510 3552; x_wconf 90' lang='lat' dir='ltr'><strong>ut</strong></span> <span class='ocrx_word' id='word_1_286' title='bbox 533 3512 628 3553; x_wconf 90' lang='lat' dir='ltr'><strong>eos</strong></span> <span class='ocrx_word' id='word_1_287' title='bbox 657 3498 723 3553; x_wconf 91' lang='lat' dir='ltr'><strong>de</strong></span> <span class='ocrx_word' id='word_1_288' title='bbox 755 3496 984 3555; x_wconf 86' lang='lat' dir='ltr'><strong>marinis</strong></span> <span class='ocrx_word' id='word_1_289' title='bbox 1007 3499 1199 3556; x_wconf 86' lang='lat' dir='ltr'><strong>mundi</strong></span> <span class='ocrx_word' id='word_1_290' title='bbox 1231 3500 1397 3571; x_wconf 77' lang='lat' dir='ltr'><strong>buius</strong></span> <span class='ocrx_word' id='word_1_291' title='bbox 1423 3499 1683 3559; x_wconf 84' lang='lat' dir='ltr'><strong>fluctibus</strong></span> <span class='ocrx_word' id='word_1_292' title='bbox 1713 3512 1826 3560; x_wconf 90' lang='lat' dir='ltr'><strong>tra-</strong></span> 
     </span>
     <span class='ocr_line' id='line_1_39' title="bbox 253 3588 1829 3666; baseline 0.005 -23"><span class='ocrx_word' id='word_1_293' title='bbox 253 3588 357 3644; x_wconf 86' lang='lat' dir='ltr'><strong>has</strong></span> <span class='ocrx_word' id='word_1_294' title='bbox 384 3597 643 3659; x_wconf 87' lang='lat' dir='ltr'><strong>tanquam</strong></span> <span class='ocrx_word' id='word_1_295' title='bbox 673 3588 853 3657; x_wconf 87' lang='lat' dir='ltr'><strong>pisces</strong></span> <span class='ocrx_word' id='word_1_296' title='bbox 890 3604 1121 3661; x_wconf 75' lang='lat' dir='ltr'><strong>magnos</strong></span> <span class='ocrx_word' id='word_1_297' title='bbox 1147 3589 1203 3646; x_wconf 92' lang='lat' dir='ltr'><strong>in</strong></span> <span class='ocrx_word' id='word_1_298' title='bbox 1236 3591 1456 3649; x_wconf 85' lang='lat' dir='ltr'><strong>dextera</strong></span> <span class='ocrx_word' id='word_1_299' title='bbox 1496 3593 1698 3666; x_wconf 85' lang='lat' dir='ltr'><strong>navigii</strong></span> <span class='ocrx_word' id='word_1_300' title='bbox 1741 3609 1829 3651; x_wconf 90' lang='lat' dir='ltr'><strong>ca-</strong></span> 
     </span>
     <span class='ocr_line' id='line_1_40' title="bbox 253 3681 1823 3759; baseline 0.006 -24"><span class='ocrx_word' id='word_1_301' title='bbox 253 3690 398 3751; x_wconf 89' lang='lat' dir='ltr'><strong>ptos,</strong></span> <span class='ocrx_word' id='word_1_302' title='bbox 428 3690 591 3752; x_wconf 84' lang='lat' dir='ltr'><strong>atque</strong></span> <span class='ocrx_word' id='word_1_303' title='bbox 619 3682 675 3737; x_wconf 94' lang='lat' dir='ltr'><strong>in</strong></span> <span class='ocrx_word' id='word_1_304' title='bbox 728 3681 945 3751; x_wconf 82' lang='lat' dir='ltr'><strong>pascuis</strong></span> <span class='ocrx_word' id='word_1_305' title='bbox 1007 3682 1297 3743; x_wconf 88' lang='lat' dir='ltr'><strong>uberrimis</strong></span> <span class='ocrx_word' id='word_1_306' title='bbox 1339 3701 1535 3757; x_wconf 81' lang='lat' dir='ltr'><strong>pascas</strong></span> <span class='ocrx_word' id='word_1_307' title='bbox 1563 3695 1823 3759; x_wconf 89' lang='lat' dir='ltr'><strong>tanquam</strong></span> 
     </span>
     <span class='ocr_line' id='line_1_41' title="bbox 251 3774 1457 3845; baseline 0.001 -13"><span class='ocrx_word' id='word_1_308' title='bbox 251 3789 447 3845; x_wconf 74' lang='lat' dir='ltr'><strong>agnos,</strong></span> <span class='ocrx_word' id='word_1_309' title='bbox 478 3784 533 3831; x_wconf 89' lang='lat' dir='ltr'><strong>et</strong></span> <span class='ocrx_word' id='word_1_310' title='bbox 560 3790 688 3831; x_wconf 78' lang='lat' dir='ltr'><strong>oves</strong></span> <span class='ocrx_word' id='word_1_311' title='bbox 712 3774 782 3830; x_wconf 91' lang='lat' dir='ltr'><strong>ad</strong></span> <span class='ocrx_word' id='word_1_312' title='bbox 808 3774 1088 3831; x_wconf 86' lang='lat' dir='ltr'><strong>dexteram</strong></span> <span class='ocrx_word' id='word_1_313' title='bbox 1117 3777 1457 3834; x_wconf 83' lang='lat' dir='ltr'><strong>statuendos.</strong></span> 
     </span>
    </p>

    <p class='ocr_par' dir='ltr' id='par_1_10' title="bbox 247 3863 1828 4401">
     <span class='ocr_line' id='line_1_42' title="bbox 324 3863 1825 3939; baseline 0.004 -18"><span class='ocrx_word' id='word_1_314' title='bbox 324 3863 371 3922; x_wconf 92' lang='lat'>0</span> <span class='ocrx_word' id='word_1_315' title='bbox 389 3865 548 3923; x_wconf 90' lang='lat' dir='ltr'><strong>Petre</strong></span> <span class='ocrx_word' id='word_1_316' title='bbox 569 3866 836 3939; x_wconf 86' lang='lat' dir='ltr'><strong>apostole,</strong></span> <span class='ocrx_word' id='word_1_317' title='bbox 858 3882 1024 3939; x_wconf 87' lang='lat' dir='ltr'><strong>quam</strong></span> <span class='ocrx_word' id='word_1_318' title='bbox 1047 3866 1262 3924; x_wconf 76' lang='lat' dir='ltr'><strong>felicem</strong></span> <span class='ocrx_word' id='word_1_319' title='bbox 1283 3877 1337 3925; x_wconf 89' lang='lat' dir='ltr'><strong>te</strong></span> <span class='ocrx_word' id='word_1_320' title='bbox 1358 3868 1605 3939; x_wconf 83' lang='lat' dir='ltr'><strong>judicare</strong></span> <span class='ocrx_word' id='word_1_321' title='bbox 1629 3884 1825 3939; x_wconf 88' lang='lat' dir='ltr'><strong>possu-</strong></span> 
     </span>
     <span class='ocr_line' id='line_1_43' title="bbox 253 3958 1824 4030; baseline 0.001 -16"><span class='ocrx_word' id='word_1_322' title='bbox 253 3973 400 4027; x_wconf 84' lang='lat' dir='ltr'><strong>mus,</strong></span> <span class='ocrx_word' id='word_1_323' title='bbox 437 3973 561 4015; x_wconf 89' lang='lat' dir='ltr'><strong>cum</strong></span> <span class='ocrx_word' id='word_1_324' title='bbox 619 3960 858 4015; x_wconf 84' lang='lat' dir='ltr'><strong>tructum</strong></span> <span class='ocrx_word' id='word_1_325' title='bbox 909 3967 1016 4015; x_wconf 82' lang='lat' dir='ltr'><strong>tuae</strong></span> <span class='ocrx_word' id='word_1_326' title='bbox 1071 3959 1406 4030; x_wconf 82' lang='lat' dir='ltr'><strong>poenitentiae</strong></span> <span class='ocrx_word' id='word_1_327' title='bbox 1439 3959 1707 4017; x_wconf 80' lang='lat' dir='ltr'><strong>videmus.</strong></span> <span class='ocrx_word' id='word_1_328' title='bbox 1741 3958 1824 4016; x_wconf 89' lang='lat' dir='ltr'><strong>Tu</strong></span> 
     </span>
     <span class='ocr_line' id='line_1_44' title="bbox 250 4050 1820 4124; baseline 0 -15"><span class='ocrx_word' id='word_1_329' title='bbox 250 4053 397 4109; x_wconf 71' lang='lat' dir='ltr'><strong>euim</strong></span> <span class='ocrx_word' id='word_1_330' title='bbox 436 4050 805 4123; x_wconf 81' lang='lat' dir='ltr'><strong>principaliter</strong></span> <span class='ocrx_word' id='word_1_331' title='bbox 861 4052 918 4107; x_wconf 90' lang='lat' dir='ltr'><strong>in</strong></span> <span class='ocrx_word' id='word_1_332' title='bbox 974 4060 1029 4109; x_wconf 90' lang='lat' dir='ltr'><strong>te</strong></span> <span class='ocrx_word' id='word_1_333' title='bbox 1086 4052 1208 4124; x_wconf 90' lang='lat' dir='ltr'><strong>ipso</strong></span> <span class='ocrx_word' id='word_1_334' title='bbox 1257 4060 1513 4124; x_wconf 83' lang='lat' dir='ltr'><strong>expertus</strong></span> <span class='ocrx_word' id='word_1_335' title='bbox 1563 4067 1646 4120; x_wconf 88' lang='lat' dir='ltr'><strong>es,</strong></span> <span class='ocrx_word' id='word_1_336' title='bbox 1673 4053 1820 4124; x_wconf 87' lang='lat' dir='ltr'><strong>quod</strong></span> 
     </span>
     <span class='ocr_line' id='line_1_45' title="bbox 251 4142 1824 4215; baseline 0.001 -15"><span class='ocrx_word' id='word_1_337' title='bbox 251 4142 430 4200; x_wconf 87' lang='lat' dir='ltr'><strong>dulcis</strong></span> <span class='ocrx_word' id='word_1_338' title='bbox 449 4151 505 4199; x_wconf 88' lang='lat' dir='ltr'><strong>et</strong></span> <span class='ocrx_word' id='word_1_339' title='bbox 529 4153 712 4200; x_wconf 86' lang='lat' dir='ltr'><strong>rectus</strong></span> <span class='ocrx_word' id='word_1_340' title='bbox 737 4142 1025 4213; x_wconf 88' lang='lat' dir='ltr'><strong>Dominus,</strong></span> <span class='ocrx_word' id='word_1_341' title='bbox 1074 4144 1169 4215; x_wconf 91' lang='lat' dir='ltr'><strong>qui</strong></span> <span class='ocrx_word' id='word_1_342' title='bbox 1216 4143 1313 4200; x_wconf 87' lang='lat' dir='ltr'><strong>tibi</strong></span> <span class='ocrx_word' id='word_1_343' title='bbox 1364 4144 1598 4202; x_wconf 87' lang='lat' dir='ltr'><strong>dulciter</strong></span> <span class='ocrx_word' id='word_1_344' title='bbox 1623 4145 1824 4201; x_wconf 87' lang='lat' dir='ltr'><strong>trinam</strong></span> 
     </span>
     <span class='ocr_line' id='line_1_46' title="bbox 250 4237 1826 4309; baseline 0.001 -15"><span class='ocrx_word' id='word_1_345' title='bbox 250 4237 595 4309; x_wconf 78' lang='lat' dir='ltr'><strong>negationem</strong></span> <span class='ocrx_word' id='word_1_346' title='bbox 627 4237 857 4308; x_wconf 82' lang='lat' dir='ltr'><strong>ignovit,</strong></span> <span class='ocrx_word' id='word_1_347' title='bbox 879 4244 930 4291; x_wconf 90' lang='lat' dir='ltr'><strong>et</strong></span> <span class='ocrx_word' id='word_1_348' title='bbox 959 4246 1106 4294; x_wconf 90' lang='lat' dir='ltr'><strong>recte</strong></span> <span class='ocrx_word' id='word_1_349' title='bbox 1142 4247 1264 4309; x_wconf 92' lang='lat' dir='ltr'><strong>post</strong></span> <span class='ocrx_word' id='word_1_350' title='bbox 1297 4237 1495 4293; x_wconf 89' lang='lat' dir='ltr'><strong>trinam</strong></span> <span class='ocrx_word' id='word_1_351' title='bbox 1545 4239 1631 4295; x_wconf 91' lang='lat' dir='ltr'><strong>sui</strong></span> <span class='ocrx_word' id='word_1_352' title='bbox 1673 4253 1826 4295; x_wconf 89' lang='lat' dir='ltr'><strong>amo-</strong></span> 
     </span>
     <span class='ocr_line' id='line_1_47' title="bbox 247 4327 1828 4401; baseline 0.001 -16"><span class='ocrx_word' id='word_1_353' title='bbox 247 4328 327 4385; x_wconf 87' lang='lat' dir='ltr'><strong>ris</strong></span> <span class='ocrx_word' id='word_1_354' title='bbox 356 4327 761 4386; x_wconf 82' lang='lat' dir='ltr'><strong>consessionem</strong></span> <span class='ocrx_word' id='word_1_355' title='bbox 789 4338 841 4385; x_wconf 83' lang='lat' dir='ltr'><strong>te</strong></span> <span class='ocrx_word' id='word_1_356' title='bbox 863 4328 919 4384; x_wconf 90' lang='lat' dir='ltr'><strong>in</strong></span> <span class='ocrx_word' id='word_1_357' title='bbox 942 4330 1318 4401; x_wconf 87' lang='lat' dir='ltr'><strong>episcopatum</strong></span> <span class='ocrx_word' id='word_1_358' title='bbox 1339 4332 1510 4386; x_wconf 89' lang='lat' dir='ltr'><strong>totius</strong></span> <span class='ocrx_word' id='word_1_359' title='bbox 1529 4331 1679 4387; x_wconf 87' lang='lat' dir='ltr'><strong>orbis</strong></span> <span class='ocrx_word' id='word_1_360' title='bbox 1704 4345 1828 4401; x_wconf 86' lang='lat' dir='ltr'><strong>pro-</strong></span> 
     </span>
    </p>
   </div>
   <div class='ocr_carea' id='block_1_9' title="bbox 1941 458 3523 1266">
    <p class='ocr_par' dir='ltr' id='par_1_11' title="bbox 1941 458 3523 1266">
     <span class='ocr_line' id='line_1_48' title="bbox 1947 458 3519 533; baseline 0.001 -20"><span class='ocrx_word' id='word_1_361' title='bbox 1947 458 2243 514; x_wconf 87' lang='lat' dir='ltr'><strong>trahimus.</strong></span> <span class='ocrx_word' id='word_1_362' title='bbox 2276 458 2587 531; x_wconf 81' lang='lat' dir='ltr'><strong>Ignorantia</strong></span> <span class='ocrx_word' id='word_1_363' title='bbox 2625 475 2756 516; x_wconf 82' lang='lat' dir='ltr'><strong>vero</strong></span> <span class='ocrx_word' id='word_1_364' title='bbox 2785 461 3008 528; x_wconf 90' lang='lat' dir='ltr'><strong>dicitur,</strong></span> <span class='ocrx_word' id='word_1_365' title='bbox 3050 462 3271 533; x_wconf 85' lang='lat' dir='ltr'><strong>quando</strong></span> <span class='ocrx_word' id='word_1_366' title='bbox 3313 462 3519 516; x_wconf 85' lang='lat' dir='ltr'><strong>malum</strong></span> 
     </span>
     <span class='ocr_line' id='line_1_49' title="bbox 1946 550 3522 624; baseline 0.003 -20"><span class='ocrx_word' id='word_1_367' title='bbox 1946 550 2223 606; x_wconf 86' lang='lat' dir='ltr'><strong>nescimus</strong></span> <span class='ocrx_word' id='word_1_368' title='bbox 2243 565 2385 617; x_wconf 84' lang='lat' dir='ltr'><strong>esse,</strong></span> <span class='ocrx_word' id='word_1_369' title='bbox 2409 553 2556 622; x_wconf 90' lang='lat' dir='ltr'><strong>quod</strong></span> <span class='ocrx_word' id='word_1_370' title='bbox 2596 551 2852 618; x_wconf 79' lang='lat' dir='ltr'><strong>sacimuS,</strong></span> <span class='ocrx_word' id='word_1_371' title='bbox 2885 554 2968 609; x_wconf 87' lang='lat' dir='ltr'><strong>vel</strong></span> <span class='ocrx_word' id='word_1_372' title='bbox 2993 553 3214 624; x_wconf 86' lang='lat' dir='ltr'><strong>quando</strong></span> <span class='ocrx_word' id='word_1_373' title='bbox 3237 564 3522 624; x_wconf 87' lang='lat' dir='ltr'><strong>peccatum</strong></span> 
     </span>
     <span class='ocr_line' id='line_1_50' title="bbox 1946 640 3523 714; baseline 0.002 -19"><span class='ocrx_word' id='word_1_374' title='bbox 1946 640 2209 712; x_wconf 86' lang='lat' dir='ltr'><strong>originale</strong></span> <span class='ocrx_word' id='word_1_375' title='bbox 2231 640 2467 698; x_wconf 72' lang='lat' dir='ltr'><strong>infantes</strong></span> <span class='ocrx_word' id='word_1_376' title='bbox 2489 642 2742 698; x_wconf 89' lang='lat' dir='ltr'><strong>nesciunt</strong></span> <span class='ocrx_word' id='word_1_377' title='bbox 2790 659 2912 700; x_wconf 89' lang='lat' dir='ltr'><strong>esse</strong></span> <span class='ocrx_word' id='word_1_378' title='bbox 2940 644 2994 698; x_wconf 89' lang='lat' dir='ltr'><strong>in</strong></span> <span class='ocrx_word' id='word_1_379' title='bbox 3031 659 3092 700; x_wconf 90' lang='lat' dir='ltr'><strong>se</strong></span> <span class='ocrx_word' id='word_1_380' title='bbox 3149 652 3274 698; x_wconf 91' lang='lat' dir='ltr'><strong>ante</strong></span> <span class='ocrx_word' id='word_1_381' title='bbox 3314 643 3523 714; x_wconf 87' lang='lat' dir='ltr'><strong>baptis·</strong></span> 
     </span>
     <span class='ocr_line' id='line_1_51' title="bbox 1944 733 3521 807; baseline 0.001 -18"><span class='ocrx_word' id='word_1_382' title='bbox 1944 750 2118 802; x_wconf 90' lang='lat' dir='ltr'><strong>mum,</strong></span> <span class='ocrx_word' id='word_1_383' title='bbox 2150 734 2231 790; x_wconf 78' lang='lat' dir='ltr'><strong>vel</strong></span> <span class='ocrx_word' id='word_1_384' title='bbox 2266 734 2451 806; x_wconf 89' lang='lat' dir='ltr'><strong>potius</strong></span> <span class='ocrx_word' id='word_1_385' title='bbox 2471 733 2561 789; x_wconf 89' lang='lat' dir='ltr'><strong>illa</strong></span> <span class='ocrx_word' id='word_1_386' title='bbox 2600 734 2692 791; x_wconf 82' lang='lat' dir='ltr'><strong>liic</strong></span> <span class='ocrx_word' id='word_1_387' title='bbox 2729 735 3052 807; x_wconf 82' lang='lat' dir='ltr'><strong>intelligitur</strong></span> <span class='ocrx_word' id='word_1_388' title='bbox 3076 734 3405 806; x_wconf 85' lang='lat' dir='ltr'><strong>ignorantia,</strong></span> <span class='ocrx_word' id='word_1_389' title='bbox 3451 735 3521 790; x_wconf 88' lang='lat' dir='ltr'><strong>de</strong></span> 
     </span>
     <span class='ocr_line' id='line_1_52' title="bbox 1944 825 3518 898; baseline -0.001 -16"><span class='ocrx_word' id='word_1_390' title='bbox 1944 841 2052 897; x_wconf 89' lang='lat' dir='ltr'><strong>qua</strong></span> <span class='ocrx_word' id='word_1_391' title='bbox 2075 825 2369 898; x_wconf 85' lang='lat' dir='ltr'><strong>Apostolus</strong></span> <span class='ocrx_word' id='word_1_392' title='bbox 2398 827 2532 883; x_wconf 89' lang='lat' dir='ltr'><strong>dicit</strong></span> <span class='ocrx_word' id='word_1_393' title='bbox 2562 845 2576 883; x_wconf 89' lang='lat'>:</span> <span class='ocrx_word' id='word_1_394' title='bbox 2614 847 2633 879; x_wconf 87' lang='lat'>‹</span> <span class='ocrx_word' id='word_1_395' title='bbox 2673 826 2828 894; x_wconf 90' lang='lat' dir='ltr'><strong>Quod</strong></span> <span class='ocrx_word' id='word_1_396' title='bbox 2858 827 3004 883; x_wconf 89' lang='lat' dir='ltr'><strong>enim</strong></span> <span class='ocrx_word' id='word_1_397' title='bbox 3038 842 3254 898; x_wconf 89' lang='lat' dir='ltr'><strong>operor,</strong></span> <span class='ocrx_word' id='word_1_398' title='bbox 3294 842 3403 882; x_wconf 92' lang='lat' dir='ltr'><strong>non</strong></span> <span class='ocrx_word' id='word_1_399' title='bbox 3433 825 3518 881; x_wconf 90' lang='lat' dir='ltr'><strong>in-</strong></span> 
     </span>
     <span class='ocr_line' id='line_1_53' title="bbox 1944 917 3518 991; baseline 0 -16"><span class='ocrx_word' id='word_1_400' title='bbox 1944 917 2129 987; x_wconf 80' lang='lat' dir='ltr'><strong>telligo</strong></span> <span class='ocrx_word' id='word_1_401' title='bbox 2151 917 2326 991; x_wconf 86' lang='lat' dir='ltr'><strong>(Rom.</strong></span> <span class='ocrx_word' id='word_1_402' title='bbox 2352 935 2451 987; x_wconf 79' lang='lat' dir='ltr'><strong>vn,</strong></span> <span class='ocrx_word' id='word_1_403' title='bbox 2489 918 2598 989; x_wconf 76' lang='lat'><strong>15),</strong></span> <span class='ocrx_word' id='word_1_404' title='bbox 2634 939 2652 970; x_wconf 72' lang='grc' dir='ltr'><strong>ι</strong></span> <span class='ocrx_word' id='word_1_405' title='bbox 2684 919 2737 975; x_wconf 91' lang='lat' dir='ltr'><strong>id</strong></span> <span class='ocrx_word' id='word_1_406' title='bbox 2768 928 2853 975; x_wconf 91' lang='lat' dir='ltr'><strong>est</strong></span> <span class='ocrx_word' id='word_1_407' title='bbox 2881 934 2988 974; x_wconf 92' lang='lat' dir='ltr'><strong>non</strong></span> <span class='ocrx_word' id='word_1_408' title='bbox 3021 919 3282 990; x_wconf 88' lang='lat' dir='ltr'><strong>approbo.</strong></span> <span class='ocrx_word' id='word_1_409' title='bbox 3317 917 3518 975; x_wconf 79' lang='lat' dir='ltr'><strong>Multas</strong></span> 
     </span>
     <span class='ocr_line' id='line_1_54' title="bbox 1941 1010 3520 1083; baseline 0.001 -17"><span class='ocrx_word' id='word_1_410' title='bbox 1941 1010 2081 1067; x_wconf 87' lang='lat' dir='ltr'><strong>tales</strong></span> <span class='ocrx_word' id='word_1_411' title='bbox 2111 1011 2449 1082; x_wconf 79' lang='lat' dir='ltr'><strong>ignorantias</strong></span> <span class='ocrx_word' id='word_1_412' title='bbox 2477 1011 2735 1082; x_wconf 89' lang='lat' dir='ltr'><strong>patimur,</strong></span> <span class='ocrx_word' id='word_1_413' title='bbox 2765 1012 2984 1083; x_wconf 86' lang='lat' dir='ltr'><strong>quando</strong></span> <span class='ocrx_word' id='word_1_414' title='bbox 3029 1011 3086 1067; x_wconf 89' lang='lat' dir='ltr'><strong>in</strong></span> <span class='ocrx_word' id='word_1_415' title='bbox 3144 1011 3376 1080; x_wconf 89' lang='lat' dir='ltr'><strong>edendo,</strong></span> <span class='ocrx_word' id='word_1_416' title='bbox 3431 1010 3520 1068; x_wconf 90' lang='lat' dir='ltr'><strong>bi-</strong></span> 
     </span>
     <span class='ocr_line' id='line_1_55' title="bbox 1942 1100 3512 1175; baseline 0 -18"><span class='ocrx_word' id='word_1_417' title='bbox 1942 1101 2141 1170; x_wconf 89' lang='lat' dir='ltr'><strong>bendo,</strong></span> <span class='ocrx_word' id='word_1_418' title='bbox 2172 1102 2464 1174; x_wconf 87' lang='lat' dir='ltr'><strong>loquendo,</strong></span> <span class='ocrx_word' id='word_1_419' title='bbox 2490 1102 2810 1158; x_wconf 87' lang='lat' dir='ltr'><strong>dormiendo</strong></span> <span class='ocrx_word' id='word_1_420' title='bbox 2833 1111 3025 1175; x_wconf 82' lang='lat' dir='ltr'><strong>contra</strong></span> <span class='ocrx_word' id='word_1_421' title='bbox 3056 1103 3401 1169; x_wconf 87' lang='lat' dir='ltr'><strong>intentionis,</strong></span> <span class='ocrx_word' id='word_1_422' title='bbox 3425 1100 3512 1157; x_wconf 79' lang='lat' dir='ltr'><strong>vel</strong></span> 
     </span>
     <span class='ocr_line' id='line_1_56' title="bbox 1943 1194 3512 1266; baseline 0.001 -17"><span class='ocrx_word' id='word_1_423' title='bbox 1943 1194 2356 1265; x_wconf 86' lang='lat' dir='ltr'><strong>approbationis</strong></span> <span class='ocrx_word' id='word_1_424' title='bbox 2382 1197 2722 1266; x_wconf 85' lang='lat' dir='ltr'><strong>propositum</strong></span> <span class='ocrx_word' id='word_1_425' title='bbox 2761 1194 3104 1265; x_wconf 88' lang='lat' dir='ltr'><strong>prolabimur</strong></span> <span class='ocrx_word' id='word_1_426' title='bbox 3138 1195 3193 1249; x_wconf 90' lang='lat' dir='ltr'><strong>in</strong></span> <span class='ocrx_word' id='word_1_427' title='bbox 3224 1209 3512 1250; x_wconf 81' lang='lat' dir='ltr'><strong>excessum</strong></span> 
     </span>
    </p>
   </div>
   <div class='ocr_carea' id='block_1_10' title="bbox 1941 1285 3614 1344">
    <p class='ocr_par' dir='ltr' id='par_1_12' title="bbox 1941 1285 3614 1344">
     <span class='ocr_line' id='line_1_57' title="bbox 1941 1285 3614 1344; baseline 0.001 -2"><span class='ocrx_word' id='word_1_428' title='bbox 1941 1301 2051 1342; x_wconf 91' lang='lat' dir='ltr'><strong>non</strong></span> <span class='ocrx_word' id='word_1_429' title='bbox 2076 1288 2308 1343; x_wconf 88' lang='lat' dir='ltr'><strong>tenendo</strong></span> <span class='ocrx_word' id='word_1_430' title='bbox 2337 1296 2511 1343; x_wconf 88' lang='lat' dir='ltr'><strong>metas</strong></span> <span class='ocrx_word' id='word_1_431' title='bbox 2569 1287 2748 1344; x_wconf 89' lang='lat' dir='ltr'><strong>licitas</strong></span> <span class='ocrx_word' id='word_1_432' title='bbox 2799 1287 2855 1343; x_wconf 92' lang='lat' dir='ltr'><strong>in</strong></span> <span class='ocrx_word' id='word_1_433' title='bbox 2912 1287 3077 1343; x_wconf 90' lang='lat' dir='ltr'><strong>rebus</strong></span> <span class='ocrx_word' id='word_1_434' title='bbox 3114 1287 3297 1344; x_wconf 91' lang='lat' dir='ltr'><strong>licitis.</strong></span> <span class='ocrx_word' id='word_1_435' title='bbox 3351 1285 3513 1343; x_wconf 89' lang='lat' dir='ltr'><strong>Tales</strong></span> <span class='ocrx_word' id='word_1_436' title='bbox 3604 1321 3614 1331; x_wconf 35' lang='grc' dir='ltr'>κ</span> 
     </span>
    </p>
   </div>
   <div class='ocr_carea' id='block_1_11' title="bbox 1925 1377 3513 4390">
    <p class='ocr_par' dir='ltr' id='par_1_13' title="bbox 1925 1377 3513 4390">
     <span class='ocr_line' id='line_1_58' title="bbox 1940 1377 3512 1452; baseline -0.001 -18"><span class='ocrx_word' id='word_1_437' title='bbox 1940 1378 2298 1452; x_wconf 81' lang='lat' dir='ltr'><strong>ignorantias,</strong></span> <span class='ocrx_word' id='word_1_438' title='bbox 2328 1377 2374 1434; x_wconf 87' lang='grc' dir='ltr'>Ο</span> <span class='ocrx_word' id='word_1_439' title='bbox 2403 1378 2573 1436; x_wconf 85' lang='lat' dir='ltr'><strong>Deus!</strong></span> <span class='ocrx_word' id='word_1_440' title='bbox 2627 1395 2696 1435; x_wconf 90' lang='lat' dir='ltr'><strong>ne</strong></span> <span class='ocrx_word' id='word_1_441' title='bbox 2732 1379 3047 1435; x_wconf 89' lang='lat' dir='ltr'><strong>memineris</strong></span> <span class='ocrx_word' id='word_1_442' title='bbox 3073 1397 3087 1433; x_wconf 74' lang='grc' dir='ltr'><strong><em>ε</em></strong></span> <span class='ocrx_word' id='word_1_443' title='bbox 3115 1378 3375 1449; x_wconf 90' lang='lat' dir='ltr'><strong>quoniam</strong></span> <span class='ocrx_word' id='word_1_444' title='bbox 3414 1398 3432 1431; x_wconf 74' lang='lat' dir='ltr'><strong>c</strong></span> <span class='ocrx_word' id='word_1_445' title='bbox 3462 1379 3512 1435; x_wconf 85' lang='lat' dir='ltr'><strong>si</strong></span> 
     </span>
     <span class='ocr_line' id='line_1_59' title="bbox 1939 1468 3512 1542; baseline -0.001 -17"><span class='ocrx_word' id='word_1_446' title='bbox 1939 1469 2252 1542; x_wconf 84' lang='lat' dir='ltr'><strong>iniquitates</strong></span> <span class='ocrx_word' id='word_1_447' title='bbox 2287 1490 2306 1523; x_wconf 75' lang='grc' dir='ltr'><strong><em>ι</em></strong></span> <span class='ocrx_word' id='word_1_448' title='bbox 2343 1469 2478 1526; x_wconf 91' lang='lat' dir='ltr'><strong>tales</strong></span> <span class='ocrx_word' id='word_1_449' title='bbox 2512 1490 2531 1522; x_wconf 88' lang='lat'>‹</span> <span class='ocrx_word' id='word_1_450' title='bbox 2562 1470 2960 1534; x_wconf 78' lang='lat' dir='ltr'><strong>observaveris,</strong></span> <span class='ocrx_word' id='word_1_451' title='bbox 2989 1468 3240 1536; x_wconf 89' lang='lat' dir='ltr'><strong>Domine,</strong></span> <span class='ocrx_word' id='word_1_452' title='bbox 3267 1468 3391 1540; x_wconf 91' lang='lat' dir='ltr'><strong>quis</strong></span> <span class='ocrx_word' id='word_1_453' title='bbox 3415 1485 3512 1525; x_wconf 89' lang='lat' dir='ltr'><strong>su-</strong></span> 
     </span>
     <span class='ocr_line' id='line_1_60' title="bbox 1938 1560 3513 1641; baseline -0.001 -23"><span class='ocrx_word' id='word_1_454' title='bbox 1938 1562 2204 1641; x_wconf 77' lang='lat' dir='ltr'><strong>stinebit?</strong></span> <span class='ocrx_word' id='word_1_455' title='bbox 2232 1582 2250 1613; x_wconf 73' lang='grc' dir='ltr'><strong>ι</strong></span> <span class='ocrx_word' id='word_1_456' title='bbox 2285 1561 2458 1635; x_wconf 68' lang='lat' dir='ltr'><strong>(Paul.</strong></span> <span class='ocrx_word' id='word_1_457' title='bbox 2483 1576 2670 1630; x_wconf 76' lang='lat' dir='ltr'><strong>cxxix,</strong></span> <span class='ocrx_word' id='word_1_458' title='bbox 2695 1562 2774 1633; x_wconf 76' lang='lat'><strong>5.)</strong></span> <span class='ocrx_word' id='word_1_459' title='bbox 2816 1560 3145 1617; x_wconf 90' lang='lat' dir='ltr'><strong>Delictorum</strong></span> <span class='ocrx_word' id='word_1_460' title='bbox 3182 1560 3402 1631; x_wconf 91' lang='lat' dir='ltr'><strong>quidem</strong></span> <span class='ocrx_word' id='word_1_461' title='bbox 3456 1570 3513 1616; x_wconf 90' lang='lat' dir='ltr'><strong>et</strong></span> 
     </span>
     <span class='ocr_line' id='line_1_61' title="bbox 1939 1650 3511 1727; baseline -0.002 -18"><span class='ocrx_word' id='word_1_462' title='bbox 1939 1654 2370 1727; x_wconf 82' lang='lat' dir='ltr'><strong>ignorantiarum</strong></span> <span class='ocrx_word' id='word_1_463' title='bbox 2403 1669 2649 1711; x_wconf 88' lang='lat' dir='ltr'><strong>mearum</strong></span> <span class='ocrx_word' id='word_1_464' title='bbox 2682 1669 2752 1709; x_wconf 90' lang='lat' dir='ltr'><strong>ne</strong></span> <span class='ocrx_word' id='word_1_465' title='bbox 2780 1652 3118 1718; x_wconf 88' lang='lat' dir='ltr'><strong>memineris,</strong></span> <span class='ocrx_word' id='word_1_466' title='bbox 3146 1650 3397 1717; x_wconf 88' lang='lat' dir='ltr'><strong>Domine,</strong></span> <span class='ocrx_word' id='word_1_467' title='bbox 3423 1665 3511 1706; x_wconf 89' lang='lat' dir='ltr'><strong>se-</strong></span> 
     </span>
     <span class='ocr_line' id='line_1_62' title="bbox 1936 1742 3509 1815; baseline -0.005 -12"><span class='ocrx_word' id='word_1_468' title='bbox 1936 1746 2174 1803; x_wconf 84' lang='lat' dir='ltr'><strong>cundum</strong></span> <span class='ocrx_word' id='word_1_469' title='bbox 2225 1747 2360 1803; x_wconf 90' lang='lat' dir='ltr'><strong>iram</strong></span> <span class='ocrx_word' id='word_1_470' title='bbox 2409 1755 2583 1815; x_wconf 87' lang='lat' dir='ltr'><strong>tuam,</strong></span> <span class='ocrx_word' id='word_1_471' title='bbox 2627 1744 2724 1802; x_wconf 91' lang='lat' dir='ltr'><strong>sed</strong></span> <span class='ocrx_word' id='word_1_472' title='bbox 2769 1744 3054 1801; x_wconf 80' lang='lat' dir='ltr'><strong>secundum</strong></span> <span class='ocrx_word' id='word_1_473' title='bbox 3091 1742 3509 1797; x_wconf 80' lang='lat' dir='ltr'><strong>misericordiam</strong></span> 
     </span>
     <span class='ocr_line' id='line_1_63' title="bbox 1936 1831 3509 1906; baseline -0.002 -15"><span class='ocrx_word' id='word_1_474' title='bbox 1936 1847 2083 1893; x_wconf 82' lang='lat' dir='ltr'><strong>tuam</strong></span> <span class='ocrx_word' id='word_1_475' title='bbox 2107 1847 2361 1893; x_wconf 80' lang='lat' dir='ltr'><strong>memento</strong></span> <span class='ocrx_word' id='word_1_476' title='bbox 2382 1839 2507 1904; x_wconf 80' lang='lat' dir='ltr'><strong>mei,</strong></span> <span class='ocrx_word' id='word_1_477' title='bbox 2533 1845 2596 1893; x_wconf 93' lang='lat' dir='ltr'><strong>ut</strong></span> <span class='ocrx_word' id='word_1_478' title='bbox 2626 1836 2778 1892; x_wconf 89' lang='lat' dir='ltr'><strong>dicas</strong></span> <span class='ocrx_word' id='word_1_479' title='bbox 2805 1835 2961 1903; x_wconf 90' lang='lat' dir='ltr'><strong>mihi,</strong></span> <span class='ocrx_word' id='word_1_480' title='bbox 2999 1835 3145 1906; x_wconf 88' lang='lat' dir='ltr'><strong>quod</strong></span> <span class='ocrx_word' id='word_1_481' title='bbox 3177 1833 3363 1890; x_wconf 86' lang='lat' dir='ltr'><strong>dixisti</strong></span> <span class='ocrx_word' id='word_1_482' title='bbox 3403 1831 3509 1888; x_wconf 87' lang='lat' dir='ltr'><strong>Pe-</strong></span> 
     </span>
     <span class='ocr_line' id='line_1_64' title="bbox 1933 1925 3511 2002; baseline -0.005 -15"><span class='ocrx_word' id='word_1_483' title='bbox 1933 1940 2018 1987; x_wconf 89' lang='lat' dir='ltr'><strong>tro</strong></span> <span class='ocrx_word' id='word_1_484' title='bbox 2051 1949 2064 1986; x_wconf 88' lang='lat'>:</span> <span class='ocrx_word' id='word_1_485' title='bbox 2109 1949 2128 1984; x_wconf 81' lang='lat' dir='ltr'><strong>t</strong></span> <span class='ocrx_word' id='word_1_486' title='bbox 2162 1929 2245 1985; x_wconf 88' lang='lat' dir='ltr'><strong>Tu</strong></span> <span class='ocrx_word' id='word_1_487' title='bbox 2270 1946 2357 1986; x_wconf 89' lang='lat' dir='ltr'><strong>me</strong></span> <span class='ocrx_word' id='word_1_488' title='bbox 2386 1945 2636 2002; x_wconf 88' lang='lat' dir='ltr'><strong>sequere.</strong></span> <span class='ocrx_word' id='word_1_489' title='bbox 2662 1928 2871 1996; x_wconf 69' lang='lat' dir='ltr'><strong>micas,</strong></span> <span class='ocrx_word' id='word_1_490' title='bbox 2898 1937 2955 1984; x_wconf 91' lang='lat' dir='ltr'><strong>et</strong></span> <span class='ocrx_word' id='word_1_491' title='bbox 2979 1927 3209 1983; x_wconf 88' lang='lat' dir='ltr'><strong>dicendo</strong></span> <span class='ocrx_word' id='word_1_492' title='bbox 3235 1925 3425 1992; x_wconf 78' lang='lat' dir='ltr'><strong>facias,</strong></span> <span class='ocrx_word' id='word_1_493' title='bbox 3449 1934 3511 1979; x_wconf 91' lang='lat' dir='ltr'><strong>ut</strong></span> 
     </span>
     <span class='ocr_line' id='line_1_65' title="bbox 1932 2016 3509 2092; baseline -0.004 -15"><span class='ocrx_word' id='word_1_494' title='bbox 1932 2036 2133 2092; x_wconf 87' lang='lat' dir='ltr'><strong>sequar</strong></span> <span class='ocrx_word' id='word_1_495' title='bbox 2160 2030 2234 2077; x_wconf 92' lang='lat' dir='ltr'><strong>te.</strong></span> <span class='ocrx_word' id='word_1_496' title='bbox 2265 2021 2459 2078; x_wconf 86' lang='lat' dir='ltr'><strong>Facias</strong></span> <span class='ocrx_word' id='word_1_497' title='bbox 2487 2035 2729 2092; x_wconf 86' lang='lat' dir='ltr'><strong>quoque,</strong></span> <span class='ocrx_word' id='word_1_498' title='bbox 2755 2028 2818 2075; x_wconf 91' lang='lat' dir='ltr'><strong>ut</strong></span> <span class='ocrx_word' id='word_1_499' title='bbox 2855 2020 3000 2075; x_wconf 88' lang='lat' dir='ltr'><strong>sicut</strong></span> <span class='ocrx_word' id='word_1_500' title='bbox 3049 2018 3141 2073; x_wconf 89' lang='lat' dir='ltr'><strong>ille</strong></span> <span class='ocrx_word' id='word_1_501' title='bbox 3180 2016 3509 2072; x_wconf 68' lang='lat' dir='ltr'><strong>sufficienter</strong></span> 
     </span>
     <span class='ocr_line' id='line_1_66' title="bbox 1932 2109 3511 2186; baseline -0.004 -16"><span class='ocrx_word' id='word_1_502' title='bbox 1932 2123 1986 2170; x_wconf 88' lang='lat' dir='ltr'><strong>te</strong></span> <span class='ocrx_word' id='word_1_503' title='bbox 2010 2115 2229 2182; x_wconf 78' lang='lat' dir='ltr'><strong>amavit,</strong></span> <span class='ocrx_word' id='word_1_504' title='bbox 2255 2124 2421 2186; x_wconf 80' lang='lat' dir='ltr'><strong>atque</strong></span> <span class='ocrx_word' id='word_1_505' title='bbox 2447 2129 2692 2170; x_wconf 88' lang='lat' dir='ltr'><strong>amorem</strong></span> <span class='ocrx_word' id='word_1_506' title='bbox 2716 2128 2879 2170; x_wconf 92' lang='lat' dir='ltr'><strong>suum</strong></span> <span class='ocrx_word' id='word_1_507' title='bbox 2903 2111 3067 2168; x_wconf 89' lang='lat' dir='ltr'><strong>tertio</strong></span> <span class='ocrx_word' id='word_1_508' title='bbox 3090 2109 3380 2168; x_wconf 80' lang='lat' dir='ltr'><strong>consessus</strong></span> <span class='ocrx_word' id='word_1_509' title='bbox 3423 2118 3511 2164; x_wconf 90' lang='lat' dir='ltr'><strong>est</strong></span> 
     </span>
     <span class='ocr_line' id='line_1_67' title="bbox 1932 2203 3511 2278; baseline -0.002 -15"><span class='ocrx_word' id='word_1_510' title='bbox 1932 2208 1998 2263; x_wconf 89' lang='lat' dir='ltr'><strong>ad</strong></span> <span class='ocrx_word' id='word_1_511' title='bbox 2034 2207 2356 2264; x_wconf 80' lang='lat' dir='ltr'><strong>abolendam</strong></span> <span class='ocrx_word' id='word_1_512' title='bbox 2388 2207 2591 2263; x_wconf 86' lang='lat' dir='ltr'><strong>trinam</strong></span> <span class='ocrx_word' id='word_1_513' title='bbox 2628 2206 3000 2278; x_wconf 87' lang='lat' dir='ltr'><strong>negationem,</strong></span> <span class='ocrx_word' id='word_1_514' title='bbox 3031 2206 3112 2262; x_wconf 92' lang='lat' dir='ltr'><strong>sic</strong></span> <span class='ocrx_word' id='word_1_515' title='bbox 3130 2220 3235 2276; x_wconf 87' lang='lat' dir='ltr'><strong>ego</strong></span> <span class='ocrx_word' id='word_1_516' title='bbox 3267 2203 3321 2259; x_wconf 91' lang='lat' dir='ltr'><strong>in</strong></span> <span class='ocrx_word' id='word_1_517' title='bbox 3354 2218 3511 2260; x_wconf 89' lang='lat' dir='ltr'><strong>amo-</strong></span> 
     </span>
     <span class='ocr_line' id='line_1_68' title="bbox 1933 2295 3511 2371; baseline -0.001 -17"><span class='ocrx_word' id='word_1_518' title='bbox 1933 2298 2010 2354; x_wconf 83' lang='lat' dir='ltr'><strong>ris</strong></span> <span class='ocrx_word' id='word_1_519' title='bbox 2058 2299 2138 2355; x_wconf 90' lang='lat' dir='ltr'><strong>tui</strong></span> <span class='ocrx_word' id='word_1_520' title='bbox 2186 2299 2418 2356; x_wconf 85' lang='lat' dir='ltr'><strong>ferventi</strong></span> <span class='ocrx_word' id='word_1_521' title='bbox 2448 2301 2666 2366; x_wconf 88' lang='lat' dir='ltr'><strong>ardore,</strong></span> <span class='ocrx_word' id='word_1_522' title='bbox 2698 2308 2862 2371; x_wconf 85' lang='lat' dir='ltr'><strong>atque</strong></span> <span class='ocrx_word' id='word_1_523' title='bbox 2908 2298 3121 2355; x_wconf 90' lang='lat' dir='ltr'><strong>sincera</strong></span> <span class='ocrx_word' id='word_1_524' title='bbox 3163 2295 3511 2352; x_wconf 71' lang='lat' dir='ltr'><strong>confessione</strong></span> 
     </span>
     <span class='ocr_line' id='line_1_69' title="bbox 1930 2389 3510 2463; baseline -0.001 -18"><span class='ocrx_word' id='word_1_525' title='bbox 1930 2399 2194 2461; x_wconf 82' lang='lat' dir='ltr'><strong>purgatus</strong></span> <span class='ocrx_word' id='word_1_526' title='bbox 2223 2391 2293 2446; x_wconf 93' lang='lat' dir='ltr'><strong>ab</strong></span> <span class='ocrx_word' id='word_1_527' title='bbox 2324 2390 2612 2462; x_wconf 88' lang='lat' dir='ltr'><strong>iniquitate</strong></span> <span class='ocrx_word' id='word_1_528' title='bbox 2647 2407 2768 2447; x_wconf 90' lang='lat' dir='ltr'><strong>mea</strong></span> <span class='ocrx_word' id='word_1_529' title='bbox 2793 2390 2994 2463; x_wconf 83' lang='lat' dir='ltr'><strong>dignus</strong></span> <span class='ocrx_word' id='word_1_530' title='bbox 3041 2389 3289 2445; x_wconf 80' lang='lat' dir='ltr'><strong>inveniar</strong></span> <span class='ocrx_word' id='word_1_531' title='bbox 3316 2403 3381 2444; x_wconf 91' lang='lat' dir='ltr'><strong>ea</strong></span> <span class='ocrx_word' id='word_1_532' title='bbox 3411 2403 3510 2459; x_wconf 86' lang='lat' dir='ltr'><strong>pa-</strong></span> 
     </span>
     <span class='ocr_line' id='line_1_70' title="bbox 1930 2479 3510 2555; baseline 0 -18"><span class='ocrx_word' id='word_1_533' title='bbox 1930 2483 2127 2550; x_wconf 79' lang='lat' dir='ltr'><strong>stione,</strong></span> <span class='ocrx_word' id='word_1_534' title='bbox 2149 2483 2216 2540; x_wconf 91' lang='lat' dir='ltr'><strong>de</strong></span> <span class='ocrx_word' id='word_1_535' title='bbox 2263 2499 2371 2555; x_wconf 87' lang='lat' dir='ltr'><strong>qua</strong></span> <span class='ocrx_word' id='word_1_536' title='bbox 2428 2484 2634 2541; x_wconf 90' lang='lat' dir='ltr'><strong>dictum</strong></span> <span class='ocrx_word' id='word_1_537' title='bbox 2691 2494 2776 2540; x_wconf 91' lang='lat' dir='ltr'><strong>est</strong></span> <span class='ocrx_word' id='word_1_538' title='bbox 2837 2484 3014 2551; x_wconf 76' lang='lat' dir='ltr'><strong>eidem</strong></span> <span class='ocrx_word' id='word_1_539' title='bbox 3052 2481 3214 2538; x_wconf 88' lang='lat' dir='ltr'><strong>Petro</strong></span> <span class='ocrx_word' id='word_1_540' title='bbox 3246 2500 3260 2537; x_wconf 74' lang='grc' dir='ltr'>ε</span> <span class='ocrx_word' id='word_1_541' title='bbox 3292 2500 3311 2532; x_wconf 76' lang='lat' dir='ltr'><strong>c</strong></span> <span class='ocrx_word' id='word_1_542' title='bbox 3337 2479 3510 2537; x_wconf 82' lang='lat' dir='ltr'><strong>Pasce</strong></span> 
     </span>
     <span class='ocr_line' id='line_1_71' title="bbox 1931 2573 3508 2646; baseline -0.003 -16"><span class='ocrx_word' id='word_1_543' title='bbox 1931 2590 2122 2646; x_wconf 81' lang='lat' dir='ltr'><strong>agnos,</strong></span> <span class='ocrx_word' id='word_1_544' title='bbox 2163 2595 2182 2627; x_wconf 84' lang='lat'>›</span> <span class='ocrx_word' id='word_1_545' title='bbox 2220 2576 2306 2632; x_wconf 83' lang='lat' dir='ltr'><strong>vel</strong></span> <span class='ocrx_word' id='word_1_546' title='bbox 2340 2596 2357 2627; x_wconf 81' lang='grc' dir='ltr'>ι</span> <span class='ocrx_word' id='word_1_547' title='bbox 2387 2591 2518 2633; x_wconf 77' lang='lat' dir='ltr'><strong>oves</strong></span> <span class='ocrx_word' id='word_1_548' title='bbox 2568 2592 2738 2631; x_wconf 89' lang='lat' dir='ltr'><strong>meas.</strong></span> <span class='ocrx_word' id='word_1_549' title='bbox 2773 2595 2792 2628; x_wconf 75' lang='grc' dir='ltr'><strong><em>ι</em></strong></span> <span class='ocrx_word' id='word_1_550' title='bbox 2823 2573 2941 2631; x_wconf 87' lang='lat' dir='ltr'><strong>Non</strong></span> <span class='ocrx_word' id='word_1_551' title='bbox 2986 2583 3111 2645; x_wconf 88' lang='lat' dir='ltr'><strong>peto</strong></span> <span class='ocrx_word' id='word_1_552' title='bbox 3144 2573 3280 2629; x_wconf 88' lang='lat' dir='ltr'><strong>mibi</strong></span> <span class='ocrx_word' id='word_1_553' title='bbox 3316 2588 3508 2628; x_wconf 88' lang='lat' dir='ltr'><strong>curam</strong></span> 
     </span>
     <span class='ocr_line' id='line_1_72' title="bbox 1929 2666 3507 2740; baseline -0.001 -17"><span class='ocrx_word' id='word_1_554' title='bbox 1929 2669 2256 2740; x_wconf 88' lang='lat' dir='ltr'><strong>pastoralem</strong></span> <span class='ocrx_word' id='word_1_555' title='bbox 2302 2669 2592 2737; x_wconf 88' lang='lat' dir='ltr'><strong>committi,</strong></span> <span class='ocrx_word' id='word_1_556' title='bbox 2625 2671 2768 2725; x_wconf 90' lang='lat' dir='ltr'><strong>sicut</strong></span> <span class='ocrx_word' id='word_1_557' title='bbox 2809 2668 3102 2725; x_wconf 87' lang='lat' dir='ltr'><strong>commissa</strong></span> <span class='ocrx_word' id='word_1_558' title='bbox 3151 2677 3235 2725; x_wconf 89' lang='lat' dir='ltr'><strong>est</strong></span> <span class='ocrx_word' id='word_1_559' title='bbox 3282 2667 3380 2733; x_wconf 82' lang='lat' dir='ltr'><strong>illi,</strong></span> <span class='ocrx_word' id='word_1_560' title='bbox 3411 2666 3507 2722; x_wconf 87' lang='lat' dir='ltr'><strong>sed</strong></span> 
     </span>
     <span class='ocr_line' id='line_1_73' title="bbox 1931 2757 3507 2830; baseline -0.001 -17"><span class='ocrx_word' id='word_1_561' title='bbox 1931 2758 2037 2814; x_wconf 84' lang='lat' dir='ltr'><strong>hoc</strong></span> <span class='ocrx_word' id='word_1_562' title='bbox 2070 2767 2194 2830; x_wconf 90' lang='lat' dir='ltr'><strong>peto</strong></span> <span class='ocrx_word' id='word_1_563' title='bbox 2235 2767 2297 2815; x_wconf 93' lang='lat' dir='ltr'><strong>ut</strong></span> <span class='ocrx_word' id='word_1_564' title='bbox 2351 2759 2552 2830; x_wconf 87' lang='lat' dir='ltr'><strong>quibus</strong></span> <span class='ocrx_word' id='word_1_565' title='bbox 2599 2759 2905 2829; x_wconf 85' lang='lat' dir='ltr'><strong>pastionem</strong></span> <span class='ocrx_word' id='word_1_566' title='bbox 2935 2757 3108 2813; x_wconf 90' lang='lat' dir='ltr'><strong>debeo</strong></span> <span class='ocrx_word' id='word_1_567' title='bbox 3163 2757 3250 2813; x_wconf 79' lang='lat' dir='ltr'><strong>vel</strong></span> <span class='ocrx_word' id='word_1_568' title='bbox 3301 2757 3507 2828; x_wconf 83' lang='lat' dir='ltr'><strong>quibus</strong></span> 
     </span>
     <span class='ocr_line' id='line_1_74' title="bbox 1931 2849 3509 2923; baseline -0.001 -17"><span class='ocrx_word' id='word_1_569' title='bbox 1931 2866 2173 2923; x_wconf 87' lang='lat' dir='ltr'><strong>unquam</strong></span> <span class='ocrx_word' id='word_1_570' title='bbox 2213 2867 2334 2907; x_wconf 92' lang='lat' dir='ltr'><strong>sum</strong></span> <span class='ocrx_word' id='word_1_571' title='bbox 2363 2851 2668 2919; x_wconf 78' lang='lat' dir='ltr'><strong>debituruS,</strong></span> <span class='ocrx_word' id='word_1_572' title='bbox 2698 2851 2774 2907; x_wconf 86' lang='lat' dir='ltr'><strong>ita</strong></span> <span class='ocrx_word' id='word_1_573' title='bbox 2818 2850 2900 2907; x_wconf 90' lang='lat' dir='ltr'><strong>eis</strong></span> <span class='ocrx_word' id='word_1_574' title='bbox 2949 2850 3262 2923; x_wconf 88' lang='lat' dir='ltr'><strong>impendam</strong></span> <span class='ocrx_word' id='word_1_575' title='bbox 3292 2849 3509 2921; x_wconf 89' lang='lat' dir='ltr'><strong>passio-</strong></span> 
     </span>
     <span class='ocr_line' id='line_1_75' title="bbox 1930 2942 3505 3016; baseline -0.004 -14"><span class='ocrx_word' id='word_1_576' title='bbox 1930 2960 2058 3002; x_wconf 91' lang='lat' dir='ltr'><strong>nem</strong></span> <span class='ocrx_word' id='word_1_577' title='bbox 2079 2943 2435 3002; x_wconf 84' lang='lat' dir='ltr'><strong>sufficientem</strong></span> <span class='ocrx_word' id='word_1_578' title='bbox 2462 2953 2516 3002; x_wconf 86' lang='lat' dir='ltr'><strong>et</strong></span> <span class='ocrx_word' id='word_1_579' title='bbox 2537 2942 2929 3011; x_wconf 88' lang='lat' dir='ltr'><strong>necessariam,</strong></span> <span class='ocrx_word' id='word_1_580' title='bbox 2972 2957 3041 3000; x_wconf 86' lang='lat' dir='ltr'><strong>ne</strong></span> <span class='ocrx_word' id='word_1_581' title='bbox 3094 2943 3294 3016; x_wconf 88' lang='lat' dir='ltr'><strong>aliquis</strong></span> <span class='ocrx_word' id='word_1_582' title='bbox 3337 2957 3505 3015; x_wconf 84' lang='lat' dir='ltr'><strong>agno-</strong></span> 
     </span>
     <span class='ocr_line' id='line_1_76' title="bbox 1931 3036 3509 3108; baseline -0.003 -15"><span class='ocrx_word' id='word_1_583' title='bbox 1931 3052 2057 3093; x_wconf 87' lang='lat' dir='ltr'><strong>rum</strong></span> <span class='ocrx_word' id='word_1_584' title='bbox 2088 3046 2330 3104; x_wconf 89' lang='lat' dir='ltr'><strong>tuorum,</strong></span> <span class='ocrx_word' id='word_1_585' title='bbox 2357 3036 2444 3092; x_wconf 79' lang='lat' dir='ltr'><strong>vel</strong></span> <span class='ocrx_word' id='word_1_586' title='bbox 2490 3036 2674 3108; x_wconf 87' lang='lat' dir='ltr'><strong>aliqua</strong></span> <span class='ocrx_word' id='word_1_587' title='bbox 2724 3036 2910 3093; x_wconf 88' lang='lat' dir='ltr'><strong>ovium</strong></span> <span class='ocrx_word' id='word_1_588' title='bbox 2942 3044 3162 3092; x_wconf 88' lang='lat' dir='ltr'><strong>tuarum</strong></span> <span class='ocrx_word' id='word_1_589' title='bbox 3188 3042 3378 3092; x_wconf 86' lang='lat' dir='ltr'><strong>eontra</strong></span> <span class='ocrx_word' id='word_1_590' title='bbox 3418 3049 3509 3090; x_wconf 89' lang='lat' dir='ltr'><strong>me</strong></span> 
     </span>
     <span class='ocr_line' id='line_1_77' title="bbox 1927 3128 3508 3203; baseline -0.002 -18"><span class='ocrx_word' id='word_1_591' title='bbox 1927 3129 2095 3202; x_wconf 76' lang='lat' dir='ltr'><strong>jttslae</strong></span> <span class='ocrx_word' id='word_1_592' title='bbox 2113 3131 2351 3203; x_wconf 82' lang='lat' dir='ltr'><strong>querelae</strong></span> <span class='ocrx_word' id='word_1_593' title='bbox 2377 3130 2554 3201; x_wconf 72' lang='lat' dir='ltr'><strong>possit</strong></span> <span class='ocrx_word' id='word_1_594' title='bbox 2587 3128 2673 3185; x_wconf 84' lang='lat' dir='ltr'><strong>vel</strong></span> <span class='ocrx_word' id='word_1_595' title='bbox 2721 3130 2911 3187; x_wconf 57' lang='lat' dir='ltr'><strong>dein-nt</strong></span> <span class='ocrx_word' id='word_1_596' title='bbox 2939 3130 3135 3182; x_wconf 63' lang='lat' dir='ltr'><strong>hahere</strong></span> <span class='ocrx_word' id='word_1_597' title='bbox 3164 3130 3428 3190; x_wconf 65' lang='lat' dir='ltr'><strong>balatum,</strong></span> <span class='ocrx_word' id='word_1_598' title='bbox 3456 3138 3508 3182; x_wconf 64' lang='lat'><strong>[⁸1</strong></span> 
     </span>
     <span class='ocr_line' id='line_1_78' title="bbox 1931 3221 3504 3295; baseline -0.003 -16"><span class='ocrx_word' id='word_1_599' title='bbox 1931 3232 2176 3295; x_wconf 87' lang='lat' dir='ltr'><strong>pastores</strong></span> <span class='ocrx_word' id='word_1_600' title='bbox 2229 3224 2365 3278; x_wconf 90' lang='lat' dir='ltr'><strong>mibi</strong></span> <span class='ocrx_word' id='word_1_601' title='bbox 2417 3221 2747 3295; x_wconf 87' lang='lat' dir='ltr'><strong>superpositi</strong></span> <span class='ocrx_word' id='word_1_602' title='bbox 2811 3226 2891 3274; x_wconf 66' lang='lat' dir='ltr'><strong>wi</strong></span> <span class='ocrx_word' id='word_1_603' title='bbox 2951 3222 3376 3290; x_wconf 50' lang='lat' dir='ltr'><strong>‹aliperpnnemlh</strong></span> <span class='ocrx_word' id='word_1_604' title='bbox 3408 3238 3504 3274; x_wconf 65' lang='lat' dir='ltr'><strong>suu</strong></span> 
     </span>
     <span class='ocr_line' id='line_1_79' title="bbox 1932 3314 3508 3388; baseline -0.003 -18"><span class='ocrx_word' id='word_1_605' title='bbox 1932 3315 2054 3371; x_wconf 84' lang='lat' dir='ltr'><strong>aliis</strong></span> <span class='ocrx_word' id='word_1_606' title='bbox 2079 3315 2189 3371; x_wconf 82' lang='lat' dir='ltr'><strong>tuis</strong></span> <span class='ocrx_word' id='word_1_607' title='bbox 2213 3315 2370 3388; x_wconf 78' lang='lat' dir='ltr'><strong>agnis</strong></span> <span class='ocrx_word' id='word_1_608' title='bbox 2399 3324 2454 3372; x_wconf 82' lang='lat' dir='ltr'><strong>et</strong></span> <span class='ocrx_word' id='word_1_609' title='bbox 2483 3315 2680 3371; x_wconf 84' lang='lat' dir='ltr'><strong>ovibus</strong></span> <span class='ocrx_word' id='word_1_610' title='bbox 2732 3314 3075 3385; x_wconf 51' lang='lat' dir='ltr'><strong>puell-nenati,</strong></span> <span class='ocrx_word' id='word_1_611' title='bbox 3111 3314 3192 3366; x_wconf 67' lang='lat' dir='ltr'><strong>sic</strong></span> <span class='ocrx_word' id='word_1_612' title='bbox 3244 3330 3328 3366; x_wconf 75' lang='lat' dir='ltr'><strong>nte</strong></span> <span class='ocrx_word' id='word_1_613' title='bbox 3368 3330 3508 3382; x_wconf 72' lang='lat' dir='ltr'><strong>qna-</strong></span> 
     </span>
     <span class='ocr_line' id='line_1_80' title="bbox 1929 3406 3504 3480; baseline -0.005 -17"><span class='ocrx_word' id='word_1_614' title='bbox 1929 3407 2255 3480; x_wconf 88' lang='lat' dir='ltr'><strong>lemcunque</strong></span> <span class='ocrx_word' id='word_1_615' title='bbox 2287 3407 2557 3465; x_wconf 79' lang='lat' dir='ltr'><strong>oviculam</strong></span> <span class='ocrx_word' id='word_1_616' title='bbox 2613 3416 2766 3463; x_wconf 87' lang='lat' dir='ltr'><strong>tuam</strong></span> <span class='ocrx_word' id='word_1_617' title='bbox 2823 3406 2927 3459; x_wconf 61' lang='lat' dir='ltr'><strong>tui-:4</strong></span> <span class='ocrx_word' id='word_1_618' title='bbox 2971 3406 3212 3459; x_wconf 70' lang='lat' dir='ltr'><strong>ilumeris</strong></span> <span class='ocrx_word' id='word_1_619' title='bbox 3256 3406 3320 3459; x_wconf 56' lang='lat' dir='ltr'><strong>all</strong></span> <span class='ocrx_word' id='word_1_620' title='bbox 3366 3406 3504 3459; x_wconf 62' lang='lat' dir='ltr'><strong>urile</strong></span> 
     </span>
     <span class='ocr_line' id='line_1_81' title="bbox 1928 3499 3503 3571; baseline -0.003 -16"><span class='ocrx_word' id='word_1_621' title='bbox 1928 3509 2283 3571; x_wconf 79' lang='lat' dir='ltr'><strong>reportatam,</strong></span> <span class='ocrx_word' id='word_1_622' title='bbox 2306 3507 2361 3555; x_wconf 85' lang='lat' dir='ltr'><strong>et</strong></span> <span class='ocrx_word' id='word_1_623' title='bbox 2386 3507 2560 3555; x_wconf 82' lang='lat' dir='ltr'><strong>totum</strong></span> <span class='ocrx_word' id='word_1_624' title='bbox 2585 3513 2799 3571; x_wconf 78' lang='lat' dir='ltr'><strong>gregem</strong></span> <span class='ocrx_word' id='word_1_625' title='bbox 2835 3499 3212 3563; x_wconf 51' lang='lat' dir='ltr'><strong>erirnt‘nisstinh</strong></span> <span class='ocrx_word' id='word_1_626' title='bbox 3240 3499 3322 3551; x_wconf 65' lang='lat' dir='ltr'><strong>rel</strong></span> <span class='ocrx_word' id='word_1_627' title='bbox 3348 3511 3503 3551; x_wconf 57' lang='lat' dir='ltr'><strong>{tirsi-</strong></span> 
     </span>
     <span class='ocr_line' id='line_1_82' title="bbox 1926 3590 3504 3663; baseline -0.002 -17"><span class='ocrx_word' id='word_1_628' title='bbox 1926 3591 2250 3647; x_wconf 74' lang='lat' dir='ltr'><strong>mittendum</strong></span> <span class='ocrx_word' id='word_1_629' title='bbox 2286 3590 2390 3646; x_wconf 80' lang='lat' dir='ltr'><strong>sibi</strong></span> <span class='ocrx_word' id='word_1_630' title='bbox 2412 3601 2660 3662; x_wconf 79' lang='lat' dir='ltr'><strong>pascant,</strong></span> <span class='ocrx_word' id='word_1_631' title='bbox 2693 3599 2753 3645; x_wconf 87' lang='lat' dir='ltr'><strong>ul.</strong></span> <span class='ocrx_word' id='word_1_632' title='bbox 2781 3595 3023 3663; x_wconf 37' lang='grc' dir='ltr'><strong>μὴ’-ωιτη)</strong></span> <span class='ocrx_word' id='word_1_633' title='bbox 3047 3595 3135 3643; x_wconf 72' lang='lat' dir='ltr'><strong>liat</strong></span> <span class='ocrx_word' id='word_1_634' title='bbox 3172 3595 3224 3647; x_wconf 77' lang='lat' dir='ltr'><strong>iu</strong></span> <span class='ocrx_word' id='word_1_635' title='bbox 3264 3591 3504 3643; x_wconf 59' lang='lat' dir='ltr'><strong>Ecolffiffl</strong></span> 
     </span>
     <span class='ocr_line' id='line_1_83' title="bbox 1928 3682 3500 3755; baseline -0.004 -14"><span class='ocrx_word' id='word_1_636' title='bbox 1928 3686 2020 3741; x_wconf 91' lang='lat' dir='ltr'><strong>illa</strong></span> <span class='ocrx_word' id='word_1_637' title='bbox 2045 3683 2186 3741; x_wconf 90' lang='lat' dir='ltr'><strong>trina</strong></span> <span class='ocrx_word' id='word_1_638' title='bbox 2213 3682 2411 3755; x_wconf 90' lang='lat' dir='ltr'><strong>pastio,</strong></span> <span class='ocrx_word' id='word_1_639' title='bbox 2442 3684 2509 3740; x_wconf 93' lang='lat' dir='ltr'><strong>de</strong></span> <span class='ocrx_word' id='word_1_640' title='bbox 2534 3699 2644 3755; x_wconf 91' lang='lat' dir='ltr'><strong>qua</strong></span> <span class='ocrx_word' id='word_1_641' title='bbox 2689 3687 2847 3738; x_wconf 74' lang='lat' dir='ltr'><strong>terti-:J</strong></span> <span class='ocrx_word' id='word_1_642' title='bbox 2907 3687 3107 3739; x_wconf 55' lang='lat' dir='ltr'><strong>alit-„tum</strong></span> <span class='ocrx_word' id='word_1_643' title='bbox 3160 3699 3240 3739; x_wconf 54' lang='lat' dir='ltr'><strong>est</strong></span> <span class='ocrx_word' id='word_1_644' title='bbox 3300 3683 3456 3735; x_wconf 65' lang='lat' dir='ltr'><strong>Petro</strong></span> <span class='ocrx_word' id='word_1_645' title='bbox 3488 3703 3500 3735; x_wconf 89' lang='lat'>:</span> 
     </span>
     <span class='ocr_line' id='line_1_84' title="bbox 1934 3773 3505 3847; baseline -0.002 -15"><span class='ocrx_word' id='word_1_646' title='bbox 1934 3797 1953 3832; x_wconf 81' lang='lat' dir='ltr'><strong>t</strong></span> <span class='ocrx_word' id='word_1_647' title='bbox 1984 3775 2155 3837; x_wconf 84' lang='lat' dir='ltr'><strong>Pasce</strong></span> <span class='ocrx_word' id='word_1_648' title='bbox 2185 3789 2356 3847; x_wconf 88' lang='lat' dir='ltr'><strong>agnos</strong></span> <span class='ocrx_word' id='word_1_649' title='bbox 2406 3790 2580 3842; x_wconf 84' lang='lat' dir='ltr'><strong>ineos,</strong></span> <span class='ocrx_word' id='word_1_650' title='bbox 2615 3793 2634 3827; x_wconf 72' lang='grc' dir='ltr'><strong>ι</strong></span> <span class='ocrx_word' id='word_1_651' title='bbox 2660 3775 2744 3829; x_wconf 84' lang='lat' dir='ltr'><strong>vel</strong></span> <span class='ocrx_word' id='word_1_652' title='bbox 2771 3793 2791 3827; x_wconf 74' lang='grc' dir='ltr'><strong><em>ι</em></strong></span> <span class='ocrx_word' id='word_1_653' title='bbox 2820 3790 2948 3831; x_wconf 75' lang='lat' dir='ltr'><strong>oves</strong></span> <span class='ocrx_word' id='word_1_654' title='bbox 2977 3790 3146 3830; x_wconf 86' lang='lat' dir='ltr'><strong>meas.</strong></span> <span class='ocrx_word' id='word_1_655' title='bbox 3184 3794 3203 3826; x_wconf 85' lang='lat'>›</span> <span class='ocrx_word' id='word_1_656' title='bbox 3234 3773 3319 3831; x_wconf 90' lang='lat' dir='ltr'><strong>Sit</strong></span> <span class='ocrx_word' id='word_1_657' title='bbox 3357 3773 3505 3846; x_wconf 82' lang='lat' dir='ltr'><strong>jugis</strong></span> 
     </span>
     <span class='ocr_line' id='line_1_85' title="bbox 1925 3866 3504 3942; baseline -0.003 -16"><span class='ocrx_word' id='word_1_658' title='bbox 1925 3869 2206 3942; x_wconf 80' lang='lat' dir='ltr'><strong>vigilantia</strong></span> <span class='ocrx_word' id='word_1_659' title='bbox 2227 3869 2282 3924; x_wconf 92' lang='lat' dir='ltr'><strong>in</strong></span> <span class='ocrx_word' id='word_1_660' title='bbox 2309 3868 2566 3924; x_wconf 87' lang='lat' dir='ltr'><strong>cordibus</strong></span> <span class='ocrx_word' id='word_1_661' title='bbox 2591 3875 2872 3938; x_wconf 88' lang='lat' dir='ltr'><strong>pastorum</strong></span> <span class='ocrx_word' id='word_1_662' title='bbox 2894 3866 3052 3937; x_wconf 86' lang='lat' dir='ltr'><strong>quasi</strong></span> <span class='ocrx_word' id='word_1_663' title='bbox 3075 3882 3182 3921; x_wconf 86' lang='lat' dir='ltr'><strong>una</strong></span> <span class='ocrx_word' id='word_1_664' title='bbox 3221 3866 3303 3921; x_wconf 75' lang='lat' dir='ltr'><strong>vel</strong></span> <span class='ocrx_word' id='word_1_665' title='bbox 3327 3866 3504 3935; x_wconf 89' lang='lat' dir='ltr'><strong>prima</strong></span> 
     </span>
     <span class='ocr_line' id='line_1_86' title="bbox 1925 3957 3504 4036; baseline -0.006 -17"><span class='ocrx_word' id='word_1_666' title='bbox 1925 3963 2104 4035; x_wconf 87' lang='lat' dir='ltr'><strong>pastio</strong></span> <span class='ocrx_word' id='word_1_667' title='bbox 2125 3976 2392 4036; x_wconf 88' lang='lat' dir='ltr'><strong>agnorum</strong></span> <span class='ocrx_word' id='word_1_668' title='bbox 2420 3969 2479 4016; x_wconf 89' lang='lat' dir='ltr'><strong>et</strong></span> <span class='ocrx_word' id='word_1_669' title='bbox 2499 3959 2706 4016; x_wconf 81' lang='lat' dir='ltr'><strong>ovium.</strong></span> <span class='ocrx_word' id='word_1_670' title='bbox 2737 3957 2940 4015; x_wconf 86' lang='lat' dir='ltr'><strong>Sancta</strong></span> <span class='ocrx_word' id='word_1_671' title='bbox 2981 3973 3112 4013; x_wconf 80' lang='lat' dir='ltr'><strong>vero</strong></span> <span class='ocrx_word' id='word_1_672' title='bbox 3163 3966 3217 4014; x_wconf 88' lang='lat' dir='ltr'><strong>et</strong></span> <span class='ocrx_word' id='word_1_673' title='bbox 3265 3957 3504 4028; x_wconf 84' lang='lat' dir='ltr'><strong>irrepre-</strong></span> 
     </span>
     <span class='ocr_line' id='line_1_87' title="bbox 1927 4050 3505 4125; baseline -0.006 -11"><span class='ocrx_word' id='word_1_674' title='bbox 1927 4055 2212 4114; x_wconf 88' lang='lat' dir='ltr'><strong>hensibilis</strong></span> <span class='ocrx_word' id='word_1_675' title='bbox 2239 4054 2583 4113; x_wconf 80' lang='lat' dir='ltr'><strong>conversatio</strong></span> <span class='ocrx_word' id='word_1_676' title='bbox 2625 4062 2907 4125; x_wconf 86' lang='lat' dir='ltr'><strong>pastorum</strong></span> <span class='ocrx_word' id='word_1_677' title='bbox 2951 4051 3021 4108; x_wconf 90' lang='lat' dir='ltr'><strong>sit</strong></span> <span class='ocrx_word' id='word_1_678' title='bbox 3061 4052 3298 4111; x_wconf 85' lang='lat' dir='ltr'><strong>secunda</strong></span> <span class='ocrx_word' id='word_1_679' title='bbox 3328 4050 3505 4122; x_wconf 82' lang='lat' dir='ltr'><strong>pastio</strong></span> 
     </span>
     <span class='ocr_line' id='line_1_88' title="bbox 1928 4143 3504 4221; baseline -0.004 -17"><span class='ocrx_word' id='word_1_680' title='bbox 1928 4163 2151 4221; x_wconf 89' lang='lat' dir='ltr'><strong>gregum</strong></span> <span class='ocrx_word' id='word_1_681' title='bbox 2183 4147 2287 4205; x_wconf 91' lang='lat' dir='ltr'><strong>sibi</strong></span> <span class='ocrx_word' id='word_1_682' title='bbox 2314 4146 2756 4203; x_wconf 90' lang='lat' dir='ltr'><strong>commissorum.</strong></span> <span class='ocrx_word' id='word_1_683' title='bbox 2794 4143 3323 4201; x_wconf 77' lang='lat' dir='ltr'><strong>Convenientissima</strong></span> <span class='ocrx_word' id='word_1_684' title='bbox 3360 4160 3504 4215; x_wconf 74' lang='lat' dir='ltr'><strong>quo-</strong></span> 
     </span>
     <span class='ocr_line' id='line_1_89' title="bbox 1927 4236 3505 4314; baseline -0.004 -17"><span class='ocrx_word' id='word_1_685' title='bbox 1927 4257 2034 4314; x_wconf 86' lang='lat' dir='ltr'><strong>que</strong></span> <span class='ocrx_word' id='word_1_686' title='bbox 2091 4240 2145 4297; x_wconf 91' lang='lat' dir='ltr'><strong>in</strong></span> <span class='ocrx_word' id='word_1_687' title='bbox 2202 4239 2591 4312; x_wconf 86' lang='lat' dir='ltr'><strong>praedieatione</strong></span> <span class='ocrx_word' id='word_1_688' title='bbox 2649 4237 2812 4294; x_wconf 86' lang='lat' dir='ltr'><strong>tritici</strong></span> <span class='ocrx_word' id='word_1_689' title='bbox 2871 4252 3132 4294; x_wconf 89' lang='lat' dir='ltr'><strong>mensura</strong></span> <span class='ocrx_word' id='word_1_690' title='bbox 3196 4236 3269 4293; x_wconf 90' lang='lat' dir='ltr'><strong>sit</strong></span> <span class='ocrx_word' id='word_1_691' title='bbox 3326 4238 3505 4307; x_wconf 76' lang='lat' dir='ltr'><strong>pastio</strong></span> 
     </span>
     <span class='ocr_line' id='line_1_90' title="bbox 1928 4334 2107 4390; baseline 0 -1"><span class='ocrx_word' id='word_1_692' title='bbox 1928 4334 2107 4390; x_wconf 87' lang='lat' dir='ltr'><strong>tertia.</strong></span> 
     </span>
    </p>
   </div>
   <div class='ocr_carea' id='block_1_12' title="bbox 248 4416 3500 4506">
    <p class='ocr_par' dir='ltr' id='par_1_14' title="bbox 248 4416 3500 4506">
     <span class='ocr_line' id='line_1_91' title="bbox 248 4416 3500 4506; baseline 0 -31"><span class='ocrx_word' id='word_1_693' title='bbox 248 4419 440 4476; x_wconf 83' lang='lat' dir='ltr'><strong>movit.</strong></span> <span class='ocrx_word' id='word_1_694' title='bbox 475 4416 580 4475; x_wconf 91' lang='lat' dir='ltr'><strong>Sed</strong></span> <span class='ocrx_word' id='word_1_695' title='bbox 612 4420 740 4491; x_wconf 89' lang='lat' dir='ltr'><strong>quia</strong></span> <span class='ocrx_word' id='word_1_696' title='bbox 772 4419 829 4475; x_wconf 93' lang='lat' dir='ltr'><strong>in</strong></span> <span class='ocrx_word' id='word_1_697' title='bbox 861 4428 954 4476; x_wconf 90' lang='lat' dir='ltr'><strong>tua</strong></span> <span class='ocrx_word' id='word_1_698' title='bbox 987 4435 1219 4491; x_wconf 87' lang='lat' dir='ltr'><strong>persona</strong></span> <span class='ocrx_word' id='word_1_699' title='bbox 1252 4420 1510 4478; x_wconf 80' lang='lat' dir='ltr'><strong>Ecclesiae</strong></span> <span class='ocrx_word' id='word_1_700' title='bbox 1549 4422 1823 4493; x_wconf 78' lang='lat' dir='ltr'><strong>poeniten·</strong></span> <span class='ocrx_word' id='word_1_701' title='bbox 1850 4424 1903 4485; x_wconf 87' lang='lat' dir='ltr'><strong>D</strong></span> <span class='ocrx_word' id='word_1_702' title='bbox 1997 4427 2208 4485; x_wconf 84' lang='lat' dir='ltr'><strong>Aliter:</strong></span> <span class='ocrx_word' id='word_1_703' title='bbox 2234 4427 2419 4506; x_wconf 77' lang='lat' dir='ltr'><strong>Prima</strong></span> <span class='ocrx_word' id='word_1_704' title='bbox 2441 4426 2621 4498; x_wconf 88' lang='lat' dir='ltr'><strong>pastio</strong></span> <span class='ocrx_word' id='word_1_705' title='bbox 2641 4424 2722 4481; x_wconf 90' lang='lat' dir='ltr'><strong>sic</strong></span> <span class='ocrx_word' id='word_1_706' title='bbox 2743 4431 2932 4494; x_wconf 88' lang='lat' dir='ltr'><strong>pascat</strong></span> <span class='ocrx_word' id='word_1_707' title='bbox 2952 4421 3213 4478; x_wconf 90' lang='lat' dir='ltr'><strong>minimos</strong></span> <span class='ocrx_word' id='word_1_708' title='bbox 3236 4421 3500 4493; x_wconf 79' lang='lat' dir='ltr'><strong>agnellos,</strong></span> 
     </span>
    </p>
   </div>
   <div class='ocr_carea' id='block_1_13' title="bbox 243 4511 1826 5795">
    <p class='ocr_par' dir='ltr' id='par_1_15' title="bbox 243 4511 1826 5604">
     <span class='ocr_line' id='line_1_92' title="bbox 250 4511 1825 4583; baseline 0.002 -16"><span class='ocrx_word' id='word_1_709' title='bbox 250 4512 344 4579; x_wconf 90' lang='lat' dir='ltr'><strong>tis,</strong></span> <span class='ocrx_word' id='word_1_710' title='bbox 369 4511 455 4568; x_wconf 87' lang='lat' dir='ltr'><strong>vel</strong></span> <span class='ocrx_word' id='word_1_711' title='bbox 481 4511 861 4583; x_wconf 84' lang='lat' dir='ltr'><strong>cujuscunque</strong></span> <span class='ocrx_word' id='word_1_712' title='bbox 882 4513 1125 4568; x_wconf 85' lang='lat' dir='ltr'><strong>bominis</strong></span> <span class='ocrx_word' id='word_1_713' title='bbox 1151 4514 1467 4583; x_wconf 88' lang='lat' dir='ltr'><strong>poenitentis</strong></span> <span class='ocrx_word' id='word_1_714' title='bbox 1510 4513 1688 4569; x_wconf 75' lang='lat' dir='ltr'><strong>forma</strong></span> <span class='ocrx_word' id='word_1_715' title='bbox 1740 4522 1825 4570; x_wconf 88' lang='lat' dir='ltr'><strong>est</strong></span> 
     </span>
     <span class='ocr_line' id='line_1_93' title="bbox 248 4602 1826 4675; baseline 0.001 -16"><span class='ocrx_word' id='word_1_716' title='bbox 248 4603 595 4675; x_wconf 73' lang='lat' dir='ltr'><strong>praesignata,</strong></span> <span class='ocrx_word' id='word_1_717' title='bbox 625 4618 713 4671; x_wconf 90' lang='lat' dir='ltr'><strong>ea,</strong></span> <span class='ocrx_word' id='word_1_718' title='bbox 737 4619 858 4675; x_wconf 83' lang='lat' dir='ltr'><strong>quae</strong></span> <span class='ocrx_word' id='word_1_719' title='bbox 884 4604 938 4659; x_wconf 90' lang='lat' dir='ltr'><strong>in</strong></span> <span class='ocrx_word' id='word_1_720' title='bbox 977 4604 1084 4660; x_wconf 88' lang='lat' dir='ltr'><strong>hoc</strong></span> <span class='ocrx_word' id='word_1_721' title='bbox 1105 4602 1325 4660; x_wconf 78' lang='lat' dir='ltr'><strong>Psalmo</strong></span> <span class='ocrx_word' id='word_1_722' title='bbox 1370 4606 1468 4662; x_wconf 90' lang='lat' dir='ltr'><strong>tibi</strong></span> <span class='ocrx_word' id='word_1_723' title='bbox 1516 4614 1644 4662; x_wconf 90' lang='lat' dir='ltr'><strong>sunt</strong></span> <span class='ocrx_word' id='word_1_724' title='bbox 1683 4604 1826 4662; x_wconf 85' lang='lat' dir='ltr'><strong>assi·</strong></span> 
     </span>
     <span class='ocr_line' id='line_1_94' title="bbox 249 4695 1825 4770; baseline 0.002 -20"><span class='ocrx_word' id='word_1_725' title='bbox 249 4704 433 4767; x_wconf 86' lang='lat' dir='ltr'><strong>gnata,</strong></span> <span class='ocrx_word' id='word_1_726' title='bbox 465 4695 550 4752; x_wconf 77' lang='lat' dir='ltr'><strong>sac</strong></span> <span class='ocrx_word' id='word_1_727' title='bbox 580 4696 724 4753; x_wconf 90' lang='lat' dir='ltr'><strong>bone</strong></span> <span class='ocrx_word' id='word_1_728' title='bbox 752 4707 959 4768; x_wconf 86' lang='lat' dir='ltr'><strong>pastor,</strong></span> <span class='ocrx_word' id='word_1_729' title='bbox 991 4708 1052 4752; x_wconf 90' lang='lat' dir='ltr'><strong>ut</strong></span> <span class='ocrx_word' id='word_1_730' title='bbox 1082 4698 1242 4755; x_wconf 88' lang='lat' dir='ltr'><strong>nobis</strong></span> <span class='ocrx_word' id='word_1_731' title='bbox 1268 4698 1482 4767; x_wconf 87' lang='lat' dir='ltr'><strong>ovibus,</strong></span> <span class='ocrx_word' id='word_1_732' title='bbox 1528 4700 1613 4755; x_wconf 83' lang='lat' dir='ltr'><strong>vel</strong></span> <span class='ocrx_word' id='word_1_733' title='bbox 1667 4697 1825 4770; x_wconf 87' lang='lat' dir='ltr'><strong>agnis</strong></span> 
     </span>
     <span class='ocr_line' id='line_1_95' title="bbox 248 4787 1823 4860; baseline 0.002 -18"><span class='ocrx_word' id='word_1_734' title='bbox 248 4787 347 4842; x_wconf 89' lang='lat' dir='ltr'><strong>tibi</strong></span> <span class='ocrx_word' id='word_1_735' title='bbox 371 4787 686 4845; x_wconf 89' lang='lat' dir='ltr'><strong>commissis</strong></span> <span class='ocrx_word' id='word_1_736' title='bbox 724 4797 848 4859; x_wconf 79' lang='lat' dir='ltr'><strong>apte</strong></span> <span class='ocrx_word' id='word_1_737' title='bbox 891 4789 1239 4845; x_wconf 79' lang='lat' dir='ltr'><strong>conveniant.</strong></span> <span class='ocrx_word' id='word_1_738' title='bbox 1266 4787 1332 4843; x_wconf 89' lang='lat' dir='ltr'><strong>Et</strong></span> <span class='ocrx_word' id='word_1_739' title='bbox 1359 4798 1439 4856; x_wconf 92' lang='lat' dir='ltr'><strong>tu,</strong></span> <span class='ocrx_word' id='word_1_740' title='bbox 1464 4789 1699 4853; x_wconf 84' lang='lat' dir='ltr'><strong>Christe,</strong></span> <span class='ocrx_word' id='word_1_741' title='bbox 1728 4790 1823 4860; x_wconf 91' lang='lat' dir='ltr'><strong>qui</strong></span> 
     </span>
     <span class='ocr_line' id='line_1_96' title="bbox 244 4880 1824 4952; baseline 0.004 -20"><span class='ocrx_word' id='word_1_742' title='bbox 244 4894 349 4934; x_wconf 90' lang='lat' dir='ltr'><strong>nos</strong></span> <span class='ocrx_word' id='word_1_743' title='bbox 379 4895 510 4936; x_wconf 87' lang='lat' dir='ltr'><strong>oves</strong></span> <span class='ocrx_word' id='word_1_744' title='bbox 539 4895 757 4950; x_wconf 81' lang='lat' dir='ltr'><strong>pascuae</strong></span> <span class='ocrx_word' id='word_1_745' title='bbox 793 4890 899 4937; x_wconf 82' lang='lat' dir='ltr'><strong>tuae</strong></span> <span class='ocrx_word' id='word_1_746' title='bbox 923 4891 1031 4936; x_wconf 90' lang='lat' dir='ltr'><strong>tam</strong></span> <span class='ocrx_word' id='word_1_747' title='bbox 1059 4880 1289 4938; x_wconf 85' lang='lat' dir='ltr'><strong>fideliter</strong></span> <span class='ocrx_word' id='word_1_748' title='bbox 1315 4891 1423 4937; x_wconf 90' lang='lat' dir='ltr'><strong>tam</strong></span> <span class='ocrx_word' id='word_1_749' title='bbox 1452 4881 1594 4938; x_wconf 79' lang='lat' dir='ltr'><strong>fideli</strong></span> <span class='ocrx_word' id='word_1_750' title='bbox 1619 4882 1824 4952; x_wconf 78' lang='lat' dir='ltr'><strong>pastori</strong></span> 
     </span>
     <span class='ocr_line' id='line_1_97' title="bbox 244 4970 1823 5046; baseline 0 -18"><span class='ocrx_word' id='word_1_751' title='bbox 244 4970 572 5028; x_wconf 88' lang='lat' dir='ltr'><strong>commisisti</strong></span> <span class='ocrx_word' id='word_1_752' title='bbox 601 4972 909 5044; x_wconf 88' lang='lat' dir='ltr'><strong>pascendos</strong></span> <span class='ocrx_word' id='word_1_753' title='bbox 936 4973 1080 5029; x_wconf 88' lang='lat' dir='ltr'><strong>trina</strong></span> <span class='ocrx_word' id='word_1_754' title='bbox 1129 4972 1380 5046; x_wconf 89' lang='lat' dir='ltr'><strong>pastione</strong></span> <span class='ocrx_word' id='word_1_755' title='bbox 1437 4974 1492 5029; x_wconf 88' lang='lat' dir='ltr'><strong>in</strong></span> <span class='ocrx_word' id='word_1_756' title='bbox 1538 4974 1683 5029; x_wconf 87' lang='lat' dir='ltr'><strong>trina</strong></span> <span class='ocrx_word' id='word_1_757' title='bbox 1735 4975 1823 5045; x_wconf 90' lang='lat' dir='ltr'><strong>pi—</strong></span> 
     </span>
     <span class='ocr_line' id='line_1_98' title="bbox 245 5065 1825 5137; baseline 0.001 -15"><span class='ocrx_word' id='word_1_758' title='bbox 245 5066 425 5122; x_wconf 86' lang='lat' dir='ltr'><strong>scium</strong></span> <span class='ocrx_word' id='word_1_759' title='bbox 446 5066 531 5123; x_wconf 77' lang='lat' dir='ltr'><strong>vel</strong></span> <span class='ocrx_word' id='word_1_760' title='bbox 553 5081 819 5137; x_wconf 83' lang='lat' dir='ltr'><strong>agnorum</strong></span> <span class='ocrx_word' id='word_1_761' title='bbox 854 5065 973 5124; x_wconf 90' lang='lat' dir='ltr'><strong>sive</strong></span> <span class='ocrx_word' id='word_1_762' title='bbox 1000 5065 1185 5122; x_wconf 80' lang='lat' dir='ltr'><strong>ovium</strong></span> <span class='ocrx_word' id='word_1_763' title='bbox 1215 5066 1587 5133; x_wconf 87' lang='lat' dir='ltr'><strong>distinetione,</strong></span> <span class='ocrx_word' id='word_1_764' title='bbox 1611 5068 1691 5124; x_wconf 88' lang='lat' dir='ltr'><strong>sie</strong></span> <span class='ocrx_word' id='word_1_765' title='bbox 1720 5082 1825 5123; x_wconf 89' lang='lat' dir='ltr'><strong>nos</strong></span> 
     </span>
     <span class='ocr_line' id='line_1_99' title="bbox 243 5160 1822 5232; baseline 0.002 -19"><span class='ocrx_word' id='word_1_766' title='bbox 243 5175 344 5230; x_wconf 86' lang='lat' dir='ltr'><strong>per</strong></span> <span class='ocrx_word' id='word_1_767' title='bbox 366 5160 522 5216; x_wconf 90' lang='lat' dir='ltr'><strong>illum</strong></span> <span class='ocrx_word' id='word_1_768' title='bbox 566 5176 751 5232; x_wconf 88' lang='lat' dir='ltr'><strong>pasce,</strong></span> <span class='ocrx_word' id='word_1_769' title='bbox 780 5171 842 5218; x_wconf 93' lang='lat' dir='ltr'><strong>ut</strong></span> <span class='ocrx_word' id='word_1_770' title='bbox 878 5178 946 5218; x_wconf 86' lang='lat' dir='ltr'><strong>cx</strong></span> <span class='ocrx_word' id='word_1_771' title='bbox 990 5162 1283 5218; x_wconf 76' lang='lat' dir='ltr'><strong>manifesta</strong></span> <span class='ocrx_word' id='word_1_772' title='bbox 1309 5177 1492 5218; x_wconf 90' lang='lat' dir='ltr'><strong>rerum</strong></span> <span class='ocrx_word' id='word_1_773' title='bbox 1530 5162 1822 5231; x_wconf 87' lang='lat' dir='ltr'><strong>evidentia,</strong></span> 
     </span>
     <span class='ocr_line' id='line_1_100' title="bbox 246 5253 1825 5326; baseline 0.003 -19"><span class='ocrx_word' id='word_1_774' title='bbox 246 5253 551 5310; x_wconf 79' lang='lat' dir='ltr'><strong>sentiamus</strong></span> <span class='ocrx_word' id='word_1_775' title='bbox 573 5254 857 5312; x_wconf 85' lang='lat' dir='ltr'><strong>exauditas</strong></span> <span class='ocrx_word' id='word_1_776' title='bbox 881 5271 1072 5326; x_wconf 88' lang='lat' dir='ltr'><strong>preces</strong></span> <span class='ocrx_word' id='word_1_777' title='bbox 1092 5254 1352 5312; x_wconf 69' lang='lat' dir='ltr'><strong>Ecclesiae</strong></span> <span class='ocrx_word' id='word_1_778' title='bbox 1395 5256 1481 5311; x_wconf 83' lang='lat' dir='ltr'><strong>vel</strong></span> <span class='ocrx_word' id='word_1_779' title='bbox 1527 5256 1825 5326; x_wconf 83' lang='lat' dir='ltr'><strong>cujuscun-</strong></span> 
     </span>
     <span class='ocr_line' id='line_1_101' title="bbox 247 5346 1824 5420; baseline -0.001 -17"><span class='ocrx_word' id='word_1_780' title='bbox 247 5362 357 5417; x_wconf 84' lang='lat' dir='ltr'><strong>que</strong></span> <span class='ocrx_word' id='word_1_781' title='bbox 384 5348 702 5419; x_wconf 87' lang='lat' dir='ltr'><strong>poenitentis</strong></span> <span class='ocrx_word' id='word_1_782' title='bbox 728 5362 857 5403; x_wconf 89' lang='lat' dir='ltr'><strong>cum</strong></span> <span class='ocrx_word' id='word_1_783' title='bbox 905 5348 1076 5405; x_wconf 80' lang='lat' dir='ltr'><strong>David</strong></span> <span class='ocrx_word' id='word_1_784' title='bbox 1122 5349 1439 5420; x_wconf 85' lang='lat' dir='ltr'><strong>poenitente,</strong></span> <span class='ocrx_word' id='word_1_785' title='bbox 1486 5363 1610 5404; x_wconf 89' lang='lat' dir='ltr'><strong>cum</strong></span> <span class='ocrx_word' id='word_1_786' title='bbox 1661 5346 1824 5406; x_wconf 90' lang='lat' dir='ltr'><strong>Petro</strong></span> 
     </span>
     <span class='ocr_line' id='line_1_102' title="bbox 247 5440 1822 5511; baseline 0.001 -17"><span class='ocrx_word' id='word_1_787' title='bbox 247 5440 548 5511; x_wconf 85' lang='lat' dir='ltr'><strong>poenitente</strong></span> <span class='ocrx_word' id='word_1_788' title='bbox 595 5440 827 5499; x_wconf 81' lang='lat' dir='ltr'><strong>dicentis</strong></span> <span class='ocrx_word' id='word_1_789' title='bbox 880 5459 893 5497; x_wconf 72' lang='grc' dir='ltr'>ε</span> <span class='ocrx_word' id='word_1_790' title='bbox 948 5440 1158 5496; x_wconf 78' lang='lat' dir='ltr'><strong>Delicta</strong></span> <span class='ocrx_word' id='word_1_791' title='bbox 1207 5440 1502 5511; x_wconf 71' lang='lat' dir='ltr'><strong>Juventutis</strong></span> <span class='ocrx_word' id='word_1_792' title='bbox 1555 5455 1719 5506; x_wconf 85' lang='lat' dir='ltr'><strong>meoe,</strong></span> <span class='ocrx_word' id='word_1_793' title='bbox 1772 5449 1822 5495; x_wconf 80' lang='lat' dir='ltr'><strong>et</strong></span> 
     </span>
     <span class='ocr_line' id='line_1_103' title="bbox 244 5533 1188 5604; baseline 0.002 -16"><span class='ocrx_word' id='word_1_794' title='bbox 244 5533 579 5604; x_wconf 62' lang='lat' dir='ltr'><strong>ignorantias</strong></span> <span class='ocrx_word' id='word_1_795' title='bbox 609 5551 752 5591; x_wconf 77' lang='lat' dir='ltr'><strong>meas</strong></span> <span class='ocrx_word' id='word_1_796' title='bbox 786 5551 849 5589; x_wconf 79' lang='lat' dir='ltr'><strong>ne</strong></span> <span class='ocrx_word' id='word_1_797' title='bbox 875 5534 1188 5590; x_wconf 78' lang='lat' dir='ltr'><strong>memineris.</strong></span> 
     </span>
    </p>

    <p class='ocr_par' dir='ltr' id='par_1_16' title="bbox 244 5621 1822 5795">
     <span class='ocr_line' id='line_1_104' title="bbox 317 5621 1822 5698; baseline 0.004 -21"><span class='ocrx_word' id='word_1_798' title='bbox 317 5621 584 5681; x_wconf 80' lang='lat' dir='ltr'><strong>Juventus</strong></span> <span class='ocrx_word' id='word_1_799' title='bbox 610 5624 757 5680; x_wconf 89' lang='lat' dir='ltr'><strong>enim</strong></span> <span class='ocrx_word' id='word_1_800' title='bbox 785 5624 874 5682; x_wconf 89' lang='lat' dir='ltr'><strong>hie</strong></span> <span class='ocrx_word' id='word_1_801' title='bbox 902 5640 1010 5680; x_wconf 91' lang='lat' dir='ltr'><strong>non</strong></span> <span class='ocrx_word' id='word_1_802' title='bbox 1049 5632 1160 5680; x_wconf 91' lang='lat' dir='ltr'><strong>tam</strong></span> <span class='ocrx_word' id='word_1_803' title='bbox 1183 5640 1283 5696; x_wconf 89' lang='lat' dir='ltr'><strong>pro</strong></span> <span class='ocrx_word' id='word_1_804' title='bbox 1312 5634 1491 5694; x_wconf 81' lang='lat' dir='ltr'><strong>aetate,</strong></span> <span class='ocrx_word' id='word_1_805' title='bbox 1516 5642 1680 5698; x_wconf 84' lang='lat' dir='ltr'><strong>quam</strong></span> <span class='ocrx_word' id='word_1_806' title='bbox 1722 5642 1822 5697; x_wconf 91' lang='lat' dir='ltr'><strong>pro</strong></span> 
     </span>
     <span class='ocr_line' id='line_1_105' title="bbox 244 5716 1819 5795; baseline 0.004 -24"><span class='ocrx_word' id='word_1_807' title='bbox 244 5716 472 5795; x_wconf 73' lang='lat' dir='ltr'><strong>juvenili</strong></span> <span class='ocrx_word' id='word_1_808' title='bbox 499 5716 726 5777; x_wconf 83' lang='lat' dir='ltr'><strong>audacia</strong></span> <span class='ocrx_word' id='word_1_809' title='bbox 782 5717 1024 5792; x_wconf 85' lang='lat' dir='ltr'><strong>ponitur,</strong></span> <span class='ocrx_word' id='word_1_810' title='bbox 1050 5734 1158 5793; x_wconf 81' lang='lat' dir='ltr'><strong>qua</strong></span> <span class='ocrx_word' id='word_1_811' title='bbox 1203 5734 1344 5792; x_wconf 84' lang='lat' dir='ltr'><strong>saepe</strong></span> <span class='ocrx_word' id='word_1_812' title='bbox 1394 5720 1626 5790; x_wconf 76' lang='lat' dir='ltr'><strong>scienter</strong></span> <span class='ocrx_word' id='word_1_813' title='bbox 1676 5719 1819 5777; x_wconf 77' lang='lat' dir='ltr'><strong>viam</strong></span> 
     </span>
    </p>
   </div>
   <div class='ocr_carea' id='block_1_14' title="bbox 1925 4513 3504 5790">
    <p class='ocr_par' dir='ltr' id='par_1_17' title="bbox 1925 4513 3504 5790">
     <span class='ocr_line' id='line_1_106' title="bbox 1927 4513 3504 4591; baseline -0.004 -15"><span class='ocrx_word' id='word_1_814' title='bbox 1927 4528 1987 4576; x_wconf 93' lang='lat' dir='ltr'><strong>ut</strong></span> <span class='ocrx_word' id='word_1_815' title='bbox 2013 4538 2032 4570; x_wconf 88' lang='lat'>‹</span> <span class='ocrx_word' id='word_1_816' title='bbox 2061 4519 2157 4591; x_wconf 90' lang='lat' dir='ltr'><strong>qui</strong></span> <span class='ocrx_word' id='word_1_817' title='bbox 2177 4519 2380 4575; x_wconf 84' lang='lat' dir='ltr'><strong>babent</strong></span> <span class='ocrx_word' id='word_1_818' title='bbox 2406 4536 2425 4570; x_wconf 72' lang='grc' dir='ltr'><strong>ι</strong></span> <span class='ocrx_word' id='word_1_819' title='bbox 2455 4515 2753 4580; x_wconf 89' lang='lat' dir='ltr'><strong>mundana,</strong></span> <span class='ocrx_word' id='word_1_820' title='bbox 2774 4533 2793 4566; x_wconf 72' lang='lat' dir='ltr'>e</span> <span class='ocrx_word' id='word_1_821' title='bbox 2822 4525 3082 4585; x_wconf 86' lang='lat' dir='ltr'><strong>tanquam</strong></span> <span class='ocrx_word' id='word_1_822' title='bbox 3112 4528 3219 4568; x_wconf 94' lang='lat' dir='ltr'><strong>non</strong></span> <span class='ocrx_word' id='word_1_823' title='bbox 3239 4513 3504 4569; x_wconf 87' lang='lat' dir='ltr'><strong>habentes</strong></span> 
     </span>
     <span class='ocr_line' id='line_1_107' title="bbox 1927 4606 3504 4682; baseline -0.004 -16"><span class='ocrx_word' id='word_1_824' title='bbox 1927 4610 2055 4679; x_wconf 84' lang='lat' dir='ltr'><strong>sint,</strong></span> <span class='ocrx_word' id='word_1_825' title='bbox 2086 4609 2255 4682; x_wconf 76' lang='lat' dir='ltr'><strong>etqui</strong></span> <span class='ocrx_word' id='word_1_826' title='bbox 2285 4617 2513 4665; x_wconf 88' lang='lat' dir='ltr'><strong>utuntur</strong></span> <span class='ocrx_word' id='word_1_827' title='bbox 2542 4609 2646 4663; x_wconf 87' lang='lat' dir='ltr'><strong>hoc</strong></span> <span class='ocrx_word' id='word_1_828' title='bbox 2671 4606 2895 4674; x_wconf 89' lang='lat' dir='ltr'><strong>mund0,</strong></span> <span class='ocrx_word' id='word_1_829' title='bbox 2920 4615 3177 4677; x_wconf 82' lang='lat' dir='ltr'><strong>tanquam</strong></span> <span class='ocrx_word' id='word_1_830' title='bbox 3210 4622 3317 4660; x_wconf 88' lang='lat' dir='ltr'><strong>non</strong></span> <span class='ocrx_word' id='word_1_831' title='bbox 3344 4614 3504 4661; x_wconf 90' lang='lat' dir='ltr'><strong>utan-</strong></span> 
     </span>
     <span class='ocr_line' id='line_1_108' title="bbox 1928 4697 3504 4775; baseline -0.003 -16"><span class='ocrx_word' id='word_1_832' title='bbox 1928 4713 2040 4771; x_wconf 86' lang='lat' dir='ltr'><strong>tur,</strong></span> <span class='ocrx_word' id='word_1_833' title='bbox 2066 4704 2160 4774; x_wconf 92' lang='lat' dir='ltr'><strong>qui</strong></span> <span class='ocrx_word' id='word_1_834' title='bbox 2187 4700 2426 4775; x_wconf 86' lang='lat' dir='ltr'><strong>gaudent</strong></span> <span class='ocrx_word' id='word_1_835' title='bbox 2451 4709 2709 4772; x_wconf 89' lang='lat' dir='ltr'><strong>tanquam</strong></span> <span class='ocrx_word' id='word_1_836' title='bbox 2740 4715 2850 4755; x_wconf 90' lang='lat' dir='ltr'><strong>non</strong></span> <span class='ocrx_word' id='word_1_837' title='bbox 2883 4700 3202 4767; x_wconf 79' lang='lat' dir='ltr'><strong>gaudentes,</strong></span> <span class='ocrx_word' id='word_1_838' title='bbox 3235 4698 3328 4769; x_wconf 89' lang='lat' dir='ltr'><strong>qui</strong></span> <span class='ocrx_word' id='word_1_839' title='bbox 3374 4697 3504 4755; x_wconf 87' lang='lat' dir='ltr'><strong>ssent</strong></span> 
     </span>
     <span class='ocr_line' id='line_1_109' title="bbox 1928 4790 3504 4868; baseline -0.005 -17"><span class='ocrx_word' id='word_1_840' title='bbox 1928 4806 2189 4868; x_wconf 88' lang='lat' dir='ltr'><strong>tanquam</strong></span> <span class='ocrx_word' id='word_1_841' title='bbox 2218 4811 2326 4851; x_wconf 90' lang='lat' dir='ltr'><strong>non</strong></span> <span class='ocrx_word' id='word_1_842' title='bbox 2360 4794 2551 4850; x_wconf 85' lang='lat' dir='ltr'><strong>flentes</strong></span> <span class='ocrx_word' id='word_1_843' title='bbox 2583 4813 2603 4847; x_wconf 77' lang='grc' dir='ltr'><strong><em>ι</em></strong></span> <span class='ocrx_word' id='word_1_844' title='bbox 2635 4794 2745 4849; x_wconf 90' lang='lat' dir='ltr'><strong>sint</strong></span> <span class='ocrx_word' id='word_1_845' title='bbox 2774 4809 2788 4845; x_wconf 91' lang='lat'>:</span> <span class='ocrx_word' id='word_1_846' title='bbox 2821 4800 2875 4847; x_wconf 91' lang='lat' dir='ltr'><strong>et</strong></span> <span class='ocrx_word' id='word_1_847' title='bbox 2894 4791 3022 4863; x_wconf 89' lang='lat' dir='ltr'><strong>quia</strong></span> <span class='ocrx_word' id='word_1_848' title='bbox 3053 4810 3072 4842; x_wconf 74' lang='lat' dir='ltr'><strong>t</strong></span> <span class='ocrx_word' id='word_1_849' title='bbox 3099 4790 3338 4862; x_wconf 79' lang='lat' dir='ltr'><strong>praeterit</strong></span> <span class='ocrx_word' id='word_1_850' title='bbox 3365 4791 3504 4861; x_wconf 78' lang='lat' dir='ltr'><strong>tigu-</strong></span> 
     </span>
     <span class='ocr_line' id='line_1_110' title="bbox 1928 4880 3501 4958; baseline -0.005 -13"><span class='ocrx_word' id='word_1_851' title='bbox 1928 4904 1989 4945; x_wconf 87' lang='lat' dir='ltr'><strong>ra</strong></span> <span class='ocrx_word' id='word_1_852' title='bbox 2016 4888 2182 4958; x_wconf 85' lang='lat' dir='ltr'><strong>hujus</strong></span> <span class='ocrx_word' id='word_1_853' title='bbox 2209 4886 2399 4942; x_wconf 91' lang='lat' dir='ltr'><strong>mundi</strong></span> <span class='ocrx_word' id='word_1_854' title='bbox 2429 4884 2482 4958; x_wconf 89' lang='lat'><strong>(1</strong></span> <span class='ocrx_word' id='word_1_855' title='bbox 2522 4885 2647 4942; x_wconf 85' lang='lat' dir='ltr'><strong>Cor.</strong></span> <span class='ocrx_word' id='word_1_856' title='bbox 2679 4900 2778 4952; x_wconf 82' lang='lat' dir='ltr'><strong>vn,</strong></span> <span class='ocrx_word' id='word_1_857' title='bbox 2801 4883 2895 4951; x_wconf 74' lang='lat'><strong>29,</strong></span> <span class='ocrx_word' id='word_1_858' title='bbox 2927 4884 2997 4939; x_wconf 87' lang='lat'><strong>50</strong></span> <span class='ocrx_word' id='word_1_859' title='bbox 3016 4892 3070 4939; x_wconf 91' lang='lat' dir='ltr'><strong>et</strong></span> <span class='ocrx_word' id='word_1_860' title='bbox 3089 4882 3202 4954; x_wconf 80' lang='lat'><strong>51),</strong></span> <span class='ocrx_word' id='word_1_861' title='bbox 3242 4901 3261 4935; x_wconf 74' lang='lat' dir='ltr'><strong>i</strong></span> <span class='ocrx_word' id='word_1_862' title='bbox 3295 4897 3364 4936; x_wconf 88' lang='lat' dir='ltr'><strong>ne</strong></span> <span class='ocrx_word' id='word_1_863' title='bbox 3394 4880 3501 4952; x_wconf 79' lang='lat' dir='ltr'><strong>ipsi</strong></span> 
     </span>
     <span class='ocr_line' id='line_1_111' title="bbox 1927 4973 3501 5051; baseline -0.006 -14"><span class='ocrx_word' id='word_1_864' title='bbox 1927 4982 2130 5051; x_wconf 78' lang='lat' dir='ltr'><strong>pariter</strong></span> <span class='ocrx_word' id='word_1_865' title='bbox 2173 4995 2298 5036; x_wconf 91' lang='lat' dir='ltr'><strong>cum</strong></span> <span class='ocrx_word' id='word_1_866' title='bbox 2339 4995 2405 5035; x_wconf 89' lang='lat' dir='ltr'><strong>ca</strong></span> <span class='ocrx_word' id='word_1_867' title='bbox 2435 4986 2759 5049; x_wconf 69' lang='lat' dir='ltr'><strong>praetereant</strong></span> <span class='ocrx_word' id='word_1_868' title='bbox 2795 4986 2849 5033; x_wconf 86' lang='lat' dir='ltr'><strong>et</strong></span> <span class='ocrx_word' id='word_1_869' title='bbox 2884 4986 3127 5048; x_wconf 87' lang='lat' dir='ltr'><strong>pereant,</strong></span> <span class='ocrx_word' id='word_1_870' title='bbox 3178 4973 3383 5030; x_wconf 87' lang='lat' dir='ltr'><strong>mundo</strong></span> <span class='ocrx_word' id='word_1_871' title='bbox 3419 4973 3501 5029; x_wconf 91' lang='lat' dir='ltr'><strong>sic</strong></span> 
     </span>
     <span class='ocr_line' id='line_1_112' title="bbox 1927 5066 3500 5144; baseline -0.006 -14"><span class='ocrx_word' id='word_1_872' title='bbox 1927 5082 2172 5140; x_wconf 88' lang='lat' dir='ltr'><strong>utantur,</strong></span> <span class='ocrx_word' id='word_1_873' title='bbox 2203 5080 2264 5128; x_wconf 92' lang='lat' dir='ltr'><strong>ut</strong></span> <span class='ocrx_word' id='word_1_874' title='bbox 2290 5087 2358 5129; x_wconf 91' lang='lat' dir='ltr'><strong>eo</strong></span> <span class='ocrx_word' id='word_1_875' title='bbox 2388 5086 2667 5144; x_wconf 88' lang='lat' dir='ltr'><strong>nunquam</strong></span> <span class='ocrx_word' id='word_1_876' title='bbox 2695 5071 3013 5126; x_wconf 89' lang='lat' dir='ltr'><strong>abutantur.</strong></span> <span class='ocrx_word' id='word_1_877' title='bbox 3037 5066 3285 5122; x_wconf 85' lang='lat' dir='ltr'><strong>Secunda</strong></span> <span class='ocrx_word' id='word_1_878' title='bbox 3314 5072 3500 5135; x_wconf 84' lang='lat' dir='ltr'><strong>pasto·</strong></span> 
     </span>
     <span class='ocr_line' id='line_1_113' title="bbox 1925 5159 3502 5236; baseline -0.004 -14"><span class='ocrx_word' id='word_1_879' title='bbox 1925 5165 2057 5222; x_wconf 92' lang='lat' dir='ltr'><strong>ralis</strong></span> <span class='ocrx_word' id='word_1_880' title='bbox 2081 5180 2226 5221; x_wconf 82' lang='lat' dir='ltr'><strong>curae</strong></span> <span class='ocrx_word' id='word_1_881' title='bbox 2252 5164 2499 5235; x_wconf 88' lang='lat' dir='ltr'><strong>pastione</strong></span> <span class='ocrx_word' id='word_1_882' title='bbox 2523 5164 2604 5220; x_wconf 85' lang='lat' dir='ltr'><strong>sic</strong></span> <span class='ocrx_word' id='word_1_883' title='bbox 2625 5172 2919 5236; x_wconf 88' lang='lat' dir='ltr'><strong>pascantur</strong></span> <span class='ocrx_word' id='word_1_884' title='bbox 2948 5160 3072 5232; x_wconf 81' lang='lat' dir='ltr'><strong>agni</strong></span> <span class='ocrx_word' id='word_1_885' title='bbox 3104 5159 3414 5230; x_wconf 82' lang='lat' dir='ltr'><strong>majusculi,</strong></span> <span class='ocrx_word' id='word_1_886' title='bbox 3438 5167 3502 5217; x_wconf 90' lang='lat' dir='ltr'><strong>ut</strong></span> 
     </span>
     <span class='ocr_line' id='line_1_114' title="bbox 1926 5241 3499 5327; baseline -0.003 -14"><span class='ocrx_word' id='word_1_887' title='bbox 1926 5241 2198 5314; x_wconf 86' lang='lat' dir='ltr'><strong>memores</strong></span> <span class='ocrx_word' id='word_1_888' title='bbox 2222 5257 2413 5313; x_wconf 83' lang='lat' dir='ltr'><strong>uxoris</strong></span> <span class='ocrx_word' id='word_1_889' title='bbox 2444 5255 2545 5311; x_wconf 83' lang='lat' dir='ltr'><strong>Lot</strong></span> <span class='ocrx_word' id='word_1_890' title='bbox 2568 5253 2907 5327; x_wconf 85' lang='lat' dir='ltr'><strong>post-mundi</strong></span> <span class='ocrx_word' id='word_1_891' title='bbox 2942 5252 3356 5325; x_wconf 83' lang='lat' dir='ltr'><strong>abnegationem</strong></span> <span class='ocrx_word' id='word_1_892' title='bbox 3386 5266 3499 5309; x_wconf 89' lang='lat' dir='ltr'><strong>non</strong></span> 
     </span>
     <span class='ocr_line' id='line_1_115' title="bbox 1925 5343 3498 5420; baseline -0.003 -15"><span class='ocrx_word' id='word_1_893' title='bbox 1925 5349 2224 5420; x_wconf 88' lang='lat' dir='ltr'><strong>respiciant</strong></span> <span class='ocrx_word' id='word_1_894' title='bbox 2250 5357 2418 5417; x_wconf 89' lang='lat' dir='ltr'><strong>retro,</strong></span> <span class='ocrx_word' id='word_1_895' title='bbox 2443 5363 2620 5419; x_wconf 88' lang='lat' dir='ltr'><strong>neque</strong></span> <span class='ocrx_word' id='word_1_896' title='bbox 2647 5362 2811 5403; x_wconf 87' lang='lat' dir='ltr'><strong>manu</strong></span> <span class='ocrx_word' id='word_1_897' title='bbox 2834 5344 2903 5401; x_wconf 90' lang='lat' dir='ltr'><strong>ad</strong></span> <span class='ocrx_word' id='word_1_898' title='bbox 2928 5352 3170 5400; x_wconf 88' lang='lat' dir='ltr'><strong>aratrum</strong></span> <span class='ocrx_word' id='word_1_899' title='bbox 3200 5343 3369 5399; x_wconf 90' lang='lat' dir='ltr'><strong>missa</strong></span> <span class='ocrx_word' id='word_1_900' title='bbox 3407 5358 3498 5400; x_wconf 86' lang='lat' dir='ltr'><strong>re-</strong></span> 
     </span>
     <span class='ocr_line' id='line_1_116' title="bbox 1927 5435 3499 5513; baseline -0.002 -16"><span class='ocrx_word' id='word_1_901' title='bbox 1927 5441 2217 5513; x_wconf 89' lang='lat' dir='ltr'><strong>spicientes</strong></span> <span class='ocrx_word' id='word_1_902' title='bbox 2242 5449 2390 5496; x_wconf 89' lang='lat' dir='ltr'><strong>retro</strong></span> <span class='ocrx_word' id='word_1_903' title='bbox 2409 5438 2623 5497; x_wconf 82' lang='lat' dir='ltr'><strong>excludi</strong></span> <span class='ocrx_word' id='word_1_904' title='bbox 2652 5447 2966 5495; x_wconf 86' lang='lat' dir='ltr'><strong>mereantur</strong></span> <span class='ocrx_word' id='word_1_905' title='bbox 2986 5454 3017 5493; x_wconf 91' lang='lat' dir='ltr'><strong>a</strong></span> <span class='ocrx_word' id='word_1_906' title='bbox 3046 5452 3215 5510; x_wconf 83' lang='lat' dir='ltr'><strong>regno</strong></span> <span class='ocrx_word' id='word_1_907' title='bbox 3240 5435 3370 5507; x_wconf 87' lang='lat' dir='ltr'><strong>Dei,</strong></span> <span class='ocrx_word' id='word_1_908' title='bbox 3403 5436 3499 5494; x_wconf 82' lang='lat' dir='ltr'><strong>sed</strong></span> 
     </span>
     <span class='ocr_line' id='line_1_117' title="bbox 1925 5531 3499 5608; baseline -0.001 -17"><span class='ocrx_word' id='word_1_909' title='bbox 1925 5536 2109 5608; x_wconf 87' lang='lat' dir='ltr'><strong>potius</strong></span> <span class='ocrx_word' id='word_1_910' title='bbox 2129 5551 2252 5607; x_wconf 82' lang='lat' dir='ltr'><strong>quae</strong></span> <span class='ocrx_word' id='word_1_911' title='bbox 2275 5544 2421 5592; x_wconf 88' lang='lat' dir='ltr'><strong>retro</strong></span> <span class='ocrx_word' id='word_1_912' title='bbox 2457 5541 2584 5589; x_wconf 91' lang='lat' dir='ltr'><strong>sunt</strong></span> <span class='ocrx_word' id='word_1_913' title='bbox 2613 5531 2788 5602; x_wconf 88' lang='lat' dir='ltr'><strong>obliti,</strong></span> <span class='ocrx_word' id='word_1_914' title='bbox 2812 5542 2866 5588; x_wconf 91' lang='lat' dir='ltr'><strong>et</strong></span> <span class='ocrx_word' id='word_1_915' title='bbox 2895 5532 2949 5586; x_wconf 92' lang='lat' dir='ltr'><strong>in</strong></span> <span class='ocrx_word' id='word_1_916' title='bbox 2996 5532 3268 5588; x_wconf 88' lang='lat' dir='ltr'><strong>anteriora</strong></span> <span class='ocrx_word' id='word_1_917' title='bbox 3293 5531 3499 5589; x_wconf 75' lang='lat' dir='ltr'><strong>extenti</strong></span> 
     </span>
     <span class='ocr_line' id='line_1_118' title="bbox 1926 5621 3498 5694; baseline -0.003 -11"><span class='ocrx_word' id='word_1_918' title='bbox 1926 5626 1994 5683; x_wconf 89' lang='lat' dir='ltr'><strong>ad</strong></span> <span class='ocrx_word' id='word_1_919' title='bbox 2035 5626 2285 5682; x_wconf 73' lang='lat' dir='ltr'><strong>bravium</strong></span> <span class='ocrx_word' id='word_1_920' title='bbox 2312 5625 2391 5681; x_wconf 88' lang='lat' dir='ltr'><strong>sic</strong></span> <span class='ocrx_word' id='word_1_921' title='bbox 2428 5633 2672 5690; x_wconf 88' lang='lat' dir='ltr'><strong>currant,</strong></span> <span class='ocrx_word' id='word_1_922' title='bbox 2701 5631 2761 5679; x_wconf 91' lang='lat' dir='ltr'><strong>ut</strong></span> <span class='ocrx_word' id='word_1_923' title='bbox 2787 5622 3290 5694; x_wconf 85' lang='lat' dir='ltr'><strong>comprehendant;</strong></span> <span class='ocrx_word' id='word_1_924' title='bbox 3321 5621 3403 5682; x_wconf 89' lang='lat' dir='ltr'><strong>sic</strong></span> <span class='ocrx_word' id='word_1_925' title='bbox 3426 5623 3498 5678; x_wconf 90' lang='lat' dir='ltr'><strong>ab</strong></span> 
     </span>
     <span class='ocr_line' id='line_1_119' title="bbox 1926 5714 3444 5790; baseline -0.003 -13"><span class='ocrx_word' id='word_1_926' title='bbox 1926 5717 2203 5787; x_wconf 63' lang='lat' dir='ltr'><strong>omnuim,</strong></span> <span class='ocrx_word' id='word_1_927' title='bbox 2230 5732 2352 5789; x_wconf 81' lang='lat' dir='ltr'><strong>quae</strong></span> <span class='ocrx_word' id='word_1_928' title='bbox 2374 5730 2482 5774; x_wconf 89' lang='lat' dir='ltr'><strong>non</strong></span> <span class='ocrx_word' id='word_1_929' title='bbox 2508 5714 2822 5789; x_wconf 85' lang='lat' dir='ltr'><strong>expediunt,</strong></span> <span class='ocrx_word' id='word_1_930' title='bbox 2852 5716 3184 5790; x_wconf 87' lang='lat' dir='ltr'><strong>abstineant,</strong></span> <span class='ocrx_word' id='word_1_931' title='bbox 3218 5724 3277 5774; x_wconf 90' lang='lat' dir='ltr'><strong>ut</strong></span> <span class='ocrx_word' id='word_1_932' title='bbox 3305 5717 3444 5774; x_wconf 85' lang='lat' dir='ltr'><strong>inco·</strong></span> 
     </span>
    </p>
   </div>
  </div>
 </body>
</html>
