3817 6000
102 230 174 287 tuat
265 234 267 238 ’
404 224 684 283 cottttuutlttlbtt
706 226 737 281 ΙΝ
755 226 925 284 PShLliOS.
945 255 962 265 -
998 223 1091 279 PARS
1107 223 1139 279 V.
1158 257 1193 265 --
1209 224 1307 281 rste.
1328 222 1420 278 xtt't.
1658 229 1730 285 tatu

93 343 279 413 «loliumque
293 357 308 395 a
321 342 568 397 uetitntorontrite
580 349 655 405 suut,
668 342 778 412 quando
791 342 888 399 insana
904 338 1033 407 Aludcca
1059 339 1174 402 scilieet,
1190 351 1218 393 ot
1242 340 1270 393 iu
1295 341 1362 394 inari
1379 350 1408 396 et
1429 337 1457 394 iu
1477 346 1560 395 terra.
1583 338 1642 397 lino
1665 343 1728 412 erit,

93 447 158 492 rota
178 433 212 488 ad
236 433 352 491 nibilum
368 433 476 487 redacta
498 442 572 489 suut.
588 432 672 487 duma
695 444 761 490 stunt
772 435 888 504 publicar
941 451 951 486 a
967 432 1078 502 quaudo
1093 432 1233 503 plenitudo
1246 432 1367 503 petatium
1383 431 1534 498 intraverit,
1556 441 1622 490 tutto
1636 437 1728 494 omnis

93 524 312 598 oppugnationes
326 524 496 594 iniquorum,
511 540 572 594 qun
591 524 738 583 confractae
752 536 817 584 sant
836 543 888 598 pa·
938 521 1022 579 lsrael
1054 522 1146 580 saluus
1166 522 1215 579 elil
1237 524 1247 593 (
1258 522 1335 577 Rom·
1354 538 1392 589 ιι,
1419 522 1489 591 25);
1511 541 1521 575 t
1547 528 1659 596 uuanda
1678 544 1728 597 prr

94 620 189 674 tientia
209 617 358 688 justorum.
377 615 460 675 &uta
475 626 541 672 sunt
551 626 775 689 presumptuose
791 620 887 676 delen·
938 614 1057 673 Eliamet
1070 615 1179 673 ilenoch
1188 615 1378 675 ddemChristi
1386 619 1547 689 receperint,
1559 628 1624 676 tunc
1635 631 1731 691 pratri·

94 710 187 765 siotes
216 708 391 779 pallidorum,
412 709 544 779 ouelpni
567 709 719 766 combusta
732 720 807 777 surtt,
822 711 886 782 quia
938 705 1026 763 tantm
1041 707 1151 764 dicent:

95 801 200 871 Spiritu
218 809 314 856 saneto
335 800 449 855 deuictae
469 810 496 856 et
519 800 665 858 manifesta
692 804 798 859 radone
821 820 889 859 con·
975 797 1056 855 Vens.
1073 799 1116 854 lh.
1130 798 1554 857 uamtnmatuatamnotteaam.
1569 802 1730 861 Emmanuel

94 899 212 962 europae
225 901 300 951 sunt,
321 890 370 949 ilis
389 893 517 949 toxicatis
532 895 617 951 armis
633 895 783 953 contractis
796 912 888 953 afma-
938 887 1038 944 dieitur
1062 887 1198 943 uobiscum
1225 887 1303 954 Deus,
1318 889 1385 959 quia
1414 888 1541 946 bantana
1569 891 1729 962 angelorum

95 982 136 1041 hit
149 983 249 1041 milites
270 998 336 1041 suaa
352 982 411 1040 lter
426 985 547 1041 caelestis
566 986 706 1056 prataria
720 989 805 1045 armas
817 990 888 1044 vert.
938 979 1070 1036 habitarit
1082 979 1110 1034 iu
1123 994 1205 1035 carue
1215 979 1359 1049 noliacum,
1373 981 1445 1037 siout
1456 982 1588 1053 seriptum
1602 991 1644 1038 εει
1655 997 1665 1042 t
1678 1002 1688 1036 a
1699 983 1728 1039 lu

96 1075 171 1142 tutis,
196 1076 384 1140 coutinentia.
407 1076 475 1146 spei,
498 1077 606 1145 salutis,
631 1077 705 1145 lldei,
732 1080 885 1136 charitatis.
938 1071 1019 1129 terris
1034 1072 1111 1129 risus
1131 1081 1185 1140 cst,
1198 1081 1226 1129 et
1240 1088 1303 1129 cum
1324 1074 1483 1131 bominibus
1498 1085 1730 1135 couversatusest

96 1163 229 1235 scaritum
247 1181 300 1221 uox
326 1165 374 1221 Dei
392 1167 519 1224 lrutuines
531 1170 669 1225 induentis
686 1169 720 1225 ad
734 1171 888 1242 intelligen-
940 1169 1057 1240 (Barurh
1080 1185 1121 1238 ιιι,
1134 1169 1212 1243 sat.»
1228 1169 1371 1242 Suseeptar
1385 1183 1472 1228 noster
1486 1171 1558 1228 Deus
1569 1171 1664 1241 Jacob,
1678 1175 1729 1232 hoc

96 1258 164 1314 t'tm
179 1259 233 1315 sui.
938 1272 981 1323 cst
1005 1261 1144 1330 Christus,
1160 1263 1207 1334 qui
1224 1272 1266 1320 εει
1287 1262 1359 1319 Deus
1376 1264 1469 1335 populi
1495 1265 1582 1321 nostri
1599 1265 1730 1336 supplan·

132 1349 217 1407 Vens.
233 1352 274 1409 ll.
294 1350 520 1409 Vacateetuldete
542 1355 793 1426 qeauiamepasum
806 1356 886 1412 [leue.
939 1355 1037 1411 tatoris
1065 1364 1094 1411 et
1113 1355 1242 1411 uitiorum
1263 1355 1384 1423 uictoris,
1408 1365 1451 1413 εει
1474 1366 1562 1410 notter
1584 1366 1729 1427 susceptor,

96 1440 322 1513 Quandoquidem
348 1445 417 1501 bella
445 1448 663 1516 persecutionum
695 1458 760 1503 sunt
786 1450 887 1514 ablata,
939 1448 1141 1519 quiauostram
1163 1448 1371 1503 conversionem
1386 1458 1414 1504 et
1427 1448 1616 1519 peonitentiam
1633 1458 1729 1509 susde-

96 1549 175 1589 arma
188 1537 324 1591 haeresum
337 1536 488 1604 eontracta,
504 1549 621 1595 eacatea
635 1541 798 1597 turnultibus
808 1543 889 1598 nitio·
940 1541 990 1612 pit,
1003 1550 1031 1596 et
1042 1540 1071 1595 iu
1084 1539 1210 1595 militiam
1226 1554 1304 1594 suam
1323 1539 1400 1610 prius
1418 1539 1471 1596 sibi
1487 1539 1602 1597 rebellet
1617 1539 1729 1610 recepit,

97 1639 172 1692 rein,
186 1641 202 1681 a
214 1627 480 1685 contradictionibus
491 1630 655 1703 litigiorum,
667 1642 691 1686 et
705 1634 789 1688 uidete
800 1635 890 1691 oculis
939 1643 967 1690 et
980 1632 1015 1689 ad
1027 1633 1182 1690 conuiuium
1196 1648 1276 1688 suum
1288 1631 1421 1687 inritavit.
1433 1630 1483 1688 liic
1496 1647 1592 1689 uersus
1604 1632 1731 1703 superius

98 1718 210 1786 mentis,
236 1719 321 1776 idest
344 1720 495 1794 iutelligite,
511 1724 636 1793 ananiam
657 1742 703 1796 epa
725 1743 785 1781 eum
806 1728 888 1795 Daue,
906 1707 1112 1796 Bestpositus,
1137 1732 1165 1780 et
1180 1723 1299 1795 pertinet
1325 1724 1359 1779 ad
1381 1722 1590 1793 gratulationem
1607 1723 1729 1793 gentiam

98 1813 145 1884 qni
159 1814 224 1871 talia
238 1815 361 1888 prodigia
375 1814 438 1883 leci,
453 1818 522 1873 bella
538 1818 650 1884 abstuli,
664 1833 741 1874 arma
754 1817 887 1890 confregi,
941 1834 1135 1877 conversarum
1148 1836 1156 1874 z
1170 1818 1216 1874 hic
1229 1826 1272 1874 est
1285 1817 1353 1873 ordo
1367 1817 1509 1888 repetitus,
1525 1826 1553 1872 et
1566 1817 1685 1887 pertinet
1694 1817 1729 1873 ad

99 1917 154 1961 uun
170 1905 220 1973 illi,
233 1921 304 1978 quos
315 1908 422 1981 decepti
438 1910 506 1966 deos
521 1911 668 1981 putabatis,
684 1927 753 1982 quos
767 1912 890 1968 colentes
939 1912 1151 1969 exaultationem
1163 1908 1320 1967 ludaeorum
1334 1924 1543 1966 conversorum.
1566 1905 1644 1964 liuor
1658 1909 1732 1980 psal·

99 2000 203 2055 nullam
224 2016 319 2073 paoem
344 2002 444 2059 habore
468 2004 608 2074 poteratis.
625 2002 682 2074 Ego
708 2004 846 2058 exaltator
862 2004 890 2057 iu
940 2020 1016 2061 mum
1030 2003 1092 2060 ideo
1107 2002 1228 2060 Ecclesia
1239 2002 1268 2057 in
1281 2000 1432 2072 Epiphania
1446 1999 1556 2056 bomin
1569 1999 1652 2066 cauit,
1666 2000 1731 2071 quia

98 2093 229 2162 pentilus,
250 2093 302 2149 hoc
318 2102 370 2159 est,
389 2096 526 2151 adorabor
540 2095 613 2152 Deus
628 2097 663 2151 ab
677 2096 806 2153 erunibus
821 2110 889 2164 geu·
940 2108 1006 2153 tune
1022 2096 1125 2153 tlumeu
1143 2093 1272 2152 iordanis
1284 2093 1422 2151 ciuitatem
1436 2090 1485 2149 bei
1500 2090 1651 2151 Ecclesiam
1664 2093 1733 2151 tett-

99 2184 183 2241 tihus.
201 2183 237 2239 Et
260 2187 400 2243 exaltabor
417 2189 445 2243 iu
457 2198 539 2255 terra,
563 2190 613 2245 hoc
630 2196 672 2244 est
702 2189 845 2254 adorabor,
862 2187 889 2242 in
940 2188 1041 2244 licerit.

100 2350 284 2367 ³⁸¹¹-—
639 2333 1734 2379 M}

677 2538 941 2630 PSthIUS
974 2539 1145 2630 XLVI.

139 2890 235 2946 Outnee
263 2899 362 2960 pernes,
392 2887 512 2959 plaudite
541 2884 672 2952 nauriunt,
703 2896 756 2942 etc.
786 2884 929 2949 Titulusc
946 2886 1121 2944 ridenturde
1145 2885 1239 2954 losue,
1261 2889 1308 2961 qui
1324 2889 1395 2947 dlios
1417 2878 1500 2950 lsrael
1524 2893 1580 2950 Deo
1606 2897 1735 2967 plaudere

102 2983 201 3056 psalmi
217 2982 301 3054 hujus
315 2992 356 3039 est
372 2999 379 3036 ε
691 2972 694 2977 ’
944 2979 1062 3046 monuit,
1079 2980 1127 3052 qui
1138 2981 1178 3038 eis
1192 2984 1310 3054 populos
1326 2982 1453 3054 subiecit,
1469 2993 1496 3041 et
1510 2997 1603 3059 gentes
1617 2991 1670 3046 sub
1684 3008 1733 3064 pa·

104 3075 198 3146 (Vens.
209 3075 587 3145 l.)1urrseurnortenscoue
597 3087 797 3128 rsmuusuarm
807 3072 892 3144 (ll8).
944 3074 1026 3131 dibus
1037 3090 1132 3130 eorum
1149 3077 1254 3143 stravit,
1269 3076 1453 3138 haereditatem
1467 3077 1553 3138 Jacob
1567 3082 1733 3152 promissam

139 3169 196 3225 Hoc
219 3178 271 3236 est,
298 3169 350 3224 ista
373 3168 434 3223 laus
450 3165 497 3223 Dei
521 3167 630 3224 canitur
645 3168 680 3223 ab
698 3167 819 3225 Ecclesia
843 3184 894 3239 pro
944 3164 986 3221 eis
998 3166 1089 3238 elegit.
1103 3165 1137 3222 Et
1157 3166 1457 3240 signillcatChristum,
1473 3170 1520 3241 qui
1536 3173 1668 3243 apostolis
1686 3191 1736 3246 po·

106 3262 282 3319 credentibus
301 3261 330 3316 in
353 3258 532 3324 Crucilmnm,
557 3267 587 3314 ut
606 3259 672 3326 sint,
695 3259 746 3329 filil
761 3261 787 3315 ln
803 3261 894 3331 linem,
944 3261 1025 3329 pulos
1034 3258 1151 3329 subjecit
1168 3269 1195 3316 et
1207 3271 1302 3334 gentes
1324 3261 1439 3333 pedibus
1459 3277 1567 3328 eorum,
1582 3263 1733 3323 Ecclesiam

105 3355 131 3411 id
144 3364 186 3410 est
196 3351 308 3424 perlecti
321 3351 383 3422 filii.
394 3350 461 3407 Care
472 3351 573 3407 dieitur
585 3351 686 3417 aaluue,
700 3362 727 3407 et
739 3353 820 3408 rerba
831 3364 895 3410 sunt
945 3349 973 3404 in
990 3351 1173 3408 haereditatem
1188 3352 1278 3424 elegit.

105 3456 191 3501 tracta
205 3442 239 3498 de
253 3443 379 3510 historia,
400 3442 511 3513 arraudo
532 3440 624 3497 Eliseo
640 3442 804 3498 ascendente
817 3445 894 3514 pueri
982 3441 1165 3514 diapsalmus
1184 3453 1227 3500 est
1243 3444 1470 3516 quadragesimus
1484 3453 1588 3512 sextris,
1605 3457 1673 3518 quot
1686 3465 1735 3504 an·

104 3539 291 3594 clamaverunt
305 3554 312 3591 :
327 3535 442 3591 lacenae
459 3532 540 3601 calae,
556 3533 666 3588 ascende
678 3533 750 3589 ealec
761 3532 817 3605 (W
830 3533 893 3607 llep.
947 3533 990 3589 nis
1009 3533 1138 3603 ternplum
1160 3531 1340 3606 lerosotpmts
1355 3534 1518 3590 aedifreatum
1534 3545 1588 3602 est,
1602 3538 1666 3607 ouria
1684 3538 1735 3595 Ec-

107 3645 140 3695 n,
158 3629 261 3700 25),et
279 3627 405 3684 duoursi
429 3626 547 3682 desaltu
565 3626 894 3696 uenientesqnadrapiuta
947 3622 1029 3678 alesia
1055 3622 1237 3694 degentibus
1264 3641 1312 3694 per
1343 3626 1416 3680 littae
1442 3642 1586 3683 nutrieram
1620 3625 1737 3686 bertuino

105 3737 137 3777 ex
153 3721 194 3778 cis
208 3722 433 3778 dilaceraverunt.
448 3715 554 3773 [iliacus
568 3715 720 3781 Christum,
734 3718 809 3788 pueri
823 3717 897 3773 desi·
947 3713 1078 3783 templum
1094 3713 1220 3770 adttteat.
1246 3712 1431 3781 attoariarum
1457 3733 1576 3788 namque
1598 3721 1737 3789 pertinent

106 3824 191 3887 gnane
208 3811 328 3879 ludentis,
343 3813 389 3884 qut
410 3809 520 3866 cinisio
543 3809 571 3865 in
590 3824 700 3865 erucem
719 3809 746 3865 in
768 3807 895 3866 calearia
946 3803 981 3858 ad
995 3804 1182 3874 paenitentiam
1199 3805 1336 3876 pentinum
1353 3821 1403 3861 ser
1416 3821 1481 3861 uero
1496 3808 1530 3863 ad
1552 3809 1736 3879 evangelicam

106 3909 274 3965 aseendente
287 3904 386 3977 puerili
402 3920 485 3960 sensu
511 3902 722 3968 insultaverunt,
737 3910 764 3957 et
779 3900 896 3959 forsitan
946 3893 1151 3966 perfectionem·
1171 3894 1340 3966 Quadragies
1362 3911 1472 3969 quoque
1497 3899 1571 3955 senis
1586 3899 1628 3954 vel
1646 3902 1736 3959 sexies

108 4002 165 4058 hee
178 4001 273 4057 eadem
286 3998 367 4055 uerba
381 3996 538 4053 irridendo:
554 3994 681 4060 tacende,
698 3994 782 4062 calae,
794 3994 895 4051 clama·
945 3987 1129 4059 uttadtagcuis
1143 3985 1239 4043 (liebus
1256 3988 1387 4060 teutplum
1403 3991 1527 4062 corporis
1540 3989 1680 4057 ,Dominici
1707 3996 1737 4051 in

107 4105 217 4163 uerunt,
232 4093 279 4165 qui
300 4108 362 4148 eum
388 4091 415 4146 in
440 4105 549 4145 erucem
571 4089 739 4143 leuauerunt.
756 4087 896 4159 Legnntur
947 4088 1025 4135 utero
1039 4080 1152 4153 uirginis
1163 4081 1327 4148 edificatur,
1343 4082 1387 4137 cui
1401 4082 1522 4139 Ecclesia
1535 4083 1735 4157 incorporatur.

109 4195 198 4241 tamen
214 4183 337 4241 dixisse:
352 4182 401 4238 «Si
416 4179 501 4238 Filius
517 4179 565 4237 Dei
576 4197 617 4246 cs,
632 4180 768 4237 descende
779 4181 813 4236 de
828 4197 893 4236 eru·
982 4168 1031 4226 ¹¹5⁰
1046 4171 1168 4240 psalmus
1193 4171 1220 4225 5¹¹
1239 4171 1309 4226 <¹⁰²5
1323 4181 1415 4242 i)artes
1428 4188 1477 4244 W
1489 4172 1639 4244 dlssllsslmss
1659 4192 1737 4234 ⁸⁰0³·

108 4292 139 4332 ce
157 4276 265 4347 (llattlt.
290 4291 376 4341 sautu,
394 4273 472 4344 40).)
494 4269 626 4328 Sciebant
638 4272 712 4327 euim
732 4271 895 4344 crucifigen-
912 4255 934 4310 Ι)
949 4271 993 4317 tur
1007 4282 1013 4317 ε
1027 4265 1053 4317 in
1076 4279 1129 4318 uua
1144 4264 1264 4335 gentium
1280 4264 1314 4320 ad
1332 4264 1441 4322 laudem
1460 4265 1508 4322 Dei
1528 4267 1695 4337 adhortatio,
1710 4272 1738 4328 iu

109 4367 159 4424 uos
173 4368 326 4434 decalvare,
343 4366 417 4439 quod
437 4364 552 4422 forsitan
574 4374 601 4420 aa
625 4363 740 4421 homino
763 4365 893 4422 sepefane,
948 4355 1032 4411 altem
1046 4353 1147 4411 Christi
1169 4357 1293 4413 ascensio
1307 4359 1480 4428 praedieutur.
1495 4359 1613 4426 Quando
1629 4371 1737 4419 morttes

110 4455 169 4511 buo
180 4458 238 4513 ursi
250 4457 283 4513 de
296 4458 366 4513 saltu
379 4454 559 4526 quadraginta
574 4468 675 4524 pueros
686 4454 897 4520 devoraverunt,
948 4447 975 4501 iu
993 4463 1068 4504 utare
1080 4448 1174 4504 emissi
1192 4459 1266 4516 sunt,
1281 4464 1359 4521 aque
1373 4452 1458 4508 maris
1473 4454 1642 4510 conturbatae
1657 4466 1737 4524 snnt3

110 4549 174 4621 quia
188 4558 251 4620 post
262 4548 441 4620 quadraginta
455 4562 541 4601 annos
561 4545 616 4601 dito
634 4560 710 4615 reges
721 4543 798 4600 Titus
809 4553 836 4599 ει
845 4541 898 4599 Ve·
949 4539 1013 4609 quia
1026 4540 1135 4611 quaudo
1146 4542 1261 4613 apostoli
1273 4542 1299 4597 in
1311 4553 1405 4614 gentes
1416 4553 1560 4613 venerunt,
1574 4561 1622 4602 eas
1631 4547 1665 4602 ad
1677 4562 1739 4618 per·

111 4642 256 4713 spasiauus
267 4638 607 4713 degentilitatcludaicum
619 4637 747 4709 populum
760 4634 900 4707 pueriliter
950 4631 1132 4687 turbationem
1156 4633 1324 4703 poertitentire
1347 4644 1556 4705 pertraxerunt,
1583 4638 1630 4694 sed
1659 4654 1737 4711 autre

112 4736 263 4806 sapientem
277 4732 445 4789 occiderunt.
470 4729 523 4786 Sed
548 4740 576 4786 et
600 4730 738 4787 daemotres
762 4728 826 4783 saevi
842 4726 899 4782 ursi
949 4725 1096 4796 limpidatae
1114 4735 1175 4795 past
1189 4726 1303 4797 vestigia
1319 4742 1414 4782 eorum
1429 4727 1575 4785 [luxerunt.
1590 4730 1644 4801 Ipsi
1660 4747 1737 4787 nam-

111 4842 160 4883 eus
176 4827 384 4883 deroraterunt.
406 4822 509 4879 florum
534 4821 680 4894 participes
703 4828 768 4874 sunt
801 4833 899 4874 ontttes
949 4830 1003 4884 que
1017 4814 1054 4869 illi
1068 4816 1140 4871 serui
1164 4817 1284 4878 luerunt,
1306 4817 1353 4887 qui
1368 4817 1497 4875 inuitatos
1517 4820 1550 4874 ad
1566 4821 1738 4892 nuptiasro-

112 4919 159 4990 qui
181 4933 290 4974 crucem
303 4916 406 4973 Christi
430 4916 565 4972 irridenti
580 4913 628 4984 qui
654 4926 719 4966 uero
743 4911 899 4981 passionem
929 4915 933 4930 ⁸
950 4922 1013 4962 care
1024 4906 1100 4963 missi
1114 4918 1189 4973 sunt,
1204 4907 1313 4978 quando
1333 4925 1378 4964 rex
1401 4910 1511 4981 nuptias
1525 4911 1581 4968 lilio
1599 4928 1650 4968 suo
1661 4910 1736 4980 lecit,

112 5011 213 5068 Christi
228 5020 402 5078 uenerantur,
419 5009 448 5066 bi
469 5009 520 5079 filii
543 5007 619 5072 Care,
632 5005 659 5061 id
683 5012 725 5061 est
746 5003 797 5074 pttt
819 5002 899 5070 calui,
950 5005 1055 5061 seilicet
1066 5003 1138 5061 Deus
1151 5004 1232 5061 Pater
1243 5003 1514 5062 Christohumanam
1532 5016 1657 5063 naturam
1672 5020 1738 5062 cou-

113 5104 301 5159 uominantur.
949 5097 1051 5168 junxit.
1069 5097 1200 5155 Gentibus
1215 5113 1281 5172 ergo
1297 5099 1330 5155 ad
1344 5100 1501 5156 convivium
1514 5098 1680 5157 introductis
1694 5099 1736 5155 di-

148 5194 260 5250 llateria
275 5194 371 5266 psalmi
382 5204 425 5249 est
435 5192 592 5264 praedicatio
601 5189 901 5262 apostulorumgerttes
951 5198 1017 5244 eunt
1030 5190 1164 5260 apostoli:
1782 5255 1792 5266 “

113 5287 148 5342 ad
165 5285 332 5342 laudandum
353 5284 438 5340 Derim
452 5284 667 5339 exhortantium.
684 5281 801 5337 intentio
818 5280 900 5337 etiam
988 5279 1070 5337 Vens.
1083 5281 1111 5337 Ξ.
1129 5280 1224 5338 Omtter
1240 5292 1339 5353 pentes,
1357 5282 1476 5352 plaudite
1490 5281 1622 5339 manibus.
1635 5277 1738 5337 Simili·

114 5394 165 5434 nos
182 5377 285 5434 hortari
298 5378 332 5433 ad
346 5375 550 5448 intelligentiam
571 5376 751 5446 psalmorum,
768 5382 798 5429 ut
811 5372 900 5444 possi·
953 5377 1018 5432 tudo
1040 5375 1157 5431 trahitur
1168 5377 1203 5432 ab
1217 5377 1259 5433 his
1274 5378 1321 5448 qui
1332 5378 1403 5433 iuter
1413 5377 1508 5448 epulas
1523 5378 1650 5433 manibus
1661 5376 1738 5446 plau-

115 5485 177 5526 mus
188 5469 330 5542 peruenire
344 5468 377 5524 ad
399 5468 533 5537 promissa
553 5483 660 5522 eotttttt.
684 5465 773 5523 Verba
793 5475 901 5535 sumptu
952 5471 1021 5526 dtrut
1037 5481 1063 5527 et
1076 5470 1129 5527 taen
1145 5478 1257 5527 canunt.
1272 5469 1368 5528 Oumee
1381 5480 1468 5541 paules
1480 5471 1563 5525 totius
1577 5468 1662 5536 orbis,
1678 5482 1739 5541 que

151 5651 226 5724 (tta)
239 5648 352 5717 tatem
367 5647 468 5703 omittit
483 5647 575 5702 haara.

276 5746 411 5806 Parnoi.
436 5740 570 5804 exuttt.
1544 5731 1582 5792 50
