3817 6000
110 266 116 281 ‘
135 269 190 327 ¹¹19
598 270 753 334 eandem
772 274 860 355 etit,
872 274 952 336 tlte.
972 277 1002 334 S.
1028 274 1186 337 ttetuttts
1204 275 1319 339 estus.
1712 279 1773 337 180

134 383 332 444 lnbulxbnitur
346 386 546 460 quippcadltuc
558 387 658 458 deillo,
674 390 721 446 sed
735 390 791 461 iarn
805 390 833 444 in
847 390 924 451 illurn
939 397 964 455 ,t
977 391 1077 448 lectum
1105 407 1198 459 suunt,
1222 392 1273 448 scd
1292 400 1320 446 et
1346 390 1532 462 proximorum
1557 390 1766 448 aedificationem

133 479 249 536 mininie
270 481 427 538 eredebant.
452 480 654 537 Tantummodo
676 497 741 555 ergo
763 482 835 540 labia
849 482 923 541 eirca
975 494 1108 561 quaerant.
1130 483 1163 539 tu
1192 484 1338 555 aliquando
1360 485 1387 539 in
1410 485 1577 555 qttdrusdant
1602 486 1768 557 sentetipsos

134 570 301 642 deutesejus
316 572 593 643 remanseruntque
615 573 745 627 virtutem
758 572 838 627 bonae
858 588 924 647 npe—
974 578 1135 649 dijudicant,
1162 587 1192 634 ut
1218 578 1310 649 pigrus
1333 576 1472 637 auditores
1493 578 1527 633 ad
1548 577 1766 635 carusiderundos

134 662 249 721 milssssss
271 664 431 731 amiseram,
453 672 481 720 el
499 664 557 720 ⁵⁰¹³
579 664 613 720 de
627 664 673 720 iilo
694 662 923 727 confabulationis
975 666 1286 740 semetipsosrerccent.
1312 667 1466 738 Aliquando
1487 666 1559 721 buna
1581 682 1662 738 opera
1676 676 1767 722 usten-

133 756 215 812 rerba
228 756 391 813 retinebant.
403 756 583 813 Perdiderunt
595 771 718 811 morsum
732 754 922 826 correptionis,
974 761 1053 827 dunt,
1069 767 1099 814 ut
1117 768 1286 830 spectatores
1300 773 1396 814 eorum
1414 757 1579 813 erubescant
1593 774 1646 811 non
1661 756 1765 812 imitari

133 852 162 900 et
181 844 320 901 babebant
347 854 452 902 motuni
469 846 625 903 lucutionis.
651 844 735 901 bubia
755 845 848 916 itaque
863 853 924 900 tan-
974 851 1049 923 qnod
1063 851 1165 907 rident.
1186 851 1323 920 Scriptum
1339 863 1457 920 napique
1478 858 1520 904 est
1537 867 1545 905 ι
1562 848 1766 918 indeantopern

133 938 276 1002 turnntodo
304 938 378 994 cirea
403 939 499 995 dentes
524 939 619 994 relicta
641 947 715 1007 sunt,
745 939 809 1010 quia
834 936 924 993 adbuc
975 948 1060 994 nestra
1073 938 1150 1005 bonu,
1160 947 1186 994 et
1195 939 1341 1011 glorificent
1353 937 1550 1013 Putrem235
1562 939 1767 1011 uestramqniirt

134 1029 244 1098 quidem
268 1027 439 1085 cerriabulari
465 1039 608 1095 noverant,
626 1029 674 1085 scd
703 1029 851 1099 praedicare
865 1028 924 1101 [ιιι
975 1031 1046 1093 ecelis
1057 1040 1095 1086 est
1107 1030 1216 1103 (botru.
1231 1029 1324 1102 r,l6).
1339 1029 1391 1097 Qui
1404 1030 1670 1101 igiturintentionern
1684 1046 1770 1090 suani

132 1136 207 1187 eutn,
220 1129 268 1176 aut
283 1119 409 1176 mordere
420 1120 570 1177 infidelium
586 1121 653 1177 titia
669 1119 861 1176 iurrnidabant.
974 1140 1024 1200 per
1037 1139 1120 1194 opera
1143 1122 1274 1188 insinuat,
1290 1123 1409 1176 animant
1423 1135 1501 1180 suern
1516 1121 1544 1181 in
1555 1120 1771 1196 inanibuspurff

170 1211 246 1286 teto)
262 1211 390 1268 beatium
405 1212 525 1281 nurnine,
539 1213 701 1285 generaliter
716 1213 805 1268 sancti
826 1211 924 1283 praedi-
975 1222 1024 1277 tat.
1049 1213 1113 1281 Sed,
1129 1229 1191 1270 cunt
1203 1213 1295 1283 justus
1320 1212 1437 1283 quisque
1456 1227 1507 1267 nec
1528 1227 1558 1269 se
1577 1211 1765 1282 dijudicando,

133 1310 239 1360 catores
255 1304 441 1377 designantur,
462 1305 534 1361 sicut
548 1312 650 1360 sanctae
670 1303 799 1361 Ecclesiae
822 1319 925 1375 sparsa
975 1322 1026 1363 nec
1048 1305 1120 1365 bona
1143 1319 1225 1381 opera
1248 1292 1417 1358 ostendendo
1439 1302 1550 1358 utilitati
1573 1301 1766 1373 proximorum

133 1393 360 1465 deipsisdicitur:
369 1395 463 1450 Denter
477 1396 516 1449 tui
527 1395 598 1465 sicut
607 1411 696 1466 greges
708 1405 854 1462 tonsorem,
865 1410 925 1465 qaut
975 1397 1093 1467 proiicit,
1115 1411 1164 1467 per
1179 1396 1232 1450 boe
1250 1395 1323 1467 quod
1339 1394 1434 1466 egerit,
1448 1395 1482 1449 ad
1504 1394 1587 1449 verba
1601 1393 1706 1450 doloris
1721 1409 1767 1451 re-

135 1486 310 1544 ttteendenrnt
328 1487 361 1542 de
385 1486 492 1541 lauacro
522 1484 612 1556 (Cant.
639 1501 677 1547 tv.
696 1485 736 1557 b).
759 1484 830 1553 Quid
851 1485 924 1542 enirn
975 1488 1024 1544 dit.
1040 1485 1120 1543 Unde
1130 1496 1204 1543 recte
1219 1502 1292 1543 nunc
1312 1486 1431 1542 dicitur:
1450 1485 1539 1551 Quare
1563 1487 1650 1541 lacero
1671 1501 1768 1545 comet

132 1577 228 1633 dentes
244 1576 384 1644 Ecclesice,
401 1577 456 1633 nisi
481 1576 672 1646 nundinatores
694 1585 805 1633 sanctos
826 1577 925 1654 accipi·
975 1596 1047 1635 ureae
1060 1579 1182 1634 dentibus
1197 1579 1274 1646 meis,
1291 1586 1358 1645 etc,
1371 1578 1450 1633 idest
1463 1594 1514 1634 cur
1528 1592 1571 1632 nte
1585 1577 1631 1638 rei.
1644 1576 1773 1637 districte

133 1682 206 1734 xnus,
218 1666 265 1737 qui
277 1667 517 1737 praedicationibus
533 1668 591 1723 suis
610 1666 782 1738 peccatttiuut
794 1667 924 1728 duritiam
977 1685 1070 1732 coram
1095 1670 1252 1731 huminibus
1275 1669 1406 1741 dijudico,
1436 1669 1479 1725 tei
1498 1669 1563 1740 quid
1587 1679 1711 1740 appetam
1736 1668 1772 1730 in,

132 1758 297 1814 coeterum?
312 1757 364 1826 Qui
377 1773 432 1814 non
451 1758 588 1814 immerito
601 1758 725 1816 detunsis
741 1773 774 1815 ac
790 1759 924 1815 lotisori-
940 1746 1105 1839 [inperitus
1121 1762 1246 1829 ostendo,
1260 1762 1284 1818 si
1297 1761 1408 1817 utilitati
1419 1760 1609 1832 proximorum
1629 1760 1772 1819 neumata
1840 1756 1844 1769 '

132 1848 186 1906 bus
198 1860 402 1921 comparantur,
414 1850 480 1922 quia
490 1850 638 1905 innocuam
647 1850 731 1908 vitam
746 1858 886 1913 sumentes
895 1851 924 1913 iu

133 1940 244 1998 lavaero
257 1941 439 2013 baptismatis,
459 1942 677 2004 conversationis
691 1943 812 2021 pristinae
825 1943 923 2000 vellera

133 2038 240 2088 vetusta
256 2040 420 2105 posuerunt.

168 2122 251 2195 2³AE
264 2121 351 2194 (110)
364 2122 490 2179 Dentiunt
505 2123 617 2180 nomine
627 2124 727 2181 interni
740 2139 839 2182 sensus
852 2126 926 2183 desl-

131 2224 259 2287 gnutttur,
285 2214 358 2271 sieut
370 2230 420 2286 per
441 2215 553 2272 beatum
568 2216 621 2273 lob
634 2217 735 2273 dicitur
751 2234 759 2272 ι
776 2216 865 2282 Quare
880 2218 922 2273 ie·

132 2322 192 2362 cero
219 2322 311 2362 carnes
333 2323 405 2362 meua
427 2307 548 2364 dentibus
567 2312 632 2364 meis
656 2317 681 2364 et
699 2310 818 2363 quintum
837 2325 923 2363 meam

131 2409 208 2471 porto
230 2401 259 2455 in
278 2403 400 2457 monibus
422 2404 509 2458 nnis?
520 2402 592 2475 (lob.
606 2404 680 2476 ιιιιι.)
697 2404 748 2460 Per
759 2405 855 2461 dentes
867 2416 924 2461 ete·

132 2491 188 2547 niun
204 2492 283 2548 cibus
296 2491 441 2565 frangitur,
461 2505 492 2551 ut
512 2495 653 2567 glutiatur.
668 2495 746 2553 Unde
760 2512 814 2553 non
830 2498 924 2553 innc-

130 2583 186 2645 ritc
209 2582 239 2648 in
262 2584 391 2643 dentibus
419 2586 541 2643 internos
572 2599 669 2647 sensus
686 2589 846 2659 accipimus,
875 2588 923 2659 qui

132 2675 331 2748 singulaque
354 2677 485 2748 rogitant,
509 2680 592 2751 quasi
612 2680 746 2736 mandunt
767 2688 794 2736 et
810 2680 926 2736 connii-

133 2774 234 2836 nuunt,
255 2776 338 2839 atquc
358 2770 393 2824 ad
420 2779 542 2826 uentrem
563 2773 701 2827 ntemoriae
726 2772 923 2828 transmittunt.

134 2858 177 2916 [ie-
197 2860 299 2931 quibus
335 2861 468 2932 propheta
504 2861 637 2924 ieremias
663 2864 787 2934 queritur
809 2864 922 2920 dicens:

138 2951 236 3023 Fregit·
253 2953 289 3008 ud
312 2968 450 3008 rtonterunt
469 2953 557 3009 dentes
584 2971 654 3010 meos
676 2938 788 3028 (Tium
805 2972 851 3025 ιιι,
867 2956 923 3030 16).

975 1853 1163 1927 dijudicando,
1175 1868 1226 1910 nec
1241 1853 1316 1913 bona
1325 1852 1492 1913 ostendendo
1502 1851 1631 1928 proliciol

1011 1945 1086 2019 (sti)
1101 1945 1231 2001 bentiunt
1245 1946 1355 2001 nomine
1368 1944 1454 2016 aperti
1469 1952 1656 2015 persecutores
1674 1943 1766 2001 bonu·

975 2054 1036 2099 runt
1060 2038 1248 2109 designantur,
1272 2037 1344 2093 sicut
1364 2052 1414 2108 per
1434 2037 1544 2093 beatum
1561 2035 1621 2107 'iub
1643 2036 1743 2101 diditur
1756 2053 1771 2091 t*

975 2127 1088 2202 Collegit
1109 2129 1226 2198 [urorum
1249 2142 1326 2185 sunm
1345 2126 1373 2180 in
1393 2142 1448 2194 nte,
1465 2135 1491 2181 et
1514 2125 1677 2181 comminans
1698 2124 1771 2183 miii*

975 2221 1114 2290 infremuit
1127 2228 1220 2276 eorrtru
1233 2235 1273 2272 rne
1284 2217 1406 2277 (teretibus
1419 2233 1431 2275 a
1446 2217 1530 2277 bostis
1543 2233 1616 2274 meus
1639 2213 1769 2273 terribili-⁸

976 2312 1023 2368 bus
1038 2312 1121 2367 oeulis
1136 2328 1176 2366 ute
1189 2311 1303 2371 bituitus
1323 2319 1362 2369 est
1376 2307 1436 2381 (tou
1453 2325 1509 2376 ιιι,
1531 2308 1586 2378 tut.
1603 2307 1674 2375 Quid
1692 2307 1767 2369 aliud

976 2422 1072 2464 ontnes
1096 2405 1195 2476 iniqui,
1220 2419 1303 2475 quarn
1328 2403 1451 2459 ntentbra
1478 2409 1543 2459 sunt
1566 2401 1688 2457 diaboli?
1707 2399 1767 2471 lpse
1834 2392 1839 2403 '

975 2500 1068 2571 itaque
1090 2514 1139 2569 per
1155 2513 1203 2553 eus
1217 2496 1274 2568 agit
1287 2495 1418 2567 quidquid
1435 2496 1461 2549 in
1477 2510 1572 2551 eorum
1590 2493 1721 2551 cordibus
1736 2500 1770 2548 ut

976 2607 1057 2665 agere
1066 2590 1184 2646 debcant
1197 2589 1330 2645 intutittit.
1346 2587 1433 2644 Habet
1447 2597 1538 2644 autent
1553 2602 1627 2642 nunc
1639 2586 1766 2642 diabolus

976 2691 1072 2738 eontra
1088 2678 1240 2737 Ecclesiam
1256 2677 1391 2745 iurarem,
1405 2678 1452 2734 sed
1469 2692 1583 2749 sparsus
1605 2676 1666 2747 ejus
1689 2674 1767 2733 iurut

976 2783 1029 2841 est,
1047 2773 1112 2846 quia
1125 2772 1249 2830 occutus
1262 2774 1427 2828 tentationes
1447 2785 1496 2842 per
1516 2767 1640 2840 singulos
1662 2775 1764 2827 uxorei.

975 2867 1045 2925 cnm
1058 2881 1124 2922 vero
1147 2874 1242 2924 eontra
1256 2879 1317 2924 cam
1341 2863 1370 2919 in
1387 2871 1480 2934 aperta
1493 2861 1682 2933 persecutione
1697 2873 1771 2930 pro·-

976 2958 1091 3033 rumpit,
1106 2956 1230 3017 luroretu
1243 2970 1323 3014 suum
1337 2954 1365 3011 in
1379 2969 1438 3011 earn
1450 2952 1565 3024 colligit,
1578 2951 1644 3024 quia
1657 2951 1684 3006 in
1696 2950 1766 3007 abii·

134 3045 235 3103 tientes
250 3062 367 3117 namque
382 3046 419 3103 ad
431 3062 574 3103 numerum
586 3046 759 3120 franguntur,
773 3050 836 3122 quia
847 3050 924 3120 juxta
938 3087 960 3145 C
976 3053 1068 3112 ctione
1082 3051 1157 3109 illius
1172 3060 1229 3107 tota
1241 3065 1271 3107 se
1293 3047 1444 3104 intentione
1455 3043 1629 3115 constringit.
1644 3042 1766 3099 blembra

133 3154 292 3195 rnertsurani
306 3139 526 3210 uniuscuiusque
542 3142 657 3210 peccati,
679 3141 860 3213 intelligentiae
872 3159 926 3205 cre·
976 3151 1067 3206 autent
1092 3141 1153 3212 ejus
1167 3142 1220 3197 hoc
1240 3140 1318 3212 pacis
1338 3147 1460 3209 ternpore
1474 3138 1576 3195 idcirco
1592 3145 1687 3194 eontra
1707 3136 1764 3190 ele·

134 3230 207 3286 eitas·
228 3240 376 3302 generatur
403 3230 430 3285 in
460 3232 600 3300 sensibus,
621 3240 649 3287 et
674 3233 824 3288 secundans
851 3236 925 3312 quod
976 3244 1035 3295 ctus
1048 3234 1194 3294 collectum
1208 3231 1330 3290 lurorcrn
1345 3245 1401 3286 non
1420 3231 1531 3296 babent,
1548 3230 1613 3302 quia
1632 3226 1765 3287 malitiam

134 3324 253 3394 quisque
277 3325 332 3396 egit
355 3324 486 3390 exterius,
514 3326 543 3381 in
566 3340 600 3380 eu
622 3326 789 3396 obstupescit
804 3327 876 3396 quod
890 3326 925 3381 de
976 3343 1055 3384 suam
1070 3328 1162 3382 minus
1176 3341 1206 3381 se
1229 3325 1351 3381 sentiunt
1374 3339 1455 3394 posse
1470 3323 1592 3394 implere,
1617 3336 1700 3393 quant
1717 3333 1766 3380 roe

134 3415 249 3472 internis
263 3425 346 3487 atque
356 3416 539 3474 invisibilibus
559 3417 710 3488 intelligere
733 3419 832 3488 potuit.
846 3415 925 3473 linde
975 3421 1045 3476 lunt.
1061 3417 1131 3475 Cura
1143 3432 1209 3473 reru
1224 3417 1276 3476 sibi
1297 3424 1441 3492 suppetere
1459 3414 1596 3472 licentiam
1607 3410 1764 3482 -praritatis

133 3519 161 3564 et
178 3520 251 3565 recte
273 3511 405 3581 seriptum
428 3520 471 3568 est
486 3530 493 3566 :
510 3510 603 3574 Omnis
627 3511 704 3572 bomo
717 3512 763 3581 qni
783 3512 923 3575 eurrrederit
976 3509 1142 3584 aspexerint,
1159 3517 1234 3563 tanto
1248 3507 1320 3567 lianc
1334 3505 1465 3566 audacius
1484 3502 1602 3570 leniunt,
1617 3509 1720 3574 quantu
1736 3508 1765 3556 et

132 3616 211 3656 unam
245 3603 376 3670 acerbant,
406 3603 585 3673 obstupescent
610 3602 699 3658 derttes
723 3603 797 3658 illins
834 3602 923 3674 (Hier.
975 3608 1072 3656 eontra
1095 3598 1171 3653 illatn
1196 3612 1231 3652 ex
1252 3595 1432 3655 unanimitate
1455 3593 1651 3666 glomerantur.
1679 3589 1765 3650 liet-te

133 3710 210 3762 xxxt,
232 3694 289 3766 19).
316 3694 387 3763 Quid
411 3705 500 3755 autent
524 3712 577 3754 ura
590 3696 690 3751 acerba
708 3696 761 3750 nisi
782 3707 923 3767 peceatum
975 3691 1067 3759 itaque
1081 3703 1154 3744 nune
1173 3687 1295 3743 dieitur:
1312 3684 1425 3756 Collegit
1439 3684 1555 3755 [urerent
1570 3699 1648 3740 auum
1671 3682 1698 3740 in
1712 3696 1767 3744 me,

133 3785 192 3840 est?
209 3782 268 3841 ilva
293 3785 397 3856 quippe
415 3787 514 3842 acerba
538 3794 581 3842 est
595 3784 701 3840 iructus
719 3794 782 3840 ante
805 3793 922 3855 ternpus.
975 3780 1062 3851 Cujus
1082 3777 1172 3834 adhuc
1195 3775 1282 3844 furor,
1304 3783 1335 3831 ut
1356 3775 1440 3830 latius
1457 3780 1620 3845 exponatur,
1642 3770 1767 3828 dicitur:

133 3873 265 3946 Quisquis
279 3884 370 3932 autem
395 3876 537 3947 praesentis
560 3877 622 3933 uitae
636 3876 864 3932 delectationibus
878 3891 924 3932 sa·
976 3868 1010 3924 Et
1022 3868 1186 3922 comminans
1202 3866 1267 3919 milri
1278 3865 1386 3936 [remitit
1402 3873 1495 3918 contre
1509 3879 1550 3918 nae
1561 3859 1683 3915 dentibus
1694 3860 1762 3920 sais,

133 3968 197 4024 tiari
210 3968 356 4038 desiderat,
374 3980 437 4027 ante
453 3979 560 4043 tempus
571 3972 716 4043 consedere
736 3969 857 4028 festinat.
871 3970 923 4037 Qui
974 3960 1014 4017 De
1027 3976 1082 4031 (11¹0
1097 3966 1124 4014 θῑ
1137 3957 1264 4015 subditur
1277 3976 1284 4011 τ
1298 3956 1392 4012 Hostis
1405 3973 1477 4011 meet
1495 3951 1659 4010 terribilini
1679 3950 1762 4014 vettii!

135 4063 312 4135 igiturttvant
328 4065 455 4128 acerbam
475 4065 605 4130 comedit,
630 4063 726 4119 dentes
742 4062 802 4133 ejus
827 4063 924 4118 ubstu-
975 4068 1015 4107 me
1028 4051 1140 4104 11111113
1154 4058 1203 4103 “l·
1220 4047 1268 4104 ¹¹¹0
1280 4048 1379 4118 quippe
1396 4047 1525 4116 antiquus
1537 4043 1624 4101 110δῦ8
1635 4042 1764 4106 Ecclesiae

134 4161 261 4221 pessunt,
283 4153 359 4224 quia,
384 4153 432 4224 qui
456 4153 599 4228 praesentis
620 4151 716 4214 mundi
745 4144 924 4212 delectatione
975 4148 1072 4199 contra
1091 4141 1162 4197 itanc
1177 4140 1306 4195 dentibus
1325 4138 1447 4206 frenauit,
1463 4152 1579 4208 eamque
1595 4135 1765 4200 terribilibus

134 4241 267 4312 pascitur,
281 4242 382 4296 interni
396 4242 457 4311 ejus
472 4256 570 4297 sensus
585 4241 719 4313 ligantur,
731 4242 827 4311 etjatn
842 4242 924 4321 spiri,
974 4234 1062 4293 oculis
1085 4234 1217 4297 intuetur,
1242 4231 1307 4303 quia
1330 4245 1380 4302 per
1403 4230 1473 4288 nlius
1493 4228 1615 4286 crudelia
1638 4234 1763 4296 exercet,

134 4330 220 4386 tuella
244 4330 386 4398 mandere,
411 4331 439 4386 id
460 4340 503 4386 est
523 4331 672 4403 intelligere
689 4342 836 4402 nequeant,
858 4332 923 4403 quia
974 4335 1001 4382 et
1013 4340 1062 4402 per
1072 4326 1142 4384 alius
1153 4339 1216 4398 quae
1228 4330 1364 4389 exerceat,
1380 4321 1517 4393 providet.
1533 4319 1633 4376 Dentes
1645 4333 1764 4390 nemque

134 4421 209 4477 unde
219 4421 246 4476 in
259 4421 442 4479 exterioribus
458 4421 582 4478 delectati
598 4430 672 4490 sunt,
696 4422 757 4479 inde
777 4422 803 4477 in
819 4423 923 4487 intimis
939 4438 961 4491 p
976 4418 1059 4492 bujus
1072 4415 1159 4474 hostis
1173 4424 1238 4472 sunt
1251 4416 1385 4470 bunnruut
1399 4421 1589 4485 persecutores
1604 4421 1687 4482 atque
1703 4426 1764 4466 car·

135 4497 342 4586 obstupescunt.
357 4515 401 4583 lit,
412 4515 478 4570 dutn
491 4525 602 4587 peceato
617 4516 708 4572 anima
725 4516 856 4587 pascitur,
873 4533 924 4589 pa·
975 4508 1079 4573 cilices,
1093 4508 1140 4578 qui
1155 4506 1215 4577 ejus
1229 4506 1352 4562 nicrnbra
1366 4504 1486 4571 leniant,¹
1496 4504 1562 4560 dunt
1573 4503 1674 4562 electos
1690 4502 1763 4567 illius

135 4622 198 4662 nern
213 4606 327 4678 iustitiae
337 4607 418 4662 edere
430 4623 485 4662 uon
506 4608 588 4676 vaiet,
603 4609 669 4679 quia
690 4608 766 4679 ligati
780 4609 875 4666 dentes
889 4625 927 4684 ex,
975 4601 1033 4662 suis
1056 4599 1293 4672 persecutionibus
1324 4597 1456 4668 affligunt.
1484 4593 1562 4658 Oculi
1592 4611 1658 4651 vere
1681 4595 1762 4665 itttjtts

134 4698 241 4769 peceati
275 4697 484 4763 consuetudine,
511 4698 617 4767 justum
644 4699 717 4774 quod
745 4699 820 4754 intus
842 4699 922 4770 sapit,
974 4698 1069 4756 hostes
1093 4705 1168 4764 suut,
1193 4694 1240 4766 qui
1255 4703 1350 4751 eontra
1373 4708 1434 4747 earn
1454 4692 1598 4762 provident
1615 4691 1685 4747 mala
1702 4705 1764 4760 quac

134 4787 219 4844 edere
245 4803 418 4860 nequaquam
453 4797 579 4860 possunt.
606 4787 696 4854 Quare
720 4789 807 4845 lacero
831 4807 922 4846 carries
975 4788 1088 4856 iaciant,
1110 4788 1223 4859 suisque
1241 4786 1365 4850 consiliis
1379 4795 1585 4858 gerseeutorum
1609 4784 1669 4853 ejus
1682 4781 1765 4863 236

134 4893 208 4933 nnus
227 4877 348 4933 dentibus
366 4879 440 4933 mein
454 4877 494 4934 dc
515 4877 538 4933 si
556 4887 679 4949 patenter
695 4878 769 4936 dieat
780 4895 787 4931 ε
799 4877 868 4935 dunt
881 4878 924 4934 in·
975 4880 1149 4942 crudelitates
1164 4878 1345 4940 inflammant.
1360 4878 1498 4948 antiquus
1511 4890 1577 4947 ergo
1591 4873 1652 4944 ejus
1664 4873 1762 4928 adver-

135 4969 222 5026 tcrnis
232 4969 360 5027 sensibus
373 4969 505 5037 carnalia,
520 4968 544 5027 si
559 4984 615 5041 qua
628 4968 731 5028 fuerint
745 4969 772 5025 in
785 4985 830 5026 mc
840 4968 922 5038 iacta,
975 4973 1065 5030 sarius
1085 4971 1178 5028 fremit
1198 4980 1371 5030 contraeunt
1393 4970 1525 5028 dentibus.
1544 4965 1613 5033 suis,
1636 4966 1702 5021 dunt
1716 4981 1763 5036 per

135 5061 263 5130 discutio,
280 5061 304 5118 si
329 5062 398 5118 tucis
419 5062 621 5134 spectatoribus
634 5061 765 5133 prodesse
792 5077 847 5118 non
862 5077 925 5133 pos-
974 5065 1097 5122 orudeles
1117 5063 1250 5140 reprobus
1262 5063 1290 5118 in
1305 5078 1337 5122 ca
1350 5060 1504 5132 insequitur
1516 5059 1598 5114 ritntn
1614 5058 1760 5118 bonorum.

136 5154 222 5210 sumi
246 5150 316 5209 Vere
341 5162 369 5209 et
388 5162 451 5226 apte
475 5152 620 5212 subditur:
637 5151 673 5208 Et
697 5153 815 5208 animum
837 5170 923 5208 meum
974 5157 1098 5215 intuetur
1116 5158 1188 5215 bane
1211 5155 1379 5212 terribilibus
1402 5151 1500 5218 oculis,
1525 5152 1592 5222 quia
1615 5165 1761 5222 prurururu

134 5254 212 5324 porte
226 5245 254 5299 in
266 5244 387 5299 munibus
402 5246 476 5300 meir.
491 5229 617 5302 dniruarn
633 5244 661 5300 ln
674 5244 802 5302 manibus
815 5253 924 5315 portare
974 5247 1097 5306 consiliis
1112 5260 1166 5302 nun
1178 5254 1268 5301 cessat
1279 5243 1350 5302 mala
1361 5240 1559 5314 exquirereiu
1572 5235 1675 5313 quibus
1691 5241 1761 5308 banc

136 5345 180 5391 est
206 5335 383 5393 intentionem
411 5336 502 5393 cordis
526 5338 554 5392 in
581 5337 739 5407 operatione
770 5337 921 5393 ostendere.
974 5355 1081 5410 semper
1093 5338 1213 5394 deterius
1225 5334 1337 5405 affligat.

136 5423 243 5483 liabent
260 5443 379 5499 namque
397 5428 465 5497 iusti
490 5429 542 5484 boc
566 5428 719 5499 proprium,
735 5436 765 5483 ut
786 5444 923 5498 perornuc
1011 5430 1097 5501 (171)
1109 5429 1236 5490 [lentium
1263 5428 1375 5482 numine
1393 5441 1485 5496 prarae
1507 5424 1694 5498 suggestiones
1714 5422 1761 5477 de

138 5518 212 5589 quod
225 5518 330 5587 dicunt,
345 5529 394 5576 aut
402 5535 484 5576 omne
494 5520 567 5590 quod
581 5529 676 5592 agunt,
691 5536 746 5577 nou
758 5520 847 5578 solunt
859 5535 924 5591 pru·
974 5524 1128 5595 signantur,
1146 5521 1218 5577 sicut
1231 5535 1280 5591 per
1292 5517 1403 5588 Eliplxas
1418 5518 1535 5574 haretici
1551 5518 1698 5593 gloriantes
1719 5513 1763 5575 di-

1010 5635 1084 5704 (tit)
1103 5632 1143 5688 Ex
1157 5633 1205 5689 lib.
1223 5648 1272 5686 xur
1289 5631 1315 5686 in
1328 5629 1394 5699 iob,
1405 5648 1429 5688 c.
1445 5649 1472 5703 v,
1484 5632 1512 5688 6.

173 5628 249 5698 (170)
263 5630 304 5687 Ex
322 5631 341 5687 l.
358 5649 377 5688 ιι
394 5634 421 5688 in
435 5631 497 5699 iub,
512 5649 537 5689 c.
548 5651 594 5704 xv,
609 5651 685 5693 xrtrr.

1009 5702 1095 5776 (171)
1114 5703 1174 5759 tiu.
1192 5718 1235 5772 ιιι,
1249 5719 1273 5757 c.
1289 5717 1368 5765 xt'tu,

173 5697 261 5781 (270)
274 5700 313 5767 Ex
323 5702 383 5776 lib,
396 5713 448 5760 etc.
462 5719 542 5774 super
