3817 6000
240 227 387 285 1029

850 220 1414 280 COMMENTARtmt
1456 222 1522 278 {N
1562 221 1904 280 psalmos,
1946 254 2016 265 —
2052 221 2234 280 PARS
2273 223 2336 280 tt.
2378 253 2451 266 --
2487 224 2687 282 PSAL.
2731 225 2876 287 xx1.

3376 233 3520 290 ¹010

222 362 366 409 mea,
409 342 576 407 Deus,
630 342 865 396 animam
911 356 1115 407 meant,
1163 347 1226 394 ut
1267 339 1357 396 die
1410 340 1570 396 tertia
1616 354 1819 411 corpus
1845 345 1896 406 Α
1925 355 2064 394 neom
2094 357 2285 408 memn,
2303 352 2353 397 et
2373 342 2439 398 de
2457 359 2621 398 manu
2637 344 2788 398 conis
2816 343 3295 401 haeretieiunicom
3312 363 3516 406 meam.

225 449 414 490 meum
461 433 567 488 liae
613 431 820 487 framea
860 429 1527 501 mortificatumyecipiat
1578 429 1819 485 animam

220 542 428 584 meam.
476 525 729 580 Animam
758 540 931 579 nicom
958 531 1013 579 et
1061 524 1276 579 animas
1304 536 1553 578 meorum
1585 537 1709 577 erue
1752 521 1824 577 ab

220 618 329 677 hac
354 620 583 690 stannea,
609 632 733 689 quae
781 615 1069 682 suscitata,
1103 615 1157 671 id
1179 623 1265 671 est
1291 614 1562 686 permissa
1586 622 1670 670 est
1691 628 1722 669 a
1748 623 1818 682 te,
1858 680 1867 683 Δ

220 712 394 781 Βοιιε,
428 711 497 768 ad
529 710 825 768 occidenda
857 724 1106 780 corpora.

299 805 371 862 Et
410 807 478 860 de
520 821 683 859 manu
716 803 863 858 carris
905 802 1119 856 unicum
1150 817 1343 857 meam.
1383 799 1647 858 Judaicus
1671 801 1819 857 enim

222 899 463 971 populus
494 903 683 953 contra
708 910 796 951 me
821 895 1031 951 latrans
1053 893 1201 949 canis
1250 901 1335 950 est
1360 893 1575 950 ratione
1599 908 1814 961 carenS,

218 998 280 1048 et
299 990 421 1047 sine
462 987 794 1044 discretione
821 985 1121 1059 ganniens:
1147 984 1233 1040 vel
1256 984 1421 1041 etiam
1455 982 1665 1041 Pilatus
1687 1000 1819 1054 gen-

216 1082 357 1150 tilis,
390 1089 484 1137 aut
513 1079 757 1135 Herodes
785 1078 1091 1150 alienigena
1121 1076 1269 1131 canis
1292 1084 1401 1142 est,
1433 1075 1487 1130 in
1515 1074 1678 1148 cujus
1701 1092 1818 1133 ma-

215 1190 356 1231 num
385 1182 442 1229 et
482 1179 807 1245 potestatem
854 1170 937 1227 sic
979 1169 1143 1226 datus
1172 1185 1317 1237 sum,
1364 1178 1425 1225 ut
1460 1169 1641 1226 dicere
1671 1185 1816 1242 prae-

216 1266 522 1339 snmpserit
573 1265 691 1337 ipse
730 1263 980 1321 Pilatus:
1018 1281 1039 1317 ι
1074 1260 1267 1320 Nescis
1309 1262 1438 1334 quia
1485 1271 1815 1334 potestatem

213 1358 400 1416 liabeo
429 1357 709 1414 dimittere
740 1364 811 1425 te,
842 1363 899 1412 et
916 1363 1250 1426 potestatem
1290 1354 1465 1414 habeo
1494 1355 1814 1426 cruciligere

212 1451 319 1508 te?
353 1469 372 1504 ι
399 1449 504 1507 Cui
542 1449 694 1506 dixi:
755 1467 774 1503 ι
803 1446 924 1503 Νοιι
955 1447 1187 1503 haberes
1239 1445 1295 1503 in
1345 1462 1432 1504 me
1461 1456 1808 1518 potestatem,

213 1543 326 1601 nisi
353 1543 590 1615 desuper
610 1541 707 1599 tibi
745 1540 934 1598 datum
960 1538 1157 1596 fuisset
1191 1539 1622 1615 (soan.xrx,10‚
1659 1539 1803 1611 ¹¹)·’

214 1637 303 1695 Tu
343 1653 498 1710 ergo,
544 1637 690 1694 Deus
709 1635 890 1707 Pater,
913 1636 1009 1708 qui
1037 1651 1127 1694 me
1149 1635 1346 1692 dedisti
1377 1634 1431 1691 in
1471 1649 1695 1690 manum
1719 1641 1807 1689 ta-

1926 448 1996 486 ne
2021 440 2116 487 3ιιι
2159 448 2256 503 per
2303 442 2576 491 tormenta
2622 435 2927 506 spiritualis
2971 438 3126 510 vigor
3174 438 3229 495 in
3271 438 3518 502 Ecclesia

1925 521 2162 592 deliciat,
2207 533 2304 580 aut
2330 541 2428 596 per
2457 538 2637 583 sectas
2684 527 2802 599 ipsa
2847 527 3092 587 Ecclesia
3130 531 3364 591 discissa
3406 550 3517 594 una

1923 622 1979 673 e't
2008 617 2167 674 unica
2195 634 2321 676 esse
2350 618 2601 678 desistat.

1996 706 2277 766 Vensffl.
2312 708 2476 766 Solva
2514 729 2596 768 me
2623 730 2689 769 ea:
2717 731 2809 771 ore
2850 715 3038 785 leonis,
3083 727 3134 774 et
3179 736 3212 773 a
3258 720 3508 778 cornibus

1925 802 2262 856 unicornium
2287 802 2646 860 humilitatem
2674 824 2866 864 meam.
2895 807 3059 866 Venit
3083 810 3231 866 enim
3261 812 3515 885 princeps

1924 897 2116 953 mundi
2143 897 2308 969 bujus
2339 899 2499 970 quasi
2526 900 2612 957 leo
2654 901 2722 958 ad
2760 918 2849 958 me
2900 902 3302 975 devorandum,
3352 909 3511 979 quasi

1924 987 2224 1046 Leviatban
2253 991 2324 1047 ad
2353 1006 2442 1049 me
2476 992 2888 1065 deglutiendum
2914 1006 3139 1067 propter
3170 997 3354 1055 carnis
3378 999 3514 1055 edu-

1919 1080 2079 1147 lium,
2117 1082 2221 1139 sul)
2250 1098 2362 1154 quo
2416 1086 2592 1141 nescit
2627 1085 2835 1143 serrum
2885 1088 3002 1145 sive
3029 1089 3282 1146 aculeum
3319 1090 3515 1147 divini-

1925 1174 2055 1231 tatis
2084 1175 2475 1233 absconditum
2500 1179 2569 1235 ad
2596 1179 2938 1238 illudendum
2984 1181 3056 1238 ei.
3098 1181 3174 1240 De
3206 1198 3296 1238 ore
3321 1183 3509 1256 itaque

1916 1265 2093 1338 ipsius
2120 1267 2288 1324 leonia
2312 1283 2400 1325 me
2429 1285 2697 1342 meosque
2735 1271 2910 1329 libera
2951 1280 3007 1331 et
3049 1274 3222 1343 solva,
3267 1284 3347 1343 ut,
3400 1277 3505 1335 etsi

1914 1353 2119 1424 aliquis
2153 1370 2407 1411 meorum
2439 1356 2606 1414 iniret
2644 1357 2699 1413 in
2733 1373 2795 1414 05
2847 1362 2983 1430 ujus„
3015 1362 3067 1414 itt
3123 1366 3336 1418 ιιιῑιῑῖΗῑι
3384 1368 3504 1434 ”rjus

1911 1446 2189 1517 perforata
2209 1447 2418 1505 exitum
2442 1449 2685 1507 inveniat
2700 1467 2795 1522 pet*
2819 1454 3152 1522 patr-nitentim
3180 1458 3500 1522 Γιῑτιιιῖιῖῐιιιιι,

1913 1537 2058 1594 Sicut
2103 1553 2230 1595 ecce
2268 1555 2417 1596 nunc
2463 1540 2774 1597 extrahitur
2827 1546 2891 1598 di:-
2931 1562 3023 1598 τινες
3075 1546 3268 1614 ipsius,
3298 1550 3388 1616 imi
3420 1566 3504 1602 sm:

1917 1630 2140 1703 negavit
2164 1629 2363 1690 Petrus
2394 1633 2698 1704 apostolus,
2730 1646 3020 1706 postquam
3063 1654 3143 1690 uns
3176 1642 3504 1710 respit-iamin

213 1731 289 1789 lis
318 1733 487 1799 canis,
515 1747 641 1787 erue
689 1732 755 1786 de
792 1747 953 1784 manu
985 1730 1133 1785 canis
1176 1729 1391 1784 unicam
1428 1743 1621 1792 nicam,
1648 1726 1701 1782 id
1726 1736 1812 1782 est
1842 1703 1885 1759 B
1916 1721 2042 1778 fletu
2067 1738 2260 1779 amaro
2287 1733 2555 1797 purgatus
2579 1734 2683 1783 est.
2718 1724 2791 1783 Os
2827 1731 2985 1783 νιίῑιιιι
3019 1731 3188 1799 liujus
3224 1735 3388 1783 ali-:tntis
3420 1747 3504 1787 cst

214 1825 395 1896 ipsam
427 1824 670 1879 animam
697 1837 877 1878 meam
906 1821 1141 1889 unicam,
1173 1828 1229 1877 et
1257 1819 1615 1892 singularem,
1634 1817 1808 1874 solam

213 1917 390 1999 toti-its
426 1915 633 1988 peccati
663 1931 892 1988 prorsus
915 1916 1238 1971 immunem.

286 2008 461 2065 Aliter
502 2025 516 2060 ε
570 2007 746 2062 sancti
781 2014 838 2062 et
885 2004 1204 2077 spirituales
1232 2004 1359 2072 viri,
1401 2004 1667 2075 pcrfquos
1716 2016 1812 2061 ree⁴

214 2102 454 2173 gendum
484 2110 571 2157 est
598 2114 800 2170 corpus
828 2096 1109 2167 Ecclesiae,
1135 2097 1240 2170 ipsi
1268 2106 1395 2154 sunt
1420 2095 1635 2167 corpori
1661 2110 1805 2161 mee,

214 2193 363 2265 qnod
415 2202 503 2249 cst
540 2190 811 2257 Ecclesia,
835 2191 993 2263 quasi
1029 2191 1234 2257 anima,
1280 2189 1411 2260 quia
1435 2178 1558 2245 sine
1590 2188 1809 2243 illorum

217 2281 488 2356 regimine
518 2281 703 2352 vigere
735 2295 844 2337 non
871 2288 1103 2352 possunt
1134 2278 1354 2333 inssrma
1394 2276 1640 2333 membra
1663 2292 1805 2345 mea,

214 2375 361 2432 etad
388 2375 493 2430 lnoc
540 2372 714 2429 tendit
742 2373 970 2444 sraniea,
1000 2371 1113 2427 imo
1143 2371 1259 2443 ipsc
1297 2369 1554 2426 diabolus
1579 2382 1809 2426 movens

215 2468 362 2523 lianc
412 2465 671 2534 [tonnam
734 2464 1041 2521 seeundum
1090 2461 1515 2534 permissionem
1554 2469 1705 2517 tuam
1737 2461 1805 2516 ad

217 2561 325 2614 boc
358 2557 575 2623 nititur,
634 2568 695 2613 ut
740 2555 1043 2612 intersectis
1078 2553 1400 2611 tortioribus
1452 2553 1508 2609 in
1560 2551 1806 2610 Ecclesia

214 2650 441 2707 deficiat
475 2648 718 2707 Ecclesia
746 2649 1116 2720 spiritualium
1145 2647 1413 2719 regimine
1447 2646 1677 2702 omnino
1706 2647 1805 2702 de-

213 2742 432 2803 stituta,
463 2749 519 2795 et
549 2738 623 2796 sit
672 2737 832 2810 qnasi
863 2746 1081 2792 mortua
1114 2752 1225 2792 non
1252 2735 1461 2792 babens
1491 2735 1677 2790 vitalia
1714 2750 1805 2791 sa-

208 2843 521 2896 tramenta,
555 2829 665 2886 illis
688 2828 1091 2893 delicientilms,
1139 2828 1193 2882 in
1224 2827 1427 2899 quibus
1455 2826 1590 2882 vivit
1619 2842 1807 2884 sacra-

216 2934 531 2979 mentorum
574 2922 773 2989 virtus,
819 2932 875 2977 et
921 2935 1019 2992 per
1063 2934 1204 2992 quos
1256 2920 1423 2975 vitam
1465 2919 1806 2990 salutemque

212 3027 481 3087 spru-atur
510 3024 988 3073 sacramentorum
1020 3014 1346 3070 distributor
1386 3011 1626 3084 Spiritus
1669 3028 1802 3069 san-

213 3124 358 3167 ctus.
404 3108 697 3181 Ne'igitur
737 3108 996 3164 saeviente
1047 3121 1145 3178 per
1176 3116 1439 3179 tyrannos
1470 3106 1572 3161 hac
1595 3106 1800 3176 framea

214 3207 437 3274 penitus
456 3199 675 3257 deficiat
703 3198 946 3256 Ecclesia
971 3214 1090 3255 mea
1118 3216 1133 3253 :
1160 3197 1300 3253 Erue
1327 3214 1359 3251 a
1381 3197 1606 3267 framea,
1637 3196 1800 3265 Deus,

212 3310 454 3351 annnam
493 3281 684 3358 ἦιεαιιι,
713 3308 931 3364 semper
960 3292 1098 3348 tales
1139 3291 1195 3347 iu
1226 3290 1471 3348 Ecclesia
1508 3292 1798 3359 servando,

214 3404 309 3458 per
335 3401 480 3459 quos
513 3384 700 3442 vitalia
733 3394 1078 3443 sacramenta
1111 3382 1495 3439 ministrentur
1525 3397 1579 3437 m
1610 3381 1802 3438 Eccle-

211 3496 324 3546 sia,
370 3496 466 3552 per
505 3495 744 3552 quorum
769 3478 1079 3535 doctrinam
1117 3476 1418 3533 salutarem
1444 3474 1803 3531 vivatEcclc·

210 3590 320 3633 sta.
353 3589 476 3644 quae
510 3584 594 3629 cst
635 3572 793 3626 ultien
832 3586 968 3637 tneo,
1001 3568 1129 3640 quia
1182 3566 1317 3622 milii
1373 3576 1458 3622 est
1501 3566 1652 3622 unita
1685 3574 1802 3621 tan-

208 3682 378 3740 qnam
403 3664 655 3737 palmites
672 3663 789 3730 viti,
815 3671 1074 3732 tanquam
1094 3674 1296 3731 corpus
1324 3658 1509 3729 capiti;
1541 3668 1801 3729 tanquam

209 3764 367 3817 rivus
392 3758 549 3824 soliti,
595 3756 731 3814 fonti
759 3754 885 3810 vivo
908 3763 964 3810 ct
1001 3751 1352 3817 inexhausto,
1385 3751 1515 3822 quia
1541 3764 1645 3822 ego
1675 3764 1798 3807 sum

208 3866 365 3929 petra
398 3868 495 3925 pcr
519 3852 631 3908 «luo
658 3850 802 3923 ligna
828 3848 1013 3905 crucis
1046 3846 1133 3903 bis
1162 3859 1446 3916 percussa,
1476 3843 1545 3900 dc
1576 3858 1684 3915 qua
1718 3842 1802 3898 bi-

212 3946 352 4001 bunt
399 3941 652 3999 homines
680 3948 736 3996 et
754 3939 1025 4012 jumenta,
1050 3933 1307 3991 tortiores
1333 3933 1542 3990 scilicet
1568 3941 1623 3989 ct
1645 3932 1800 3988 inllr-

206 4035 417 4092 miores
440 4035 494 4090 in
517 4031 783 4100 Ecclesia,
814 4045 937 4102 qua:
960 4028 1016 4085 in
1045 4027 1147 4085 hae
1173 4027 1263 4083 die
1290 4025 1592 4082 fabricatur
1618 4024 1686 4081 de
1714 4029 1798 4080 la-

208 4131 347 4185 teris
372 4125 480 4183 mei
525 4134 702 4194 costa,
751 4121 1101 4194 suscipiendo
1141 4119 1393 4176 videlicet
1421 4117 1705 4190 sanguinis
1746 4124 1801 4174 et

206 4233 369 4290 aqua:
389 4215 459 4272 de
485 4217 657 4272 latere
684 4228 808 4271 meo
838 4211 1057 4269 fluentis
1086 4210 1450 4267 mundissima
1481 4218 1535 4267 ct
1559 4207 1799 4266 fortissi-

208 4326 302 4367 ma
352 4317 696 4367 sacramenta
742 4325 757 4375 ;
815 4319 1051 4376 quorum
1101 4300 1573 4361 sacramentorum
1618 4302 1799 4359 vitatis

1913 1814 2144 1884 Pilatus,
2170 1818 2257 1874 vel
2300 1818 2445 1875 alius
2489 1820 2746 1892 princeps
2799 1827 3043 1895 iniquus.
3103 1827 3256 1879 {jn-le
3304 1827 3500 1879 salt-„nl

1913 1917 2044 1980 opto
2066 1910 2230 1965 eliam
2276 1925 2345 1964 ex
2398 1909 2720 1981 hujusmodi
2770 1931 2859 1967 tm:
2911 1915 3111 1975 ιἰῑιιιιιιι,
3164 1935 3228 1971 tw.
3280 1919 3504 1987 ιΙιιῑιιιιἹιι

1913 2015 2069 2056 meos
2092 1999 2448 2071 incorporare
2472 2001 2575 2058 sibi
2600 2003 2799 2058 valeat.
2831 2008 2979 2070 Quas
3011 2023 3131 2063 rum
3164 2023 3268 2059 ιιιηι
3304 2011 3500 2077 sintin-it

1910 2089 2019 2146 sibi
2044 2089 2429 2161 incorporare,
2456 2091 2750 2148 suscitabit
2783 2093 3082 2150 unicornes
3120 2092 3502 2151 ferocissimos

1911 2181 1980 2237 ad
2004 2197 2100 2237 eos
2140 2182 2490 2239 ventilandos
2543 2198 2609 2239 ac
2652 2182 3028 2254 dissipandos
3062 2183 3191 2241 ideo
3245 2195 3326 2253 tu,
3358 2184 3503 2241 Deus

1908 2273 2075 2331 Pater
2101 2275 2471 2347 omnipotens,
2514 2276 2676 2348 cujus
2711 2277 3125 2349 omnipotentiae
3172 2293 3346 2334 cornu
3387 2278 3502 2335 sor·

1909 2367 2024 2423 tius
2048 2378 2134 2425 est
2158 2369 2420 2425 omnibus
2444 2369 2709 2426 cornibus
2760 2369 3139 2438 unicornium,
3174 2370 3325 2426 solva
3352 2387 3502 2429 nunc

1908 2466 1966 2515 et
1991 2474 2208 2530 semper
2236 2476 2268 2515 3
2292 2460 2541 2515 cornibus
2567 2460 2902 2515 unicornium
2925 2460 3284 2518 humilitatem
3303 2479 3495 2520 meam.

1916 2549 2074 2607 Sicut
2101 2551 2248 2607 enim
2288 2551 2573 2608 unicornis
2627 2565 2708 2608 est
2742 2552 2948 2608 animal
3012 2554 3496 2626 superbissimum,

1908 2643 2059 2715 quod
2091 2642 2295 2699 dicitur
2325 2643 2467 2699 mori
2491 2658 2601 2715 prae
2628 2643 3028 2716 indignatione,
3082 2647 3130 2702 si
3176 2656 3376 2718 praetcr
3399 2664 3500 2705 vo-

1907 2735 2176 2791 luntatem
2204 2743 2455 2792 teneatur
2482 2736 2709 2805 (dicitur
2752 2746 2938 2794 autem
2976 2740 3253 2795 unicornis
3281 2741 3351 2797 ab
3382 2756 3498 2797 uno

1906 2841 2104 2894 cornu,
2139 2827 2288 2897 quod
2315 2827 2478 2884 babet
2508 2828 2563 2883 in
2592 2829 2772 2901 nare),
2803 2828 2885 2886 sic
2907 2828 3079 2887 Judaei
3113 2831 3498 2902 superbissimi

1907 2929 2039 2976 sunt
2059 2920 2218 2991 quasi
2248 2921 2545 2978 unicornes
2587 2932 2805 2978 terrena
2840 2930 3055 2978 tantum
3109 2933 3382 2995 petentes,
3406 2927 3496 2982 vel

1906 3012 1976 3069 de
2005 3014 2154 3070 cultu
2196 3016 2363 3071 nnius
2411 3013 2506 3071 Dei
2564 3015 2920 3088 singulariter
2975 3016 3298 3090 gloriantes.
3354 3017 3497 3076 Sunt

1904 3105 2068 3161 etiam
2088 3106 2384 3164 unicornes
2409 3106 2730 3179 quicunque
2773 3108 3018 3179 superbi,
3074 3108 3171 3181 qui
3201 3110 3497 3182 singulari-

1903 3205 1990 3255 ter
2013 3214 2072 3253 se
2097 3198 2315 3269 erigunt
2353 3215 2463 3255 non
2499 3199 2737 3258 terentes
2783 3209 3122 3258 consortem.
3149 3202 3195 3256 A
3245 3202 3496 3258 cornibus

1904 3291 2149 3346 omnium
2179 3291 2410 3348 istorum
2461 3293 2798 3349 unicornium
2859 3302 2988 3365 peto
3029 3294 3229 3350 salvari
3274 3295 3496 3351 humili-

1906 3391 2068 3437 tatem
2097 3399 2287 3452 meom,
2333 3400 2456 3456 quae
2505 3384 2560 3440 in
2603 3385 2817 3457 meipso
2869 3400 2934 3442 ae
2972 3386 3111 3444 meis
3163 3387 3411 3459 opposita
3439 3396 3494 3445 et

1904 3478 2187 3531 contraria
2209 3488 2289 3532 est
2323 3478 2542 3533 illorum
2585 3477 2853 3549 singulari
2886 3477 3182 3549 superbiae,
3235 3478 3365 3550 quia
3389 3494 3493 3535 ne-

1902 3568 2009 3623 seit
2036 3567 2319 3623 humilitas
2358 3568 2414 3623 in
2461 3568 2632 3624 altum
2680 3583 2741 3625 se
2781 3570 3014 3640 erigere,
3071 3569 3218 3626 sicut
3262 3569 3495 3642 erigitur

1903 3676 2077 3716 cornu
2109 3660 2380 3731 cujusque
2420 3661 2733 3730 unicornis;
2785 3661 3037 3733 quinimo
3084 3660 3231 3734 jacet
3273 3676 3492 3732 semper

1902 3751 1960 3809 in
1992 3752 2107 3807 imo
2134 3759 2348 3807 suomet
2369 3751 2602 3823 judicio,
2632 3762 2693 3808 ut
2713 3752 2803 3809 ille
2831 3753 2927 3824 qui
2954 3753 3094 3810 dixit
3117 3753 3257 3808 mibi
3284 3772 3299 3808 ι
3330 3768 3351 3805 ι
3382 3751 3492 3809 Do-

1900 3858 2070 3903 mine.
2100 3856 2210 3898 non
2239 3856 2360 3898 sum
2385 3843 2583 3914 dignus
2608 3851 2670 3899 ut
2703 3846 2876 3901 intres
2922 3844 3028 3902 suh
3072 3853 3276 3901 tectum
3305 3860 3490 3901 meum

1902 3934 2125 4009 (ΜαιιΙι.
2152 3950 2272 3998 vni,
2299 3934 2377 4003 8).
2413 3953 2432 3989 ι
2467 3933 2535 3990 Ει
2572 3934 2662 3991 ille
2688 3933 2852 4004 aliuS,
2881 3935 2977 4007 qui
3027 3934 3208 3992 dixit:
3244 3955 3263 3989 ι
3300 3934 3491 3992 Veniet

1903 4026 2101 4084 fortior
2124 4035 2250 4099 post
2272 4041 2381 4094 me,
2413 4025 2573 4098 cujus
2607 4039 2717 4082 non
2756 4042 2880 4083 sum
2913 4027 3136 4100 dignus,
3168 4037 3230 4084 ut
3276 4028 3488 4089 solvam

1900 4119 2196 4192 corrigiam
2242 4118 2598 4175 calceamenti
2626 4118 2749 4190 ejus
2791 4117 2990 4189 (Mare.
3024 4135 3064 4187 1,
3091 4118 3169 4190 7).
3204 4139 3224 4173 ι
3263 4119 3356 4176 Sic
3377 4122 3487 4176 liu·

1901 4213 2062 4268 miles
2089 4223 2273 4278 erunt,
2301 4221 2356 4268 et
2384 4222 2515 4268 sunt
2541 4210 2705 4267 ctiam
2738 4211 2816 4266 illi
2852 4209 3052 4268 fratres
3074 4212 3203 4278 mei,
3222 4212 3316 4283 qui
3338 4229 3488 4270 nunc

1900 4304 1956 4360 in
1987 4303 2244 4376 passione
2268 4319 2415 4374 mea,
2435 4319 2698 4375 percusso
2715 4319 2802 4360 me
2821 4313 3041 4375 pastore
3070 4320 3192 4375 suo,
3221 4306 3274 4360 in
3299 4306 3486 4361 humi·

205 4402 409 4470 virtus,
439 4411 498 4458 ιιι
526 4414 805 4471 nunquam
837 4397 1051 4454 deliciat
1080 4397 1132 4451 in
1161 4395 1430 4453 Ecclesia:
1466 4395 1655 4451 Ericen
1684 4398 1795 4465 sra-
1827 4415 1876 4475 D
1903 4396 2054 4453 litate
2077 4412 2177 4454 sua
2210 4397 2550 4454 consternati
2577 4406 2726 4453 sunt.
2765 4417 2784 4450 ‹
2826 4397 3126 4469 Postquam
3157 4408 3337 4455 autem
3361 4415 3488 4456 sur-

205 4512 348 4563 men,
375 4495 533 4559 Deus,
557 4495 793 4548 ultimam
824 4506 1014 4559 meatu,
1043 4505 1070 4545 c
1123 4490 1186 4543 ‘te
1215 4505 1372 4543 :namt
1400 4489 1550 4543 conis
1586 4490 1798 4543 unicam

208 4605 405 4645 meam.

280 4681 379 4739 Est
424 4681 590 4737 ctiam
643 4680 799 4737 cauis
848 4677 1079 4750 quilibet
1130 4674 1419 4730 llaercticus
1472 4672 1797 4744 impugnans

204 4778 421 4831 urticam
445 4790 648 4841 ineam,
683 4772 737 4829 id
766 4780 852 4829 est
874 4769 1174 4827 Ecclesiam
1206 4781 1371 4822 unam
1398 4805 1413 4833 ,
1446 4765 1635 4820 volens
1657 4765 1799 4819 sein—

205 4866 339 4924 dere
362 4865 532 4929 illam,
562 4880 632 4921 ne
654 4863 729 4921 sit
752 4879 860 4919 una
884 4861 970 4918 vel
1012 4859 1195 4916 unica.
1231 4855 1381 4912 'Palis
1406 4855 1554 4909 canis
1578 4852 1796 4909 futurus

204 4969 293 5016 cst
319 4958 485 5015 Arius
527 4956 797 5024 funestus,
836 4969 998 5026 quem
1031 4968 1133 5026 ego
1164 4962 1552 5024 praecognosco
1584 4948 1795 5004 caninis

206 5050 518 5114 latratibus,
541 5057 597 5107 et
622 5046 1047 5104 lacerationibus
1078 5052 1268 5101 contra
1298 5056 1405 5107 me,
1435 5049 1490 5097 et
1516 5053 1667 5095 meos
1692 5052 1795 5094 sae-

204 5141 471 5206 viturum,
503 5149 558 5197 et
583 5138 805 5195 habebit
830 5151 1054 5193 inanum
1077 5137 1360 5192 robustam
1386 5132 1513 5188 talis
1540 5129 1709 5194 canis,
1741 5140 1795 5185 et

206 5231 411 5289 favebit
440 5232 518 5288 illi
554 5230 913 5288 Constantius
960 5230 1263 5300 Augustus,
1296 5233 1352 5283 et
1380 5223 1635 5280 Julianus
1683 5221 1790 5277 im-

204 5326 355 5401 pius,
383 5335 547 5397 atque
576 5324 670 5381 alii
719 5333 992 5396 potentes,
1022 5336 1121 5393 per
1148 5334 1290 5392 quos
1320 5315 1603 5376 scindetur
1628 5312 1791 5370 unica

206 5433 330 5475 mea
361 5418 453 5473 illa
482 5416 666 5473 tunica
698 5414 1065 5481 inconsutilis,
1097 5412 1204 5469 nisi
1231 5410 1378 5482 quod
1422 5423 1523 5481 ego
1561 5406 1790 5462 nuncin

204 5523 306 5571 ara
335 5511 515 5567 crucis
540 5510 811 5582 meipsum
840 5506 1093 5565 sacrifico
1118 5514 1173 5561 et
1216 5503 1517 5567 sanctifico,
1549 5501 1609 5554 ul.
1633 5498 1704 5555 sit
1738 5508 1792 5554 et

208 5604 325 5674 ipsa
368 5613 556 5660 saneta
577 5605 636 5658 in
664 5603 911 5666 veritate,
946 5614 1048 5655 nee
1094 5612 1337 5668 unquam
1369 5594 1650 5652 scindatur
1679 5594 1790 5650 ulla

208 5696 464 5754 falsitate.
495 5695 621 5752 Ideo
644 5694 768 5752 dico
793 5712 805 5749 ε
839 5691 982 5749 Erue
1002 5708 1034 5745 a
1061 5690 1259 5746 (ramea
1290 5698 1647 5765 tyrannorum
1672 5686 1790 5742 oni-

1900 4505 2119 4557 rexero,
2165 4491 2468 4562 proecedam
2509 4507 2607 4549 cos
2651 4493 2705 4548 in
2756 4491 3283 4564 Galilaeamfflattli.
3335 4510 3483 4562 xxvi,

1898 4582 2013 4649 52),
2060 4602 2080 4635 ι
2111 4592 2165 4639 et
2197 4583 2293 4652 ibi,
2320 4598 2355 4639 o
2377 4583 2559 4652 Pater,

1969 4675 2138 4734 Vens.
2169 4678 2262 4733 ¹25.
2294 4676 2546 4734 Narrabo
2593 4694 2781 4734 nomen
2840 4686 2991 4734 tuum
3023 4679 3284 4750 [ratribus
3330 4681 3482 4735 neeis.

1894 4764 2025 4823 ideo
2048 4768 2333 4838 fratribus,
2364 4771 2495 4841 quia
2523 4771 2761 4828 humiles
2806 4779 2937 4827 sunt
2967 4772 3111 4828 inter
3146 4787 3206 4828 se
3237 4771 3485 4827 fraterno

1896 4874 2088 4917 amore
2128 4861 2450 4918 concordes.
2496 4860 2625 4919 ideo
2651 4849 2816 4932 meis,=
2855 4863 2986 4935 quia
3027 4864 3262 4937 diligunt
3299 4879 3392 4921 me
3419 4880 3486 4921 ac

1895 4949 2200 5023 diliguntur
2225 4967 2254 5007 a
2287 4967 2376 5009 me
2398 4966 2659 5027 tanquam
2683 4956 2819 5011 milii
2842 4955 3122 5028 conjuncti
3153 4957 3486 5029 consangui-

1897 5041 2087 5098 nitate.
2131 5041 2308 5110 Quam
2359 5048 2892 5120 consanguinitatem
2928 5049 3075 5104 clare
3125 5048 3483 5119 magnificans

1895 5143 1951 5193 et
1973 5135 2366 5194 commendans
2387 5153 2485 5194 vas
2526 5139 2813 5198 electionis
2837 5139 3062 5208 Paulus,
3093 5155 3220 5199 eum
3256 5140 3312 5194 in
3352 5153 3482 5210 per·

1892 5242 2030 5285 sona
2055 5242 2179 5285 mea
2205 5230 2565 5302 praemisisset
2592 5250 2608 5289 :
2642 5252 2661 5286 ι
2689 5232 2831 5289 Ecce
2860 5246 2986 5305 ego,
3017 5239 3073 5287 et
3097 5231 3255 5302 pueri
3290 5229 3421 5296 mei,
3455 5246 3476 5282 ι

1892 5318 2181 5393 subjunxit
2226 5339 2242 5377 ε
2287 5339 2308 5375 ι
2355 5321 2496 5390 Quia
2535 5338 2668 5397 ergo
2722 5324 2878 5396 pueri
2934 5321 3483 5380 communicaverunt

1894 5413 2050 5468 carni
2101 5422 2158 5469 et
2212 5414 2492 5487 sanguini,
2542 5425 2596 5472 et
2649 5416 2767 5487 ipse
2832 5414 3088 5472 similiter
3132 5412 3482 5485 participavit

1893 5503 2128 5572 eisdem,
2164 5517 2225 5563 ut
2254 5522 2351 5577 per
2384 5517 2617 5563 mortem
2648 5507 2957 5564 destrueret
3006 5521 3157 5572 eum.
3180 5504 3277 5577 qui
3308 5503 3482 5560 habe-

1891 5595 1989 5653 bat
2034 5598 2229 5655 mortis
2269 5598 2561 5669 imperium
2611 5598 2800 5669 (θεὸν.
2853 5614 2915 5665 ιι,
2969 5599 3060 5665 13,
3118 5597 3232 5670 14).
3269 5616 3289 5650 ι
3318 5593 3478 5651 Unde

1896 5707 1917 5743 ι
1960 5703 2074 5746 non
2101 5687 2459 5748 confunditur
2492 5689 2691 5751 iratres
2719 5705 2814 5766 eos
2836 5705 3036 5753 vocare
3061 5691 3252 5750 dicens
3283 5686 3476 5748 :Nun-
