3817 6000
206 206 278 267 {8¹13
693 199 847 259 sennem
865 195 1061 255 PllAEposl'll
1081 196 1354 254 nstcttshsetttitl.
1770 197 1848 255 isit

204 323 270 379 sitae
285 336 302 376 a
321 320 403 377 eorde
417 325 540 376 sumunt.
570 316 671 375 ilootec
699 319 728 372 ia
757 334 803 372 cor
825 317 908 371 ruric
934 323 1001 371 sunt
1012 317 1037 376 Λ
1050 313 1125 370 hitur
1136 329 1153 370 a
1163 324 1267 381 canno,
1282 315 1308 369 iil
1320 324 1362 369 est
1375 328 1391 368 a
1402 321 1505 391 porreto
1518 312 1625 378 circuli,
1637 313 1686 386 qui
1702 315 1848 372 circulum

205 419 351 485 translati,
381 415 492 489 quando
522 415 637 487 apostoli
667 415 703 473 ab
730 415 797 485 ipsis
827 412 996 484 principibus
1046 405 1126 477 regit,
1142 414 1169 461 et
1184 421 1248 462 eum
1261 404 1402 476 aquetur
1415 403 1566 475 componit.
1580 403 1658 461 Sicut
1671 405 1755 472 illud,
1771 408 1849 479 quo'd

205 523 234 566 et
259 510 294 567 ab
325 509 392 581 ipsis
419 508 589 579 pbilosophis
616 506 738 578 gentium
769 514 835 562 sunt
864 504 995 561 venerati.
1045 496 1076 553 ιίι
1085 497 1171 554 medio
1188 506 1242 566 est,
1257 498 1335 569 paria
1349 497 1436 568 spatia
1449 497 1533 553 hahet
1544 497 1578 553 ad
1592 513 1691 556 omncs
1709 497 1849 565 linem

206 600 268 654 ttox
1046 588 1119 646 Dior
1142 590 1250 647 medius
1270 589 1389 647 ciuitatis
1408 604 1466 646 sne
1489 589 1599 659 dicitur,
1621 591 1686 661 quia
1710 592 1850 649 omnibus

243 689 365 747 Vetusi.
380 688 540 756 Sonucraut,
561 698 586 745 et
602 688 716 745 turbotoe
730 698 792 745 runt
805 705 881 761 oqrte
894 706 995 745 corum.
1046 682 1187 753 equaliter
1205 681 1376 746 constituet
1396 681 1424 737 in
1453 696 1570 753 superna
1596 682 1685 753 petria
1711 682 1845 738 omnim

207 781 363 838 similitudo
376 779 580 836 interminor.
594 779 710 847 Quaooo
726 789 834 836 amira
847 790 923 836 motu
938 797 998 837 mo·
1047 786 1193 829 mmmuoo
1218 770 1348 845 guerinni
1373 772 1435 828 erit.
1457 769 1520 828 icoo
1541 772 1586 828 itti
1599 773 1728 830 civiusa
1747 774 1846 831 sonim

206 887 276 944 gnus
300 886 380 927 mons
405 871 530 926 marinus
556 871 708 927 visceribus
736 871 867 942 injicitur,
884 874 998 943 grandis
1047 864 1401 933 ventorum‚²lurbeti⁰ne
1418 879 1553 937 aquarum
1567 865 1779 923 deillocentro
1794 884 1847 922 m

206 979 292 1021 sonus
305 963 339 1019 dc
351 961 460 1034 fragore
471 964 624 1033 repercussi
639 961 739 1018 tinctus
755 961 887 1027 redditur,
905 970 933 1019 et
945 979 997 1034 po·
1048 955 1260 1021 commovebitur,
1272 958 1337 1030 quia
1349 972 1431 1029 supra
1450 957 1557 1013 ilrmem
1573 969 1678 1028 petram
1694 959 1846 1019 Christe·

206 1054 287 1125 pitius
311 1052 338 1109 in
363 1053 480 1109 circuitu
501 1052 630 1109 habitans
646 1061 750 1108 terrore
764 1054 931 1108 concutitur,
951 1051 999 1109 Sic
1048 1048 1188 1106 fundatur.
1202 1049 1346 1120 Adjuoobit
1364 1066 1423 1105 eom
1444 1048 1515 1104 beas
1534 1049 1676 1118 vulturno,
1695 1052 1725 1108 id
1743 1063 1791 1108 est
1804 1054 1846 1108 ia·

206 1161 269 1202 enm
285 1146 401 1218 apostoli
420 1146 512 1217 magni
534 1153 642 1201 montes
660 1145 687 1199 in
702 1160 751 1200 cor
773 1144 859 1199 maris
873 1145 998 1217 gentium
1049 1143 1186 1212 spectione
1199 1151 1302 1203 sancta,
1317 1142 1360 1197 rel
1372 1158 1449 1197 mone
1461 1141 1589 1207 diluculo,
1601 1144 1627 1200 id
1642 1154 1685 1201 est
1700 1144 1846 1202 illumiua-

206 1241 283 1297 missi
300 1248 374 1304 sunt,
390 1240 548 1311 procellose
559 1255 635 1309 nque
646 1238 828 1293 insonuerunt
843 1247 870 1294 ει
884 1238 999 1293 tortore
1048 1235 1124 1289 tione
1136 1248 1203 1301 sua;
1219 1233 1262 1289 rel
1274 1234 1348 1289 sicut
1358 1233 1385 1289 in
1402 1232 1517 1290 iiehruco
1531 1236 1629 1304 tegitur
1641 1255 1649 1291 z
1662 1236 1697 1292 itt
1710 1249 1776 1293 ortrt
1788 1256 1845 1293 ns-

205 1344 277 1389 aaut.
294 1331 363 1387 Crini
374 1332 448 1387 enim
460 1346 561 1386 norum
574 1329 660 1386 licum
671 1330 798 1401 gentihus
808 1328 997 1402 predicarent,
1049 1326 1146 1392 totino,
1157 1325 1274 1396 'quando
1290 1341 1366 1380 mone
1386 1327 1596 1384 resurrectionis
1610 1329 1787 1386 clarescente
1801 1348 1845 1387 sc-

205 1438 256 1496 per
272 1424 381 1494 signum
400 1421 491 1478 crucis
514 1421 600 1477 multa
616 1419 694 1491 signa
712 1417 844 1489 iacerent,
859 1421 999 1478 demones
1049 1428 1172 1489 paratam
1197 1433 1213 1473 a
1237 1417 1322 1487 paleis
1347 1426 1374 1472 et
1396 1417 1431 1474 ab
1459 1418 1587 1475 omnihus
1616 1420 1845 1480 tribulacionibus

207 1526 362 1583 sonuerunt,
379 1516 443 1586 quia
454 1530 517 1570 cunr
533 1514 593 1571 diro
610 1513 714 1570 ululatu
731 1513 778 1569 din
798 1513 948 1570 inhabitata
961 1514 1000 1571 si·
1048 1510 1190 1566 liberatam
1215 1519 1316 1566 aeterum
1337 1510 1505 1568 heatitudine
1524 1521 1552 1567 ct
1565 1513 1780 1572 immortalitate
1798 1517 1844 1571 do

207 1608 328 1662 mulacra
341 1605 520 1675 reliquerunt,
530 1612 558 1660 ει
567 1620 660 1675 opnor,
672 1603 699 1659 id
710 1611 752 1659 est
762 1604 878 1675 populns
893 1613 999 1674 portur·
1050 1602 1136 1657 nulrit.
1147 1601 1181 1657 Et
1195 1602 1259 1674 quia
1275 1602 1321 1659 illa
1335 1602 1432 1660 ciuitas
1445 1603 1521 1659 nullu
1531 1604 1707 1662 aduersitatis
1722 1607 1843 1678 impulsi

206 1698 303 1753 haute-s
325 1697 352 1751 in
374 1696 592 1768 persecutionem
610 1694 825 1751 christianorum
844 1695 1000 1751 concitare·
1013 1691 1037 1752 B
1050 1694 1137 1765 patuit
1149 1694 1264 1761 destrui,

206 1800 281 1846 runt.
295 1788 372 1845 Tunc
387 1805 462 1861 oque
475 1790 643 1845 conturbatae
656 1796 731 1855 stunt,
750 1786 861 1859 quando
875 1785 967 1858 populi
983 1801 999 1840 a
1089 1784 1170 1843 Vens.
1184 1786 1210 1841 i.
1222 1784 1394 1843 conturbato
1408 1800 1470 1844 tunt
1483 1799 1572 1861 pentec
1585 1790 1614 1846 iu
1629 1791 1809 1863 poenitentia,
1821 1803 1845 1848 ct

206 1882 377 1937 demonibus
391 1880 511 1951 instigati
527 1878 701 1934 eversoribus
715 1877 929 1934 simulacrorum
947 1877 1000 1933 nb·
1051 1877 1181 1933 inclinata
1199 1888 1261 1934 runt
1278 1897 1357 1951 repud
1372 1881 1424 1937 sub
1446 1893 1603 1939 sanctorum
1625 1884 1755 1957 vestigia.
1784 1882 1843 1941 lau

208 1974 347 2040 stiterunt,
360 1980 388 2028 et
402 1972 476 2042 ipsos
490 1970 614 2026 occidere
628 1969 784 2025 uoluerunt.
796 1968 875 2026 'lunc
887 1978 1001 2025 contur—
1050 1971 1124 2028 enini
1148 1980 1243 2044 gentes
1259 1971 1294 2028 de
1317 1973 1434 2044 pristino
1456 1989 1551 2031 errore
1567 1977 1743 2034 conturbatae
1764 1977 1845 2035 iidem

207 2066 264 2123 bati
279 2073 343 2121 sunt
356 2072 475 2129 montes,
487 2063 514 2118 id
526 2071 568 2117 εει
581 2062 730 2134 principes,
741 2072 769 2119 ει
781 2063 915 2121 dederunt
926 2062 1000 2135 leges
1049 2063 1153 2121 Christi
1180 2073 1351 2136 receperunt,
1371 2073 1397 2120 ct
1418 2082 1498 2138 ceptro
1525 2074 1660 2123 terrarum
1683 2069 1845 2126 ειιτίειίαιιε

207 2155 491 2213 contrachristianos.
509 2152 560 2210 Ubi
575 2155 678 2211 turbati
700 2153 827 2212 sunt‘llu
844 2156 1001 2226 tortitudine
1050 2156 1176 2229 religioni
1202 2156 1335 2212 inclinato
1359 2156 1427 2230 Regi
1452 2172 1547 2230 regunt
1573 2158 1685 2216 Christo
1708 2162 1845 2218 serviunt.

209 2249 277 2319 ejus,
299 2248 404 2304 scilicet
421 2246 478 2316 liei,
491 2248 537 2319 qui
550 2250 706 2306 eratrirtns
721 2259 749 2305 et
769 2251 878 2321 adiutor
891 2261 1002 2324 aposto-
1051 2247 1109 2306 line
1122 2247 1185 2305 inde
1198 2248 1321 2321 contigit,
1333 2249 1398 2322 quia
1420 2248 1553 2307 Dominus
1569 2268 1655 2307 uocem
1667 2270 1750 2308 cruta
1761 2255 1846 2323 dedit,
1902 2328 1903 2333 η

209 2342 312 2407 lorum,
322 2356 370 2414 per
385 2356 466 2413 quem
481 2356 557 2413 reges
568 2350 596 2397 et
610 2342 748 2414 principes
761 2343 896 2412 vicerunt,
915 2354 943 2401 ει
957 2361 1002 2401 rc-
1051 2341 1079 2399 id
1095 2348 1138 2399 est
1157 2340 1377 2421 praedicationem
1388 2343 1468 2412 qnasi
1483 2343 1607 2400 mirabile
1626 2344 1746 2410 dunum,
1767 2346 1846 2416 quasi
1902 2336 1903 2339 ’

209 2430 307 2489 bellem
323 2432 454 2487 mundum
467 2432 625 2504 subjugum
644 2432 747 2489 Christi
761 2442 913 2490 traxerunt.
1051 2436 1188 2509 premialc
1200 2437 1362 2495 beneficium
1383 2437 1468 2495 dedit.
1490 2437 1603 2496 Ettnnc
1619 2448 1846 2505 metuentem,

245 2523 413 2593 Diopsoimo.
431 2521 573 2580 Daemones
593 2540 641 2596 per
654 2525 770 2581 consilia
787 2526 934 2598 impiorum
955 2543 1002 2583 εο-
1051 2528 1079 2586 id
1096 2540 1139 2587 est
1148 2530 1284 2602 gentilitas
1298 2530 1332 2586 ad
1344 2532 1580 2603 compunctionem
1590 2540 1628 2587 cst
1641 2541 1764 2598 mota,et
1777 2536 1848 2590 tama
1902 2534 1903 2547 ³

207 2627 344 2685 ueternum
366 2634 452 2690 uque,
469 2618 496 2673 id
517 2629 558 2674 est
578 2619 673 2693 populi
699 2620 726 2675 in
744 2621 888 2678 desideriis
903 2621 1000 2691 iluxui,
1051 2629 1094 2679 εει
1107 2630 1179 2679 terra
1193 2623 1315 2687 arabilis,
1331 2623 1428 2679 semini
1443 2621 1520 2678 uerbi
1540 2621 1716 2691 bellabitis,
1743 2623 1799 2681 lide
1821 2634 1848 2680 ct
1902 2680 1903 2683 ,

207 2722 259 2781 pro
269 2711 390 2765 norimte
404 2711 611 2779 miraculorum,
625 2725 676 2784 pro
688 2711 875 2769 destructione
887 2714 1003 2785 templu·
1052 2714 1198 2772 dilectione
1211 2714 1409 2772 fructificabilis
1422 2714 1517 2772 dicens
1533 2733 1540 2770 :

211 2818 351 2875 cumpro
375 2805 477 2860 insoliti
509 2806 578 2861 ritus
599 2804 784 2875 prohibitione
804 2805 1001 2862 sacrificiorum
1088 2806 1171 2865 Vsus.
1193 2808 1219 2864 8.
1240 2806 1369 2864 dominus
1392 2810 1521 2864 uirtutum
1547 2807 1683 2863 nobiscum
1707 2821 1848 2879 susceptor

208 2895 311 2951 turbati
325 2904 403 2963 sunt;
419 2905 537 2959 montes,
549 2896 576 2951 id
588 2892 630 2952 est
641 2896 738 2952 tumidi
751 2897 889 2968 principes
903 2913 999 2969 perse·
1052 2908 1141 2955 noster
1157 2897 1228 2954 Deua
1239 2898 1334 2967 doceb,
1346 2901 1397 2956 hnc
1411 2909 1453 2955 est
1470 2898 1542 2956 Deus
1560 2900 1721 2972 angelorum
1740 2909 1786 2957 est
1798 2919 1847 2955 uo-

209 2991 365 3048 cutionibus
381 2991 563 3060 fremuerunt3
581 2990 628 3047 sed
1053 2990 1164 3058 hiccrtm,
1184 2988 1255 3048 Deus
1278 2991 1370 3063 populi
1382 2989 1478 3060 torol,
1494 2993 1542 3065 qni
1556 3003 1584 3049 et
1596 2990 1690 3061 lsrael,
1704 3005 1848 3064 suceptor

246 3082 327 3140 Veiis.
343 3085 370 3139 5.
385 3082 518 3138 Fluuiirn'c
533 3085 644 3155 inpetus
659 3081 781 3153 letificet
797 3083 928 3137 ciuitatem
940 3081 1000 3153 Dei,
1053 3094 1142 3139 noster
1161 3085 1303 3155 gentilium
1318 3093 1369 3142 εει.
1389 3084 1427 3141 [ιε
1444 3101 1540 3142 norem
1559 3086 1702 3143 ordinibus
1714 3097 1783 3143 sunt
1793 3089 1848 3142 oir-

209 3170 264 3227 huc
274 3181 326 3239 est,
342 3173 522 3230 redundantia
536 3171 654 3244 Spiritus
671 3172 759 3228 sancti
774 3172 892 3229 laetilicat
908 3171 1001 3229 Eccle-
1053 3185 1137 3242 tutem·
1153 3175 1256 3233 sedhic
1271 3192 1367 3233 ornnes
1381 3178 1629 3250 angelorumchori
1641 3178 1848 3252 intelliguntur,

210 3265 280 3321 siam
303 3264 361 3320 Dei.
378 3265 416 3323 De
437 3268 490 3323 hoe
514 3267 625 3322 humine
649 3266 801 3323 scribitur:
818 3264 890 3334 «Qui
913 3266 941 3321 in
958 3282 1002 3324 me
1052 3283 1102 3339 per
1113 3266 1197 3323 Jacob
1212 3277 1301 3325 antem
1315 3267 1481 3326 israeliticus
1491 3270 1608 3341 populns
1622 3269 1770 3342 accipitur.
1780 3271 1849 3328 Cra·

210 3358 306 3427 credit,
321 3359 433 3414 hermina
445 3359 478 3415 dc
490 3367 583 3417 uentre
593 3358 654 3429 ejus
668 3359 752 3414 tinent
762 3374 841 3430 aquae
851 3357 1000 3431 rirae(lob.
1053 3359 1105 3416 tias
1120 3376 1185 3433 crgo
1198 3361 1254 3432 agit
1267 3359 1401 3427 Ecclesia,
1418 3362 1491 3432 quod
1514 3361 1586 3419 lieris
1605 3363 1769 3434 angelorum
1784 3381 1847 3421 curo

210 3469 259 3519 rii,
275 3452 331 3523 38).
348 3474 357 3504 r
375 3451 432 3509 lloc
444 3455 546 3523 plumea
562 3468 626 3510 curn
642 3468 742 3526 magno
762 3454 864 3524 impetu
878 3444 911 3510 de
928 3452 1003 3509 tonte
1052 3464 1085 3507 sa
1100 3451 1243 3516 habitarit,
1259 3449 1332 3509 Deus
1344 3450 1429 3510 lsrael
1443 3451 1552 3510 ledeos
1563 3455 1723 3526 relinquens
1738 3473 1771 3513 sc
1782 3474 1848 3515 sus·

211 3546 284 3613 vita,
298 3544 378 3600 Putre
391 3554 419 3602 et
432 3544 501 3602 eino
514 3547 598 3616 uenit,
609 3547 720 3619 quando
733 3546 875 3604 credentes
888 3545 1002 3603 scientia
1053 3544 1134 3615 cepit.

210 3637 333 3692 omnium
353 3637 507 3709 linguarum
529 3638 652 3709 replerit.
675 3637 777 3694 Ciuitas
793 3637 906 3705 dicitur,
921 3636 1003 3709 quasi
1088 3635 1255 3706 Dioprolmo.
1268 3634 1352 3692 Vsus.
1365 3636 1391 3692 9.
1404 3635 1495 3693 Vertite
1506 3647 1531 3692 et
1541 3638 1626 3694 ridete
1636 3656 1715 3710 opero
1725 3639 1847 3696 domitii.

210 3729 308 3783 ciuium
333 3730 433 3784 territet.
461 3727 583 3787 Ecclesia
608 3729 711 3786 dicitur
732 3731 826 3785 ciuitas
851 3728 909 3796 Dei,
937 3729 1003 3802 quia
1052 3727 1209 3794 tiliicore,
1235 3727 1321 3784 idest
1344 3727 1496 3786 imitatores
1519 3728 1622 3787 Christi
1645 3732 1777 3787 ridentur
1803 3733 1848 3788 hic

211 3836 307 3878 onmes
321 3821 414 3878 iideles
427 3822 454 3877 in
465 3837 497 3878 ea
513 3823 541 3879 in
553 3835 634 3878 unam
647 3822 726 3878 tidem
743 3821 919 3886 corrueniuut,
932 3831 961 3876 et
973 3821 1001 3877 in
1053 3818 1128 3891 loqui
1142 3837 1149 3874 :
1170 3817 1270 3885 Venite,
1284 3834 1380 3876 omnes
1400 3830 1494 3890 gentes
1505 3821 1539 3877 ad
1553 3822 1644 3887 iidem,
1659 3833 1686 3876 et
1704 3824 1794 3878 ridete
1805 3825 1849 3880 in·

211 3913 392 3970 uuarrimitate
405 3914 560 3970 dilectionis
578 3915 683 3970 visunt.
696 3912 772 3970 lianc
784 3913 902 3983 pomino
917 3914 1002 3983 impc-
1053 3912 1199 3987 colligendo
1210 3930 1289 3985 opero
1303 3912 1362 3982 Dei,
1377 3931 1437 3986 que
1451 3916 1573 3987 prodipic
1586 3917 1672 3987 posuit
1691 3934 1773 3989 asper
1790 3929 1848 3974 ter·

212 4013 255 4059 tut
270 4005 401 4078 letificat,
415 4007 480 4062 duim
491 4023 552 4063 cam
566 4007 709 4063 abundans
722 4006 820 4078 gratia,
834 4014 861 4061 et
875 4006 1003 4061 consola·
1054 4022 1123 4068 rcm,
1139 4006 1213 4077 quoii
1227 4006 1303 4077 uirgo
1317 4007 1430 4077 peperit,
1446 4008 1554 4064 occisus
1564 4006 1692 4066 Christus
1705 4011 1789 4068 tertia
1803 4012 1850 4069 dic

211 4095 251 4152 tio
263 4098 350 4154 sancti
372 4098 491 4169 Spiritus
509 4099 543 4155 de
553 4099 646 4155 letitia
661 4107 770 4154 aeternae
783 4098 845 4153 vitae
856 4096 1002 4163 exhilarat,

211 4205 241 4250 et
261 4195 359 4263 dumea
383 4196 554 4267 baptismatis
581 4191 719 4250 secundat.
750 4190 829 4249 Unde
856 4192 1001 4262 sequitur:

212 4282 396 4357 sanctificavit
411 4286 609 4341 tabernaculam
623 4301 701 4339 cnam
716 4284 880 4340 ditissimos.
905 4282 1004 4340 Tobcr-

1054 4098 1215 4164 resurrexit,
1228 4096 1346 4168 Spiritus
1362 4110 1474 4156 sanctus
1489 4100 1633 4157 scientiam
1647 4103 1775 4159 omnium
1790 4105 1848 4161 liu·

1054 4204 1170 4260 guarum
1197 4189 1354 4245 hominihus
1384 4192 1510 4249 contulit.
1544 4191 1702 4266 Prodipium
1732 4195 1848 4266 dicitrm,

1054 4281 1128 4353 quod
1141 4280 1250 4352 aliquod
1266 4283 1366 4339 mirum
1380 4285 1528 4354 portendit.

213 4380 337 4435 arealem
350 4380 398 4436 Dei
418 4390 461 4437 est
479 4379 612 4446 Ecclesia,
624 4378 746 4451 quandiu
767 4379 795 4434 in
810 4378 906 4435 itinere
919 4374 1041 4449 huiusi)
1090 4373 1173 4430 Vens.
1189 4373 1460 4447 idriusercuslrcllo
1482 4394 1564 4450 usquc
1591 4379 1626 4433 ud
1647 4380 1728 4450 finem
1757 4392 1847 4439 terra.

213 4474 276 4528 riiae
297 4473 412 4540 laborat,
437 4473 464 4528 in
488 4489 543 4544 qno
557 4471 734 4530 tabernaculo
758 4480 891 4543 martyres
908 4480 1004 4528 contra
1056 4465 1133 4523 Bello
1145 4478 1223 4524 eraut
1236 4470 1360 4541 impietas
1374 4481 1401 4528 ct
1415 4472 1560 4529 infidelitas
1575 4489 1637 4544 quae
1649 4473 1731 4531 lideur
1741 4473 1848 4533 Christi

214 4574 412 4635 persecutores,
423 4565 525 4636 quique
535 4564 628 4621 iideles
641 4574 736 4621 contra
749 4565 814 4619 uitia
827 4572 854 4620 et
866 4563 1005 4619 demones
1055 4557 1263 4634 inipugnabaut,
1287 4564 1395 4619 ueritati
1422 4565 1655 4621 contradicebant.
1685 4564 1751 4623 llaec
1776 4569 1849 4625 hclla

214 4657 340 4712 militant.
364 4655 422 4713 iloc
435 4658 635 4713 tubernaculum
648 4657 801 4714 ditissimus
815 4657 1004 4727 sorictificouir,
1055 4654 1191 4727 usquead
1212 4656 1291 4727 finem
1313 4667 1390 4712 terrie
1411 4655 1546 4714 Dominus
1567 4659 1688 4725 abstulit,
1706 4662 1774 4732 quia
1792 4660 1849 4717 Dea

214 4749 278 4803 dium
299 4747 447 4805 Ecclesiam
470 4750 632 4822 baptismate
654 4749 806 4817 mundavit,
834 4764 917 4821 quam
937 4763 1004 4804 san·
1055 4746 1156 4817 gratias
1171 4746 1271 4818 ubique
1287 4758 1466 4805 cessaverunt
1479 4750 1712 4808 contradictiones
1731 4753 1847 4809 hereti·

214 4841 296 4914 gnine
312 4839 374 4896 Filii
387 4844 431 4898 sui
448 4842 594 4900 dedicarit.
610 4843 822 4899 Tabernoculam
833 4841 1004 4916 qnoqueDei
1055 4853 1161 4906 eurum,
1189 4841 1288 4896 sedatae
1302 4848 1381 4916 ,sunt
1406 4841 1626 4913 impugnationes
1650 4858 1847 4916 paganorum,

212 4944 367 5004 estcorpus
380 4933 565 5005 homirnum,
590 4936 618 4992 iu
641 4951 697 5008 quo
723 4935 855 4990 habitarit
875 4932 1004 4990 DeiVer-

213 5025 290 5084 bum.
309 5027 520 5083 Tubernoculcm
538 5030 621 5086 etium
636 5027 685 5084 Dei
700 5027 754 5083 luit
768 5027 882 5099 uirginis
895 5037 1003 5089 uerus,

214 5117 243 5174 lu
256 5134 311 5190 quo
323 5120 425 5176 mansit
444 5118 492 5176 lici
513 5118 611 5177 Filius.
625 5117 708 5185 Nota,
724 5118 924 5174 tabernaculum
937 5136 1003 5176 san-

213 5211 325 5279 ctificat,
339 5212 472 5268 ciuitatem
488 5207 620 5284 tiet'ipcot,
630 5212 696 5284 quia
708 5209 829 5267 Ecclesia
846 5212 891 5269 hic
901 5212 929 5268 in
944 5214 1005 5284 pul·

212 5317 277 5358 rere
289 5304 452 5372 cursualium,
470 5305 550 5375 quasi
571 5305 777 5363 tabernaculum
792 5319 806 5359 a
822 5304 950 5362 sordibus
960 5306 1004 5361 di·

213 5391 273 5457 luit,
287 5391 314 5446 in
330 5409 446 5464 superna
459 5403 550 5451 autern
566 5394 652 5467 patria
668 5393 856 5452 inlerusalcm
869 5395 1005 5451 ciuitatem

212 5481 263 5536 Dei
275 5484 414 5540 collectam
433 5488 547 5557 perenni
563 5487 656 5544 taetitia
673 5486 823 5559 perfundit.
841 5485 920 5543 Unde
938 5486 1005 5544 suh·

213 5574 288 5627 tiitnr
301 5594 307 5628 τ

251 5660 331 5718 Vsus.
347 5666 374 5720 b.
391 5665 460 5723 Deua
474 5669 501 5722 in
516 5670 602 5725 medio
613 5670 681 5740 ejus.
704 5668 861 5730 Similitudo
876 5670 935 5727 hee
949 5680 1003 5728 tra·

1054 4929 1134 4987 docet
1156 4932 1259 5003 ubique
1287 4931 1382 5004 religio
1406 4933 1631 4991 christianornm.
1659 4935 1700 4990 hd
1724 4935 1848 4995 litteram

1055 5022 1137 5080 etiam
1148 5022 1283 5080 llonrinus
1298 5023 1367 5079 bello
1381 5025 1416 5079 ud
1427 5024 1492 5095 finer
1508 5034 1585 5082 terre
1597 5027 1718 5094 abstulit,
1731 5031 1848 5102 quarrdo

1055 5115 1082 5169 in
1096 5113 1241 5172 Nativitate
1249 5116 1362 5185 Christi,
1377 5127 1508 5188 regnante
1523 5119 1657 5191 Augusto,
1670 5135 1722 5190 par
1736 5121 1767 5177 in
1787 5131 1848 5178 totu

1055 5210 1157 5264 mundo
1171 5208 1233 5276 luit,
1247 5224 1308 5280 quae
1319 5220 1447 5266 aeternam
1461 5227 1555 5282 pacem
1571 5214 1717 5283 portendit.

1091 5298 1169 5369 Quod
1184 5310 1275 5358 autern
1297 5302 1367 5359 heila
1383 5304 1540 5367 cessabunt,
1557 5304 1608 5360 hoc
1623 5304 1686 5361 inde
1708 5316 1754 5362 est
1771 5309 1847 5380 quod

1055 5391 1188 5452 Dominus
1201 5412 1292 5450 orcum
1306 5405 1430 5464 conteret,
1442 5407 1467 5453 et
1480 5395 1755 5471 couiriapctorurtt,'ct
1769 5416 1848 5458 mcc

1054 5485 1187 5541 comburet
1198 5486 1327 5558 mahiloc
1337 5495 1452 5543 tractuni
1465 5498 1507 5544 est
1519 5490 1553 5544 de
1563 5488 1687 5557 historia,
1701 5475 1747 5548 uhi
1760 5491 1846 5551 Diuo

1055 5578 1161 5634 deuicta
1187 5577 1265 5651 Syria
1288 5595 1375 5652 equus
1397 5580 1582 5649 subnervavit,
1606 5597 1704 5639 currus
1718 5595 1748 5644 et
1767 5601 1850 5645 um

1055 5671 1239 5728 concremarit
1253 5671 1297 5744 (ll
1311 5672 1457 5747 Repulit).
1474 5675 1559 5732 Arctrt
1576 5685 1639 5736 suut
1652 5677 1760 5736 insidit
1781 5680 1849 5738 lud·
