3817 6000
102 189 174 246 {225
395 178 675 238 consultantes
694 176 728 233 tu
746 176 916 235 essibus
936 209 973 220 -
988 174 1078 231 PARS
1096 174 1128 230 ll.
1148 204 1183 214 -
1199 171 1297 230 PSAL.
1318 174 1424 235 xxvlt.
1660 183 1731 244 lm

104 303 226 360 dentibus
237 316 264 354 tn
274 298 372 354 locunt.
388 296 495 355 Exaudi
508 310 595 350 roccas
605 283 797 364 deprecationis
813 310 888 361 nnec,
904 298 927 357 Α
941 291 1020 363 quasi
1037 306 1085 362 per
1098 291 1239 363 speculum
1254 301 1281 346 et
1301 292 1328 347 in
1351 294 1494 365 aenigmate
1519 294 1654 353 videbitur
1672 315 1730 360 mn·

104 396 169 452 dum
184 409 230 447 ovo
245 392 280 446 od
295 402 330 457 te,
344 390 408 444 duas
419 387 517 444 extollo
531 403 626 442 monus
639 403 712 442 meos
721 388 755 441 od
766 388 890 459 templum
942 383 1050 440 nilestc.

104 492 225 540 sorrctsrn
236 492 321 535 tunm.
334 478 474 535 Nouenim
485 477 619 548 proculpa
629 492 699 544 mea,
715 478 762 533 sed
772 478 891 548 proellis
977 478 1130 549 Antequam
1145 492 1192 533 ara
1208 477 1298 534 crucis
1312 487 1385 535 esset
1398 486 1488 535 erecta
1501 479 1635 539 inmundi
1648 483 1732 555 buius

104 575 203 633 extollo
218 589 311 628 monas
326 588 397 625 meos
411 570 437 625 ln
452 584 543 636 cruce,
555 568 589 624 ad
600 569 652 624 boc
662 569 775 636 scilicet,
790 571 893 625 utilant
942 571 1054 641 templo,
1069 569 1240 628 densissimae
1253 570 1505 641 terrebraeluerunt,
1526 575 1656 644 quoniam
1682 592 1731 649 per

107 668 233 739 temptam
252 677 374 722 sanctum
392 676 467 721 tuum
481 663 548 719 mibi
560 660 721 716 coaedificari
736 670 765 717 et
777 678 893 718 concor·
943 671 1094 719 creatorem
1128 672 1268 720 creaturas
1301 662 1501 733 adoraverunt,
1526 675 1553 722 et
1575 669 1730 737 coluerunt,

106 756 894 834 porari,quisumtemplumsanctumturtmbdboccctoilo
943 762 1026 816 etiam
1051 761 1098 833 qui
1121 762 1302 833 sapientiores
1329 763 1357 818 in
1385 763 1437 819 boc
1462 765 1566 822 mundo
1580 767 1633 822 visi
1656 782 1730 825 sient.

107 867 285 908 nronssnreas
300 851 335 906 od
343 851 469 922 temptant
482 860 696 916 coartamtaurn,
705 859 735 906 ut
746 849 828 906 simul
838 858 893 905 tota
944 850 1013 907 Nam
1038 852 1153 924 gentiles
1174 853 1330 924 pbilosopbi
1355 869 1404 924 pro
1430 870 1528 927 magna
1551 857 1613 913 cccli
1628 857 1733 918 taurica

107 943 229 1002 Ecclesia
242 959 323 1015 super
339 959 383 1000 mc
393 952 498 1015 petram
512 943 774 1010 drmitcraedillcata,
788 952 816 999 et
825 943 894 999 bene
944 944 1126 1000 laudaverunt
1146 943 1258 1008 iovem,
1293 960 1343 1015 pro
1370 953 1522 1017 temporum
1553 948 1734 1020 dispositione

108 1035 222 1091 lundata
235 1035 270 1091 sit
285 1033 408 1105 tempium
422 1044 545 1090 sanctum
561 1045 646 1092 team.
662 1034 703 1091 Sit
716 1035 799 1091 etiam
819 1050 893 1104 quee-
945 1037 1127 1093 laudaverunt
1140 1035 1300 1105 Saturnum,
1315 1054 1364 1109 pro
1379 1040 1464 1096 maris
1487 1049 1648 1111 tempestate
1671 1044 1732 1115 pla-

108 1128 177 1186 llbct
196 1128 322 1200 specialis
333 1127 464 1197 Ecclesia,
478 1128 554 1185 verbi
575 1128 676 1201 gratia,
692 1129 827 1193 Romana,
850 1128 893 1183 vel
945 1132 1032 1187 canda
1071 1130 1291 1201 supplicaverunt
1324 1130 1460 1202 Neptuno,
1492 1150 1542 1206 pro
1566 1136 1731 1192 abundant'a

108 1221 289 1290 Antiocheno,
306 1237 356 1278 scu
374 1220 612 1293 ierosolymitana,
625 1221 669 1276 nel
683 1221 768 1276 altera
791 1220 895 1292 qualis·
946 1222 1056 1295 frugum
1071 1220 1163 1278 Cereri
1179 1222 1337 1278 obtulerunt
1351 1223 1527 1279 sacrificium.
1552 1224 1669 1291 Quando
1690 1228 1732 1280 vi-

110 1330 219 1386 cunque
232 1329 347 1370 manens
361 1313 388 1368 in
409 1313 543 1370 catholiea
557 1313 611 1369 llde
631 1311 757 1384 templum
773 1322 895 1367 sanctam
945 1329 1043 1369 numa
1071 1313 1126 1369 [leo
1150 1324 1272 1370 creatum
1297 1313 1449 1370 laetificabat
1472 1316 1554 1370 corda
1577 1317 1732 1384 bominum,

111 1418 198 1475 111111,
216 1423 304 1479 ηθ(11113
327 1408 374 1463 1111
396 1408 526 1478 sillum
550 1407 896 1475 ¹³²l⁰¹¹l¹¹112804l⁰v⁰l¹¹f
947 1418 1036 1487 ipsum
1063 1431 1119 1472 uon
1141 1416 1197 1471 vitri
1223 1415 1308 1472 [lcum
1333 1425 1494 1483 creatorem,
1515 1418 1562 1473 sed
1586 1418 1734 1475 vinitorem

110 1499 601 1559 domusueiuabenstitmumbone
623 1500 895 1571 superliminarium
946 1508 1092 1580 quemdam
1117 1507 1253 1563 bacchum
1279 1507 1437 1563 laudabant.
1461 1507 1595 1566 liberasses
1621 1510 1730 1568 Mercu-

111 1594 275 1665 inserlptum
290 1611 297 1647 :
315 1590 452 1646 Terribilis
469 1599 507 1646 cst
522 1591 594 1648 locus
608 1593 668 1659 iste,
685 1591 728 1645 iric
743 1592 835 1646 domus
848 1591 895 1644 uei
947 1601 1031 1666 ptum,
1047 1600 1193 1656 bellatores
1218 1599 1345 1665 Manum,
1367 1601 1474 1670 pugiles
1499 1600 1654 1671 Herculem,
1677 1620 1735 1662 me-

110 1681 403 1755 1111111011111111ιθ1
417 1682 554 1737 1011111111
568 1681 781 1754 «1110111011
798 1698 894 1746 mm,
911 1664 932 1718 B
947 1691 1001 1748 dlcl
1016 1691 1173 1761 Asclepium
1189 1689 1415 1765 [AEsculapium]‚
1442 1699 1585 1749 senatores
1608 1693 1734 1763 Dianam,

111 1772 400 1845 17)·1111Πῑο11111111
423 1773 636 1828 1111111111111
657 1771 731 1827 101111
753 1774 813 1838 1111,
838 1787 896 1827 lm
947 1783 1127 1839 fornicatores
1151 1781 1298 1848 Venerem,
1325 1782 1383 1837 slve
1413 1781 1580 1854 Beelphegor
1604 1786 1737 1843 adorare·

111 1865 363 1923 11111111111111
379 1866 430 1920 11111
440 1864 534 1920 11111111
549 1864 608 1934 1111,
622 1877 647 1921 11
661 1875 739 1937 111111
750 1866 819 1921 11311·
946 1884 1020 1942 runt,
1047 1884 1075 1929 ct
1106 1875 1271 1940 coluerunt,
1295 1873 1396 1944 quibus
1423 1873 1583 1936 idololatriae
1607 1876 1737 1935 sordibus

147 1964 190 2021 Ad
212 1965 264 2020 hoc
277 1963 358 2019 ellam
373 1961 471 2018 1810110
486 1976 580 2016 Mitt
601 1976 673 2016 111111
699 1960 726 2016 111
752 1975 843 2025 cruce,
867 1968 897 2015 111
945 1966 1028 2024 ctiam
1045 1966 1201 2037 polluerunt
1215 1964 1340 2036 tempium
1355 1973 1476 2019 sancctum
1500 1974 1585 2034 tunm,
1610 1965 1735 2036 Domine,

113 2061 228 2133 quilibet
251 2076 323 2116 unus
347 2059 499 2115 catholicus
531 2073 613 2116 cruce
641 2073 701 2112 mea
714 2057 848 2128 signatus,
870 2064 897 2111 et
947 2046 1094 2133 quoderat
1109 2061 1136 2115 in
1161 2058 1324 2127 ierusalem,
1350 2066 1459 2114 utnon
1484 2067 1559 2115 esset
1581 2059 1624 2115 rel
1649 2075 1736 2116 unum

113 2169 176 2209 cum
199 2152 327 2209 omnibus
353 2152 472 2218 canals,
495 2149 748 2222 comprehendens,
774 2165 835 2221 quae
861 2150 898 2206 sit
947 2152 1079 2223 templum
1096 2152 1124 2207 ln
1139 2159 1198 2207 toto
1212 2150 1326 2209 mundo.
1341 2150 1371 2205 in
1383 2165 1439 2221 quo
1454 2165 1522 2222 pure
1535 2150 1743 2207 sacrificaretur·

114 2245 200 2316 ipsius
223 2245 314 2301 crucis
337 2245 463 2311 latitudo,
489 2244 645 2316 longitudo,
672 2243 843 2310 sublimitas,
869 2251 898 2298 et
947 2245 997 2302 tibi
1012 2243 1156 2300 Decrero.
1173 2242 1737 2315 Sedegocbrlstusveruspoutilexnunc

113 2336 290 2406 protundum,
305 2337 341 2392 sit
352 2335 477 2407 ternplum
489 2345 609 2391 sanctam
621 2347 706 2405 tunm,
724 2336 820 2404 latum,
834 2336 896 2391 lou·
947 2337 977 2393 ir
993 2353 1074 2394 cruce
1086 2335 1185 2392 centollo
1200 2351 1295 2390 manns
1318 2351 1388 2390 naeot
1411 2334 1446 2390 cd
1469 2336 1594 2406 templum
1614 2344 1736 2392 eoactum

113 2444 188 2499 gum,
200 2427 315 2484 sublime
326 2427 531 2499 acprolundum
546 2444 553 2480 ι
569 2427 652 2482 latum
664 2443 712 2498 per
724 2426 896 2494 charitatem,
948 2438 1034 2493 tecm,
1056 2427 1083 2483 id
1099 2436 1143 2484 est
1165 2427 1199 2483 ad
1212 2428 1275 2494 boc,
1293 2435 1324 2482 ut
1342 2425 1529 2482 mundusisto
1548 2426 1583 2482 ab
1598 2427 1736 2482 idolorum

113 2520 220 2591 tonpnm
243 2535 292 2590 per
314 2519 377 2575 fidei
398 2519 643 2591 longanimitatem,
667 2520 753 2574 cltum
774 2534 823 2590 per
839 2518 898 2590 spei
948 2520 1075 2578 sordibus
1086 2527 1217 2591 purgatus
1230 2518 1278 2574 liat
1290 2516 1544 2589 templumsonctcnt
1557 2527 1649 2585 tuum
1663 2534 1737 2576 nunc

114 2609 314 2677 celsitudinem,
327 2609 486 2680 protundum
498 2625 547 2680 per
559 2608 728 2679 iudiciorum
742 2608 897 2665 divinorum
949 2612 1052 2684 ubique
1077 2619 1217 2667 crescente
1240 2625 1304 2665 vera
1327 2609 1469 2680 religione,
1495 2612 1610 2680 posthac
1643 2620 1736 2668 autem

115 2700 279 2772 mdundum
303 2702 440 2769 timorem,
467 2701 515 2772 qul
537 2700 675 2757 bominem
689 2700 779 2756 reddit
792 2700 897 2772 justum
949 2705 1133 2775 subsequente
1144 2717 1193 2772 per
1207 2702 1297 2774 ignem
1316 2711 1392 2757 tanta
1408 2700 1504 2756 mundi
1518 2705 1689 2773 purgatione,
1706 2714 1737 2761 ut

114 2803 143 2849 et
157 2794 325 2851 timoratum.
949 2797 977 2851 in
993 2809 1064 2850 noro
1077 2793 1147 2850 coelo
1162 2801 1190 2848 et
1205 2808 1277 2847 nora
1294 2799 1366 2847 terra
1388 2790 1492 2863 lulgeat
1505 2792 1616 2849 claritas
1631 2793 1735 2859 divina,

150 2884 292 2940 Postremo
315 2884 397 2940 etiam
418 2885 452 2940 ad
467 2885 519 2941 boc
537 2883 739 2940 estollonsonns
754 2902 825 2940 nicos
844 2900 898 2941 non
950 2886 1040 2957 sitque
1062 2891 1157 2940 sancta
1186 2892 1214 2938 et
1227 2883 1328 2938 munda
1351 2892 1405 2939 tota
1423 2883 1517 2938 muudi
1530 2882 1634 2941 fabrica
1657 2886 1737 2958 quasi

115 2979 142 3035 in
157 2978 257 3049 templo
273 2976 439 3044 marrulacto,
451 2976 608 3035 ludaeorum
622 2978 771 3036 sceleribus
783 2979 897 3049 pollues,
913 3012 934 3070 C
951 2972 1078 3047 templum
1091 2981 1212 3029 sanctam
1225 2983 1311 3040 tuens,
1325 2972 1353 3029 in
1375 2972 1449 3043 quod
1472 2972 1541 3029 nibil
1555 2974 1671 3032 ulterius
1694 2975 1738 3031 in-

115 3071 162 3127 sed
179 3081 256 3126 extra
271 3079 376 3141 portam
391 3070 513 3137 subdio,
531 3077 561 3124 ut
574 3085 643 3125 crux
660 3085 719 3126 mea
745 3085 799 3124 non
815 3074 897 3124 utrius
951 3067 1095 3138 quinatum
1111 3064 1245 3132 introibit;
1261 3066 1307 3121 sed
1321 3066 1470 3123 immundis
1487 3066 1521 3123 de
1535 3066 1738 3123 mundoexter-

115 3159 452 3232 templilerosolymitani,
470 3159 517 3217 sed
541 3160 624 3216 totius
638 3159 733 3216 mundi
748 3160 855 3225 sitara,
871 3170 899 3215 et
947 3163 1070 3227 minatis,
1099 3170 1164 3218 tunc
1178 3162 1236 3217 sola
1250 3162 1383 3221 munditia
1400 3163 1427 3217 in
1441 3164 1544 3219 mundo
1558 3165 1692 3235 regnabit,
1710 3169 1740 3223 et

116 3254 175 3325 ipse
187 3253 317 3319 mundus,
336 3252 364 3307 in
378 3268 433 3324 qno
452 3251 604 3309 ilololatria
617 3260 759 3322 grassante
773 3251 899 3307 immola-
949 3256 977 3310 in
999 3265 1057 3311 toto
1081 3255 1184 3311 mundo
1209 3265 1274 3311 tuuc
1297 3255 1427 3311 innovato
1451 3264 1580 3327 tanquam
1595 3257 1738 3326 intemplo

115 3347 197 3402 batur
220 3345 363 3402 daemoniis
380 3343 479 3400 amodo
496 3343 533 3399 sit
547 3342 683 3414 anaplum,
704 3357 759 3398 non
772 3342 896 3398 idolium.
948 3345 1123 3413 reaedificato,
1132 3346 1215 3401 l'rlna
1226 3345 1359 3403 Divinitas
1370 3347 1407 3402 lta
1419 3348 1561 3412 clarescet,
1570 3356 1600 3402 ut
1612 3347 1737 3417 regnanti

117 3438 159 3495 Sit
174 3437 311 3509 templnm,
329 3438 357 3492 in
371 3451 427 3506 quo
438 3436 474 3491 ab
488 3444 550 3491 ortu
572 3435 639 3491 selis
662 3448 750 3505 usque
770 3434 804 3489 ad
820 3448 899 3490 oeca-
949 3435 998 3492 Ilci
1013 3438 1143 3507 potentiae
1156 3438 1230 3493 nulla
1246 3439 1293 3493 llat
1315 3439 1436 3506 rebellio,
1458 3438 1581 3510 regnanti
1597 3436 1738 3509 sapientiai
1761 3444 1766 3449 '

115 3529 299 3588 cumlaudant
311 3528 387 3599 pueri
403 3542 501 3584 nomon
515 3526 633 3583 llomini.
654 3525 696 3582 sn
713 3525 854 3597 templum,
871 3525 899 3580 in
949 3527 1023 3583 nulla
1038 3527 1084 3584 ilat
1095 3528 1284 3596 contradictio,
1299 3528 1424 3600 regnanti
1438 3528 1552 3584 bonitati
1575 3528 1646 3583 nibil
1671 3527 1737 3583 mali

115 3636 172 3692 quo
186 3620 298 3691 abjectis
313 3620 447 3675 idolorum
461 3618 588 3676 sordibus
602 3617 703 3675 oblatio
718 3617 819 3673 munda
835 3616 901 3673 ode·
949 3621 1086 3679 obsistens
1100 3629 1238 3692 appareat.
1255 3620 1333 3676 Nunc
1347 3635 1414 3676 vero
1428 3633 1491 3676 ante
1506 3622 1577 3677 bane
1591 3620 1736 3677 univorsa-

116 3723 204 3781 ratur,
231 3728 286 3767 non
309 3711 362 3767 dlis
386 3711 490 3778 multis,
506 3710 653 3782 dequibus
667 3709 787 3766 dicitur:
804 3708 900 3765 cnm
950 3714 1003 3770 leun
1019 3711 1118 3783 templi,
1133 3713 1216 3769 idest
1232 3712 1317 3768 totius
1328 3710 1457 3768 Ecclesiae
1470 3712 1659 3782 purgationem
1673 3720 1737 3766 tan-

116 3803 156 3859 dii
178 3804 295 3876 gentium
316 3803 449 3858 demonio
474 3801 561 3873 (Prot.
577 3818 642 3869 xcv,
659 3802 705 3873 5),
721 3801 769 3860 sed
784 3802 833 3857 uni
845 3801 901 3858 Ileo
951 3816 1009 3863 tum
1021 3804 1154 3878 proiciet,
1172 3803 1245 3876 quod
1259 3803 1358 3858 cctotio
1373 3818 1467 3857 mortus
1479 3819 1551 3858 nnus
1566 3803 1600 3857 od
1613 3802 1738 3873 templum

100 3896 153 3955 ‚sit
168 3896 308 3966 templum,
324 3896 415 3951 divina
431 3892 550 3966 potentia
571 3910 619 3965 per
638 3894 728 3951 varias
751 3884 843 3951 rerum
866 3893 901 3950 ll·
951 3905 1073 3953 sanctum
1086 3903 1171 3961 tuam,
1187 3903 1217 3950 ut
1229 3893 1265 3950 sit
1277 3893 1335 3964 ipsc
1348 3892 1468 3950 mundus
1478 3893 1603 3963 templum
1615 3902 1738 3948 coarctent

117 4004 201 4059 guras
213 3987 293 4059 quasi
308 4003 356 4059 per
371 3987 472 4042 mrrltas
487 3986 608 4057 picturas
626 3995 655 4043 et
678 3986 834 4057 sculpturas
856 4001 902 4042 or·
952 4000 1037 4056 taum,
1048 3988 1076 4043 in
1091 4002 1147 4058 quo
1159 3985 1209 4041 etsi
1225 3984 1345 4057 potentia
1357 3994 1404 4040 tua
1418 3984 1539 4039 inveniat
1549 3984 1736 4050 rebellionem,

117 4092 212 4140 natum
236 4083 336 4139 dirinae
360 4082 534 4154 benignitatis
555 4083 641 4154 gratia
659 4098 795 4153 peremne
808 4083 901 4138 dotem
952 4079 1085 4151 sapientia
1099 4076 1353 4142 contradictionem,
1377 4075 1526 4131 bonitatem
1547 4075 1664 4132 ollendat
1686 4076 1739 4131 im·

117 4177 256 4245 optimum,
271 4186 296 4229 et
316 4191 392 4229 omne
414 4176 511 4229 donum
531 4174 674 4244 perlectam
696 4174 834 4230 decursam
856 4174 902 4229 dc·
952 4175 1049 4245 pietas,
1074 4181 1164 4229 umen
1185 4178 1321 4241 potenset
1337 4168 1454 4239 benigna
1469 4169 1602 4239 sapientia
1617 4179 1663 4224 tua
1678 4170 1739 4226 vin-

118 4268 244 4324 scendenr
267 4286 284 4323 o
305 4266 387 4323 Porro
409 4266 625 4337 luminnmlioc.
645 4266 750 4338 1,lb)!,
775 4267 815 4322 sie
839 4266 903 4321 illu-
952 4265 1138 4324 eatnralltiam
1160 4263 1295 4335 atdngeus
1318 4278 1334 4316 a
1358 4263 1411 4317 linc
1430 4262 1463 4317 ad
1484 4260 1564 4317 finem
1584 4260 1690 4318 lortlter
1710 4269 1741 4321 et

118 4362 264 4428 minatum,
282 4368 313 4415 ut
326 4359 440 4431 pandent
454 4359 532 4415 tellus
553 4360 634 4414 tontis
658 4359 792 4415 irradiata
815 4359 903 4431 [ulgo-
918 4359 940 4413 1)
953 4358 1104 4429 disponens
1118 4353 1209 4412 omnin
1223 4354 1354 4421 suaviter,
1369 4354 1405 4409 lta
1420 4363 1450 4410 ut
1463 4369 1517 4409 non
1530 4365 1625 4426 regnet
1642 4370 1738 4426 pecca-

118 4457 203 4525 silus,
217 4457 344 4512 ctctcrni
359 4456 426 4526 regis
440 4454 723 4525 splendescillrsrtrotn
740 4454 901 4509 totiusorbis
953 4464 1010 4505 tum
1024 4447 1194 4514 idololatriae,
1222 4447 1264 4503 vel
1287 4445 1401 4503 alterius
1427 4446 1555 4516 nequitia
1588 4446 1615 4501 in
1642 4462 1738 4503 eorum

118 4565 146 4604 rc
159 4548 256 4602 sentiet
270 4547 389 4603 omisisse
410 4545 558 4616 retificem.
573 4545 689 4601 dotetur
706 4555 731 4600 et
746 4555 832 4600 mear
850 4543 902 4600 Ec·
954 4540 1062 4596 mortali
1074 4554 1199 4611 corpore,
1214 4537 1261 4610 qui
1274 4552 1323 4609 per
1340 4547 1428 4592 totum
1445 4537 1578 4594 murrdum
1592 4538 1661 4593 bunt
1673 4546 1739 4593 tem·

119 4638 200 4693 cissis
212 4640 281 4692 tosti
296 4637 404 4692 luminis
418 4638 551 4692 morcaro
566 4636 712 4706 [algoribus
722 4636 789 4707 (61),
799 4636 902 4707 ubique
953 4632 1026 4705 plant
1052 4640 1174 4687 sanctum
1199 4640 1273 4684 tunm
1297 4644 1346 4699 per
1368 4629 1421 4685 boc
1445 4643 1537 4684 meum
1561 4629 1737 4698 sacrificium,

120 4733 149 4787 in
176 4739 233 4786 toto
256 4736 359 4787 mundo
382 4732 476 4787 electis
498 4730 674 4802 fulgentibus,
699 4745 771 4802 quos
784 4744 902 4800 expave-
954 4722 1028 4793 quod
1042 4737 1093 4794 ego
1107 4736 1180 4776 nunc
1194 4718 1290 4784 odero,
1303 4717 1375 4789 quod
1393 4720 1460 4774 meis
1481 4715 1740 4777 offerenduminsti·

120 4832 229 4880 scenas
247 4823 384 4895 principes
405 4825 578 4880 tenebrarum
599 4822 705 4894 logiam
719 4823 747 4878 iu
762 4824 902 4895 abyssum,
955 4813 1107 4871 laodicens
1120 4812 1176 4867 illis
1188 4827 1197 4866 e
1211 4808 1358 4880 flocfccttc
1376 4811 1403 4864 in
1415 4826 1499 4865 meam
1512 4813 1740 4869 commemoratio·

121 4930 196 4971 nunc
221 4916 360 4987 sigillatim
388 4932 421 4972 ac
443 4916 654 4988 particulariter,
679 4914 726 4970 sed
750 4914 903 4985 injudicio
954 4905 1100 4975 nemqlnc.
1118 4920 1185 4970 ¹¹¹¹,
1202 4901 1257 4974 19)-

120 5007 270 5063 universali
283 5009 483 5076 universaliter,
498 5009 608 5080 quando
630 4988 775 5085 ceperint}
801 5005 904 5076 fulgere
989 4996 1103 5053 Faciant
1120 4995 1173 5051 boc
1189 4993 1335 5067 1311111111,
1350 4994 1450 5064 quibus
1466 4994 1606 5067 egodixi:
1623 4993 1680 5049 ³⁰⁶
1696 4994 1711 5064 1
1725 5023 1738 5036 ·

119 5099 188 5170 justi
203 5099 274 5155 sicut
288 5101 328 5155 sol
342 5101 369 5156 in
386 5117 470 5172 regnu
485 5099 574 5156 Patris
588 5115 694 5166 eorum,
709 5097 819 5169 quando
832 5097 903 5151 docti
954 5091 1015 5146 cite.
1035 5088 1095 5143 Dixi
1117 5096 1209 5144 autem
1234 5088 1286 5143 boc
1311 5087 1453 5157 discipulis
1474 5086 1553 5152 mois,
1580 5093 1607 5140 et
1632 5086 1660 5140 in
1684 5086 1738 5141 illis

122 5191 258 5263 lugebant
272 5194 349 5264 gnoti
363 5192 486 5264 splendor
499 5194 670 5263 firmamenti,
681 5201 705 5246 et
717 5191 763 5262 qai
777 5188 903 5258 adjusti-
954 5186 1076 5257 ipsorum
1100 5181 1263 5252 sequacibus
1284 5178 1425 5235 catholicis
1448 5176 1573 5234 lldellbus
1594 5195 1601 5233 ε
1626 5177 1740 5235 Faciant

123 5284 188 5336 tiam
200 5285 324 5338 erudiant
339 5282 446 5350 neutros,
467 5285 544 5355 quari
559 5284 642 5338 stello
661 5283 689 5336 in
712 5291 849 5353 mrpctnos
865 5294 904 5333 ο·
955 5277 1004 5345 illi,
1020 5285 1047 5332 et
1068 5290 1123 5329 non
1139 5273 1196 5329 alii.
1213 5269 1282 5327 Nam
1302 5271 1325 5326 sl
1347 5271 1394 5325 alii
1415 5269 1443 5324 in
1460 5269 1619 5335 schismate,
1645 5269 1688 5324 vel
1709 5268 1738 5323 in

124 5376 259 5431 ternitctes
284 5376 367 5445 (Duc.
390 5391 440 5441 nir,
456 5376 494 5444 3).
518 5374 633 5442 Quando
648 5385 748 5431 aeterua
763 5375 810 5428 lun
826 5372 903 5427 beata
955 5367 1051 5424 haeresi
1063 5367 1153 5438 aliqua
1168 5374 1309 5420 merientes
1322 5369 1490 5433 praesumunt
1501 5359 1554 5415 hoc
1565 5359 1664 5427 lacere,
1676 5375 1737 5414 cum

122 5466 254 5537 Trinitas,
278 5476 305 5523 et
328 5466 486 5538 principalis
509 5465 616 5535 Unitas,
637 5482 699 5538 quae
713 5463 904 5531 nuncridctur
955 5459 1050 5517 Nabab
1069 5468 1096 5517 et
1117 5458 1188 5515 Abiu
1213 5457 1302 5528 ignem
1328 5455 1446 5509 alienum
1474 5452 1659 5522 offerentibus,
1683 5451 1739 5508 sive

159 5644 216 5717 (aa)
235 5641 327 5701 Ecole.
343 5640 371 5695 in
388 5640 576 5696 benedictione
590 5654 660 5695 cerer
671 5637 823 5712 paseltalis.
1365 5717 1367 5722 7

262 5735 399 5817 Ptraoq.
421 5732 554 5797 cxetlt.
738 5795 742 5802 ,
797 5800 800 5807 ,
1091 5804 1094 5809 ¹
1564 5720 1603 5782 39
