3817 6000
376 228 514 284 ¹285
1339 221 1645 280 GERllOlll
1684 218 2076 280 PttAEt‘ostTt
2116 216 2661 278 ttetctttzttsrtvtttc.
3462 221 3568 281 lm

370 344 511 400 bunt
532 341 651 397 sinc
680 354 778 411 spe
810 338 1223 406 consolationis»,
1249 353 1376 395 cum
1407 339 1621 394 venerit
1644 347 1860 409 tempus
1883 337 1955 393 ri·
1983 344 2026 400 Α
2053 333 2419 401 adorandum,
2453 342 2510 389 ct
2540 330 2830 389 colendum
2859 329 3243 403 prasdtcamus,
3287 331 3576 395 detestanta

368 434 553 491 dendi.
589 432 635 487 F
636 432 814 487 iebant
840 447 1110 497 seorsum,
1138 431 1372 502 separati
1411 430 1662 487 videlieet
1698 447 1730 486 a
1771 430 1944 487 socie-

372 534 480 580 tate
503 533 817 581 sanctorum
844 524 1161 594 angelorum
1189 531 1245 577 ct
1267 521 1549 577 bominum
1576 539 1591 576 t
1620 531 1669 577 et
1698 520 1943 576 ninlieres

369 633 551 671 eornm
571 631 828 681 aeonum,
859 615 988 683 quia
1020 629 1130 669 non
1152 614 1234 669 eis
1260 621 1391 669 tunc
1422 612 1636 668 vacabit
1660 612 1713 667 in
1744 610 1937 667 cubili·

374 708 475 762 bus
503 715 557 761 et
596 703 952 775 impudicitiis
993 703 1158 773 pollui
1197 711 1253 759 et
1291 703 1554 773 polluere,
1582 702 1859 772 corrumpi
1889 714 1948 758 et

372 813 743 868 corrumpere,
775 797 867 853 scd
913 797 1105 867 procul
1143 796 1211 852 ab
1246 796 1327 852 eis
1374 806 1536 852 erunt
1580 795 1858 861 mulieres,
1892 795 1945 852 id

371 902 454 946 est
491 905 684 946 omncs
731 888 1021 955 illecebrae,
1049 903 1248 944 omnes
1296 902 1509 959 pompae
1542 889 1945 944 mundanarum

371 983 709 1047 deliciarum,
754 980 973 1050 quando
1004 980 1259 1051 plangent
1308 979 1362 1034 in
1410 980 1672 1046 tenebris,
1701 980 1793 1035 ubi
1840 981 1947 1036 erit

377 1077 529 1125 tiz-tm
565 1085 613 1125 vt
649 1073 850 1125 ran-iiim*
902 1071 1164 1125 alentium.
1214 1069 1337 1135 Quo
1388 1080 1575 1125 contra
1625 1068 1947 1141 sancti,qui

370 1185 493 1221 cnm
533 1169 846 1217 immeritum
882 1179 988 1217 nnn
1016 1171 1145 1218 suat
1176 1161 1535 1231 coinquinati,
1577 1161 1647 1216 ab
1676 1161 1949 1217 illecebris

370 1257 617 1309 wint-livet
649 1257 979 1319 tornatili-ns,
1012 1252 1236 1307 nominc
1265 1252 1555 1307 mulierum
1603 1251 1949 1323 significatis,

377 1350 493 1414 puri
537 1362 581 1398 tfl
617 1350 734 1402 iet‘ittt!
770 1345 981 1399 nnumin
1012 1344 1237 1409 inventi,
1272 1354 1402 1399 [lille
1440 1343 1494 1398 iu
1520 1343 1740 1400 allofilis
1762 1353 1818 1399 el
1838 1359 1953 1401 ΟΦ·

377 1442 601 1494 Ιι,ιιιι“ι1ιη.ει
653 1442 862 1490 indiciis.
910 1436 1359 1502 jucundabuntur
1407 1435 1463 1489 in
1513 1435 1753 1491 thalamo
1783 1435 1953 1492 coele·

377 1546 537 1586 stiunt
585 1534 918 1600 :tttplinruuu
952 1528 1044 1584 ubi
1092 1536 1204 1583 tola
1236 1525 1479 1583 Ecclesia
1510 1526 1616 1582 erit
1648 1542 1871 1598 sponsa,
1897 1537 1954 1584 cl.

372 1624 628 1680 Christus
656 1625 762 1679 crit
786 1638 1020 1695 sponsus
1051 1622 1243 1694 procul
1269 1623 1395 1678 inde
1416 1622 1591 1694 pulsis
1629 1638 1739 1677 uon
1772 1621 1950 1678 solum

2047 440 2465 482 omncserrores
2491 439 2847 496 paganorum,
2862 423 3192 495 judaeorum,
3218 425 3576 497 haereticorum,

2049 516 2313 573 salsorum
2359 515 2806 579 christianorum,
2837 514 2966 571 lmie
3008 514 3365 586 primogenito
3388 529 3579 576 conua-

2046 608 2363 673 dicentium,
2390 608 2475 665 vel
2521 622 2628 664 non
2666 606 3057 664 obedientium.
3086 606 3132 663 0
3169 622 3268 663 vos
3289 615 3578 684 omncs‚qui

2048 701 2196 758 bunc
2224 700 2644 772 primogenitum
2673 696 2946 765 Raclielis,
2968 713 3092 755 cum
3124 698 3246 756 sitis
3265 715 3358 755 vos
3378 700 3462 756 tilii
3491 703 3582 760 Lite

2047 796 2132 853 vel
2186 794 2531 859 ancillarum,
2589 806 2696 847 non
2743 792 2962 858 amatis,
2985 791 3079 862 qui
3113 791 3458 848 dominationi
3482 796 3581 867 ejus

2050 886 2323 953 invidetis,
2339 886 2542 957 quique
2570 885 2743 952 illum,
2765 884 3105 955 quantumin
3131 884 3287 941 vobis
3312 895 3410 954 est,
3437 887 3584 958 impo-

2048 978 2199 1045 ditis,
2229 991 2298 1033 ne
2324 985 2511 1049 regnet
2539 975 2594 1030 in
2631 976 2861 1039 nnmdo.
2916 989 3042 1031 cum
3087 974 3267 1031 adbuc
3294 984 3490 1046 tenipus
3510 983 3582 1035 eet

2050 1068 2350 1125 fructuosae
2378 1066 2732 1139 poenitcntiat,
2763 1066 2834 1122 ad
2866 1066 3045 1138 ipsum
3075 1067 3481 1139 primogenitum
3512 1086 3583 1126 re·

2048 1161 2162 1218 dite
2184 1161 2298 1232 jam
2323 1160 2695 1216 dominantem
2727 1159 2782 1214 in
2814 1168 2928 1215 tota
2961 1167 3107 1215 terra
3137 1157 3374 1232 AEgypti,
3413 1161 3509 1216 imo
3538 1162 3584 1218 in

2051 1255 2192 1313 coelo
2230 1254 2369 1310 etin
2406 1263 2550 1310 terra
2591 1252 2749 1324 juxta
2786 1252 2918 1308 illud
2970 1250 3145 1325 ipsius
3185 1252 3425 1309 dictum:
3466 1254 3586 1310 Data

2051 1356 2127 1402 est
2154 1347 2285 1402 mihi
2315 1348 2485 1401 omnis
2514 1356 2745 1416 potestas
2798 1345 2854 1400 in
2904 1345 3041 1400 coelo
3067 1355 3119 1401 et
3152 1347 3209 1400 in
3235 1356 3372 1401 terra
3401 1345 3585 1416 (lictu.

2054 1456 2246 1507 xxi-tu,
2277 1439 2390 1503 18).
2421 1437 2666 1511 Plaugitc
2695 1454 2879 1495 coram
2906 1439 3022 1504 illo,
3043 1439 3193 1510 quod
3230 1439 3283 1495 in
3323 1440 3462 1496 illum
3486 1457 3588 1512 pec-

2053 1532 2243 1598 castis,
2265 1540 2321 1587 ct
2350 1531 2439 1586 ille
2468 1531 2728 1587 misertus
2754 1529 2920 1587 vestri
2947 1529 3178 1601 replebit
3205 1545 3389 1592 saccos
3409 1543 3587 1589 vestros

2055 1624 2350 1689 Irtuncnto,
2390 1638 2457 1678 nc
2511 1622 2653 1678 ianne
2695 1623 2930 1693 pereatis
2974 1622 3297 1693 priusquam
3325 1622 3390 1679 ad
3437 1622 3586 1693 ipsunt

373 1717 809 1787 corruptoribuS,
838 1726 892 1770 ct
918 1715 1349 1785 corruptricibus
1392 1714 1449 1769 in
1475 1730 1575 1771 sua
1613 1714 1951 1786 turpitudine
1980 1709 2023 1765 B
2053 1715 2401 1787 perveniatis.
2437 1713 2505 1769 Et
2528 1713 2750 1785 quidem
2793 1713 2950 1784 Juxta
2979 1713 3206 1771 modum
3235 1713 3403 1785 culpae
3425 1725 3589 1771 restrae

373 1808 631 1874 inventis,
677 1824 867 1864 verum
910 1808 1073 1863 ctiam
1109 1806 1275 1864 fatuis
1320 1807 1624 1878 virginibus
1655 1807 1758 1863 olei
1793 1804 1948 1862 dcl'c-

371 1911 518 1955 ctum
550 1901 779 1956 nimium
826 1907 957 1954 tune
987 1915 1111 1955 sero
1152 1900 1553 1971 plangentibus.
1586 1897 1815 1954 Flcbunt
1849 1915 1950 1953 au-

371 2000 505 2058 tem,
545 2002 593 2045 et
620 1991 868 2061 plangent
899 1991 1038 2044 sicut
1068 1989 1239 2043 doleri
1257 1988 1389 2044 solet
1412 1990 1469 2043 in
1502 1999 1667 2044 morte
1685 1990 1952 2062 primoge-

373 2082 496 2149 niti,
526 2082 621 2151 qui
654 2083 740 2136 vel
776 2096 922 2137 nunc
952 2082 1089 2137 bene
1112 2083 1395 2153 plangunt,
1420 2081 1501 2137 vel
1540 2081 1594 2137 in
1624 2081 1809 2138 l'uturo
1834 2099 1953 2153 poe·

373 2173 570 2228 naliter
583 2173 855 2244 plangent.
886 2170 1046 2239 Nam,
1079 2173 1223 2228 sient
1255 2173 1648 2244 primogenitus
1673 2174 1799 2245 plus
1826 2189 1951 2230 om-

373 2264 537 2320 nibus
561 2265 685 2321 tiliis
712 2265 957 2337 diligitur
985 2284 999 2319 :
1024 2265 1105 2321 sic
1127 2265 1199 2320 ab
1223 2264 1325 2331 eis,
1343 2266 1438 2336 qui
1465 2282 1612 2322 nunc
1638 2266 1775 2323 bene.
1796 2267 1952 2337 plan-

371 2366 528 2429 gunt,
550 2355 803 2414 Christus
829 2356 1226 2429 primogenitus
1256 2369 1598 2413 mortuorum
1630 2374 1794 2430 super
1826 2375 1952 2413 om·-

373 2451 464 2505 nia
492 2450 735 2521 diligitur
768 2470 781 2505 :
814 2460 868 2507 et
895 2452 1017 2507 idco
1046 2449 1298 2520 planctus
1343 2466 1531 2505 eorum
1563 2450 1615 2504 in
1645 2451 1733 2506 dic
1762 2466 1951 2505 resur·

372 2540 633 2596 rectionis
674 2550 729 2596 et
764 2541 1125 2597 dedicationis
1155 2541 1480 2597 universalis
1522 2550 1852 2596 canivet-tetur
1894 2542 1953 2595 in

372 2630 648 2699 gaudium,
698 2641 752 2687 et
801 2640 931 2686 tunc
974 2648 1129 2686 sacco
1176 2632 1524 2688 mortalitatis
1566 2648 1756 2689 eorum
1789 2635 1952 2687 scisso

372 2722 845 2778 circumdabuntur
907 2723 1099 2778 laetitia
1153 2724 1581 2781 immortalitatis
1632 2734 1686 2781 et
1745 2727 1950 2798 gloriae,

372 2813 595 2883 quando
639 2829 844 2885 cerpus
886 2831 1077 2871 eorum
1130 2816 1460 2872 seminatum
1518 2817 1572 2872 in
1620 2818 1951 2874 contumelia

374 2915 562 2978 surget
588 2907 642 2961 in
664 2908 854 2979 gloria.
881 2905 1127 2978 Quisque
1150 2908 1339 2963 talium
1366 2918 1497 2963 tune
1527 2909 1581 2963 in
1620 2909 1709 2963 illa
1729 2909 1951 2966 dedica-

375 3001 522 3057 tione
558 3003 755 3073 poterit
783 3018 999 3067 canere,
1026 3003 1175 3074 quod
1204 3004 1294 3059 liic
1316 3003 1369 3058 in
1398 3005 1609 3073 psalmo
1636 3004 1703 3060 de
1732 3003 1950 3060 dedica-

372 3092 522 3148 tione
546 3093 748 3149 dicitur
780 3112 794 3151 ε
826 3093 1144 3150 convertisti
1188 3094 1405 3165 planctu
1428 3113 1461 3148 n
1512 3111 1683 3150 meum
1722 3096 1777 3150 in
1822 3112 1959 3166 qem-

371 3186 522 3240 dium
545 3186 673 3240 milii
695 3202 713 3241 :
736 3188 1045 3244 conscidisti
1067 3204 1282 3242 saccum
1309 3203 1501 3255 meum,
1532 3198 1581 3242 ει
1609 3187 1960 3242 circumdedi-

372 3280 444 3335 sti
468 3295 547 3333 me
579 3278 794 3335 Ioetitia.

448 3369 516 3426 Ut
545 3381 719 3426 cantet
747 3373 843 3427 tihi
886 3373 1058 3444 yion-ia
1086 3390 1223 3436 mea,
1254 3374 1307 3428 in
1339 3388 1447 3444 qna
1490 3373 1728 3428 surrexit
1757 3388 1958 3444 corpus

372 3476 555 3517 meum
583 3463 911 3519 seminatum
963 3464 1016 3519 in
1075 3464 1446 3520 contumelia:
1487 3473 1670 3517 utnon
1705 3479 1958 3533 compnn-

372 3570 491 3626 (ταν,
546 3555 676 3626 quia
709 3571 848 3610 mors
898 3554 1043 3610 ultra
1087 3572 1191 3610 non
1244 3556 1343 3611 erit
1380 3572 1543 3625 neque
1572 3555 1768 3623 tuctus,
1791 3571 1958 3626 neque

371 3646 576 3706 clamor
595 3649 780 3720 (apoc.
812 3667 925 3718 xxi,
948 3651 1028 3723 t).
1226 3650 1231 3656 ’

382 3793 390 3797 .
447 3741 684 3809 Domine,
737 3742 873 3798 Deus
916 3761 1083 3811 nicus,
1113 3745 1206 3816 qui
1241 3760 1443 3817 corpus
1483 3760 1663 3801 meum
1689 3745 1768 3802 sic
1797 3746 1956 3802 dedi-

370 3832 529 3898 casti,
555 3849 655 3903 ego
681 3833 735 3887 in
762 3834 954 3890 eodem
991 3850 1226 3906 corpore
1256 3844 1513 3907 mnquam
1542 3837 1595 3893 in
1626 3837 1829 3909 templo
1853 3838 1953 3895 tibi

370 3923 621 3980 dedicato
649 3924 702 3978 in
731 3935 983 3980 oeternum
1015 3927 1304 3997 confitebor
1337 3928 1434 3984 tibi
1464 3930 1709 3986 sociatus
1738 3930 1951 4002 angeli·

371 4018 452 4072 cis
475 4018 663 4074 clioris
694 4029 746 4074 tc
787 4019 1159 4089 laudantibus,
1192 4030 1247 4077 et
1285 4033 1571 4094 separatus
1600 4039 1632 4078 a
1667 4022 1952 4094 spiritibus

376 4109 655 4180 ittalignis,
687 4121 742 4165 et
782 4112 1100 4169 horninibus
1126 4114 1506 4185 plangentibus
1538 4129 1684 4171 nune
1718 4117 1948 4172 nimium

372 4216 516 4267 sero,
553 4204 773 4272 quando
797 4204 878 4259 cis
921 4205 1105 4260 ablato
1139 4206 1498 4277 primogenito
1530 4223 1635 4262 non
1687 4207 1794 4263 crit
1823 4223 1951 4278 spes

372 4292 438 4348 de
466 4294 658 4348 alteru.

2052 1807 2196 1863 sinet
2218 1823 2315 1863 vos
2340 1806 2659 1878 aliquandiu
2688 1806 2963 1879 plangere,
2990 1806 3170 1863 donec
3210 1806 3400 1864 dicatis
3424 1826 3437 1864 :
3487 1806 3584 1863 lle-

2051 1898 2157 1952 rito
2171 1898 2283 1954 ltoec
2305 1897 2701 1969 pntinntr,quict
2722 1898 3050 1967 peccavimus
3069 1898 3128 1951 in
3150 1897 3369 1968 fratrent
3391 1906 3592 1953 nostrum

2050 1990 2473 2063 primogenitum
2492 1989 2644 2062 (Gen.
2668 2005 2801 2055 xtn,
2816 1989 2932 2060 2¹).
2956 1990 3063 2047 Sed
3083 1990 3302 2046 taudem
3319 1990 3593 2047 conscindet

2052 2099 2243 2141 saccos
2263 2093 2494 2152 vestros,
2530 2082 2666 2139 adeo
2691 2098 2790 2139 vos
2818 2082 3063 2149 ditando,
3093 2092 3159 2139 ut
3181 2083 3362 2139 nullus
3382 2092 3589 2139 vestrum

2058 2174 2297 2246 indigeat
2354 2188 2537 2240 sacco,
2580 2181 2636 2229 et
2661 2172 3026 2229 circumdabit
3079 2188 3185 2230 vos
3230 2171 3406 2229 laetitia
3443 2171 3594 2229 dando

2053 2266 2287 2337 singulis
2337 2274 2580 2322 vestrum
2622 2265 2792 2322 stolas
2838 2266 3087 2332 decoras,
3119 2265 3323 2336 quibus
3369 2263 3520 2320 induti
3547 2274 3594 2319 ct

2053 2358 2253 2425 ornati,
2277 2374 2439 2429 atquc
2475 2357 2590 2428 jam
2635 2373 2665 2413 a
2713 2372 3000 2416 saccorum
3044 2371 3218 2413 onere
3249 2356 3448 2413 liberati
3489 2371 3594 2427 pos-

2054 2450 2176 2507 sitis
2207 2450 2509 2516 exsultare,
2541 2449 2616 2505 ita
2668 2459 2727 2505 ut
2754 2449 2988 2521 quisque
3013 2458 3260 2505 vestrum
3294 2447 3594 2505 dicatcidem

2053 2542 2414 2615 primogenitu
2440 2561 2455 2596 ε
2478 2540 2794 2598 Convertisti
2814 2541 3086 2613 planctum
3116 2556 3291 2597 nicam
3313 2541 3364 2596 in
3379 2540 3594 2616 gaudini

2052 2637 2182 2692 milii
2205 2652 2224 2691 .·
2249 2637 2556 2692 conscidisti
2579 2653 2792 2692 saccum
2828 2654 3022 2703 nteum,
3053 2647 3103 2691 et
3128 2638 3510 2693 circumdedisti
3531 2652 3598 2691 tue

2053 2728 2244 2784 toecieia
2262 2747 2281 2793 ;
2300 2737 2357 2782 ut
2388 2739 2566 2785 cantet
2595 2729 2690 2784 tibi
2713 2728 2887 2800 gloria
2916 2745 3050 2797 inea,
3079 2739 3133 2784 et
3159 2747 3265 2785 non
3292 2712 3591 2801 compungar.

2053 2816 2501 2889 Quandoquidem
2525 2828 2581 2876 ct
2603 2820 2735 2875 illud
2759 2835 2980 2876 versum
3006 2831 3092 2877 est
3128 2821 3182 2876 in
3215 2823 3430 2889 bonum,
3457 2821 3580 2892 quod

2053 2910 2349 2981 cogitatum
2408 2910 2512 2966 suit
2565 2911 2619 2966 in
2647 2913 2877 2979 malum,
2926 2912 3070 2969 sicut
3113 2923 3173 2969 tu
3204 2913 3343 2971 bone
3388 2912 3586 2984 ioseph,

2056 3001 2243 3058 dixisti
2281 3000 2542 3057 fratribus
2589 3020 2603 3059 ε
2651 3000 2748 3057 Vos
2787 3004 3063 3074 cogitastis
3123 3006 3190 3060 de
3218 3022 3298 3061 nte
3337 3006 3592 3071 muninime-t

2064 3091 2199 3149 Dens
2222 3093 2376 3148 vertit
2402 3091 2537 3147 iilud
2567 3093 2623 3148 in
2647 3094 2840 3148 bonum
2867 3093 3020 3166 (Gen.
3050 3112 3103 3161 ι,
3130 3096 3248 3168 20).

2128 3184 2376 3255 Domine,
2407 3185 2548 3242 Deus
2573 3203 2740 3254 mens,
2794 3188 2848 3242 in
2899 3198 3157 3244 oeternnm
3195 3189 3465 3261 confitebor
3497 3187 3591 3242 tibi.

2059 3276 2173 3335 lloc
2196 3277 2445 3335 dicamus
2477 3292 2669 3336 omncs
2691 3290 2746 3336 et
2777 3280 3002 3353 singuli,
3029 3282 3162 3353 quia
3187 3297 3297 3338 non
3323 3280 3486 3345 nobis,
3515 3278 3594 3333 tto-

2058 3370 2223 3437 mine,
2249 3385 2356 3426 non
2383 3371 2560 3439 nobis,
2598 3371 2691 3428 sed
2724 3371 2933 3428 nomini
2968 3381 3063 3427 tuo
3108 3372 3290 3429 danda
3332 3380 3413 3428 est
3431 3368 3592 3442 gloria,

2057 3461 2205 3532 quod
2249 3460 2398 3518 same
2431 3479 2540 3518 non
2582 3463 2846 3535 perimus,
2877 3461 3026 3535 quod
3085 3479 3283 3522 saccos
3320 3475 3504 3518 vacuos
3538 3459 3593 3513 ad

2058 3560 2110 3608 te
2134 3561 2414 3622 portantes
2448 3554 2669 3610 eosdem
2709 3552 2990 3611 frumento
3020 3553 3217 3625 plenos
3265 3563 3591 3624 reportamus.

2055 3646 2275 3715 quando
2302 3653 2355 3700 te
2375 3660 2606 3717 granum
2633 3644 2893 3702 frumenti
2920 3646 3310 3719 mysterialiter
3331 3643 3593 3700 manduca-

2055 3755 2199 3808 mus,
2226 3741 2583 3812 quoadusque
2623 3755 2818 3799 saccus
2862 3740 3218 3798 mortalitatis
3268 3747 3457 3796 nostrae
3479 3751 3592 3793 cou-

2053 3830 2337 3888 scindatur
2372 3841 2429 3889 et
2470 3833 2586 3903 jam
2622 3849 2734 3889 non
2765 3847 2863 3906 per
2889 3832 3219 3907 mysterium
3256 3832 3312 3888 in
3348 3845 3495 3888 sacco
3513 3827 3593 3882 lut·

2053 3922 2252 3992 bearis,
2278 3926 2370 3982 sed
2402 3941 2564 3983 sacco
2587 3926 2871 3982 conscisso
2893 3934 2950 3981 tu
2978 3923 3145 3998 adeps
3170 3922 3423 3984 frumenti
3451 3919 3590 3977 saties

2052 4013 2107 4069 in
2139 4013 2298 4071 bonis
2329 4015 2663 4072 desiderium
2701 4027 2973 4074 nostrum.

2122 4104 2310 4162 Gloria
2354 4106 2514 4165 Patri
2565 4110 2790 4167 domum
2844 4110 3014 4167 David
3071 4110 3266 4168 festive
3320 4106 3576 4168 dedicanti.

2049 4199 2303 4270 primitus
2382 4199 2439 4256 in
2501 4200 2856 4258 fundamento
2929 4203 3254 4260 resuscitato
3328 4212 3383 4260 et
3451 4199 3589 4274 glori-

2048 4291 2209 4348 licato
2248 4292 2611 4365 primogenito
2647 4304 3025 4364 mortuorum,
3066 4297 3263 4353 deinde
3293 4292 3583 4352 universali-

441 4383 486 4440 Ο
507 4386 715 4452 Ariani,
745 4387 838 4456 qui
867 4387 1145 4444 Christum
1177 4387 1374 4445 Filium
1403 4387 1496 4444 Dei
1520 4389 1942 4462 primogenitum
1975 4397 2021 4454 1)
2048 4394 2131 4441 ter
2162 4385 2216 4440 in
2245 4387 2481 4457 generali
2531 4397 2874 4445 mortuorum
2922 4391 3323 4447 resurrectione
3360 4405 3420 4446 ac
3443 4390 3587 4444 bono-

371 4475 632 4547 ncgastis,
663 4493 789 4531 cum
827 4477 879 4532 in
912 4478 1003 4533 illa
1047 4479 1411 4536 dedicationis
1451 4479 1743 4537 festivitate
1788 4482 1940 4540 illum

371 4569 788 4638 primogenitum
826 4573 1191 4642 cognoscetis,
1256 4573 1723 4630 inconsolabiliter
1779 4591 1942 4646 super
1980 4624 1983 4627 .

370 4661 549 4731 ipsum
577 4662 997 4734 primogenitum
1044 4665 1335 4737 plangetis,
1364 4667 1491 4736 quia
1523 4666 1617 4721 illo
1652 4668 1941 4738 reprobato

371 4753 602 4807 alterum
630 4770 738 4808 non
762 4755 1050 4812 invenietis
1078 4776 1091 4812 :
1116 4771 1292 4828 neque
1320 4758 1467 4813 enim
1499 4766 1584 4814 est
1620 4758 1761 4815 alius
1786 4767 1942 4815 extra

371 4847 521 4901 illum
569 4846 995 4918 primogenitum
1027 4849 1121 4905 Dei
1187 4850 1381 4918 Filius,
1426 4851 1479 4906 in
1511 4867 1621 4922 quo
1650 4851 1776 4908 tiliis
1802 4851 1940 4908 ado-

370 4941 532 5009 ptatis
579 4941 689 4995 ulla
742 4942 815 4997 sit
851 4942 1022 4999 salus.
1072 4942 1215 5000 Deus
1260 4942 1421 4999 Pater
1469 4960 1594 5000 cum
1646 4944 1942 5001 introducit

369 5035 515 5090 bunc
555 5035 973 5107 primogenitum
1005 5036 1057 5091 in
1083 5037 1270 5093 orbem
1313 5047 1472 5093 terrae
1493 5037 1627 5093 dicit
1658 5057 1671 5093 :
1708 5036 1773 5092 Et
1809 5038 1941 5092 ado-

370 5137 481 5180 rent
523 5143 641 5180 enm
695 5145 871 5183 ontnes
920 5128 1095 5200 atiyeii
1146 5127 1244 5183 Dei
1293 5126 1483 5197 (Hebr.
1527 5144 1564 5195 ¹,
1588 5127 1666 5199 6).
1700 5127 1808 5184 Vos
1834 5145 1938 5183 au-

368 5228 474 5274 tem
506 5222 846 5291 praedicastis
878 5222 1029 5278 illum
1077 5237 1201 5278 esse
1240 5230 1571 5288 creaturam,
1617 5237 1794 5292 neque
1839 5237 1940 5277 an-

366 5312 525 5384 gelis,
578 5329 755 5383 neque
814 5314 1132 5370 horninibus
1184 5313 1526 5369 adorandum
1586 5312 1728 5369 sicut
1779 5311 1939 5368 Pater

364 5405 641 5460 adoratur.
688 5405 797 5461 Vos
826 5405 973 5462 enim
1020 5406 1236 5462 dixistis
1263 5420 1390 5463 eum
1433 5404 1592 5461 Patre
1636 5405 1932 5471 minorem,

364 5510 543 5565 neque
597 5498 665 5552 ab
709 5498 803 5560 illo
860 5498 1123 5569 gentium,
1168 5497 1261 5553 scd
1312 5497 1536 5553 iactum.
1591 5496 1718 5552 Nos·
1750 5505 1936 5552 autem

365 5587 629 5656 genitum,
653 5605 760 5643 non
799 5588 1024 5655 sactum,
1054 5590 1576 5646 consubstantialem
1610 5588 1755 5644 Patri
1788 5589 1937 5645 bunc

366 5675 787 5747 primogenitum
839 5681 1173 5749 adoramus,
1232 5689 1395 5752 atque
1447 5697 1556 5737 una
1602 5695 1725 5737 cum
1775 5677 1935 5737 Patre

2044 4493 2166 4533 rum
2202 4478 2617 4550 glorificatione.
2646 4479 2832 4537 Gloria
2863 4480 3030 4550 Filio,
3059 4484 3156 4555 qui
3187 4483 3242 4538 in
3266 4485 3370 4538 boc
3404 4480 3586 4553 psalmo

2045 4571 2231 4627 laudat
2281 4571 2499 4628 Patrem
2543 4589 2641 4644 pro
2681 4590 2795 4630 suae
2834 4575 3033 4631 domus
3065 4576 3426 4650 dedicatione,
3465 4573 3585 4628 inse

2037 4664 2152 4734 Jam
2183 4663 2455 4729 dedicato,
2504 4665 2643 4721 etin
2678 4666 2795 4723 suis
2843 4666 3024 4723 adltuc
3070 4667 3402 4723 dedicandis.
3424 4663 3585 4721 Gloria

2043 4755 2273 4828 Spiritui
2298 4767 2503 4825 sancto,
2531 4759 2690 4830 cujus
2720 4774 2858 4829 opus
2898 4769 2982 4815 est
3012 4761 3128 4816 liaec
3165 4761 3280 4832 ipsa
3322 4756 3580 4815 dedicatio.

2039 4847 2208 4914 Nam,
2241 4849 2388 4905 sicut
2415 4849 2577 4906 Pater
2608 4850 2776 4907 David
2829 4851 2884 4906 in
2934 4866 3090 4918 auro,
3123 4863 3364 4924 argento,
3403 4863 3497 4905 aerc
3528 4859 3584 4902 ac

2041 4941 2314 5014 lapidibus
2341 4943 2599 5014 pretiosis
2629 4945 2903 5014 impensas
2930 4944 3256 5001 aedisscandae
3284 4944 3468 4999 domus
3488 4939 3580 4994 tilio

2040 5049 2143 5090 suo
2178 5032 2455 5091 Salomoni
2503 5036 2668 5100 dedit,
2706 5052 2770 5090 ac
2796 5035 3022 5107 proinde
3050 5037 3166 5108 ipsa
3193 5036 3405 5102 domus,
3434 5046 3575 5105 quant

2039 5127 2326 5183 aeditlcavit
2374 5125 2634 5183 Salomon
2665 5128 2832 5194 tilius,
2865 5129 2917 5183 in
2953 5127 3057 5184 boc
3093 5129 3303 5199 psalmo
3326 5127 3575 5182 intitulata

2038 5229 2125 5276 est
2169 5222 2368 5277 domus
2418 5219 2587 5276 David
2644 5228 2866 5291 propter
2915 5222 3195 5277 materiam
3236 5232 3290 5278 et
3337 5234 3576 5290 expensas

2037 5310 2178 5380 ejuS,
2211 5326 2351 5381 quas
2398 5310 2721 5382 praeparavit
2758 5309 2969 5366 David:
3023 5311 3106 5368 sie
3148 5311 3289 5369 Deus
3334 5312 3482 5367 Pater
3519 5310 3576 5363 de

2037 5402 2211 5460 nihilo
2238 5417 2432 5458 creans
2457 5403 2662 5470 omnia,
2690 5402 2973 5457 materiam
2997 5412 3051 5458 et
3078 5406 3349 5476 impensas
3380 5413 3570 5473 praepa*

2037 5497 2200 5564 ravit,
2233 5495 2376 5551 unde
2396 5493 2583 5550 ‘Filius
2625 5495 2767 5565 ejus,
2796 5505 2999 5551 aeterna
3031 5497 3275 5554 videlicet
3298 5491 3568 5567 Sapientia,

2035 5588 2322 5645 :edificavit
2350 5587 2452 5643 sibi
2475 5587 2722 5654 domum,
2749 5588 2911 5657 cujus
2937 5589 3134 5647 donnus
3161 5590 3419 5646 dedicatio
3440 5592 3568 5639 recte

2035 5678 2348 5737 attribuitur
2378 5676 2601 5750 Spiritui
2625 5687 2837 5747 sancto,
2863 5678 2956 5751 qui
2978 5679 3119 5740 banc
3145 5681 3361 5739 domum
3383 5681 3564 5749 septem
