3817 6000
172 247 229 306 em
637 240 797 300 cludunt
814 239 896 298 ctu.
917 238 997 298 REG.
1019 240 1048 298 S.
1071 237 1233 299 ViC’l'OlllS
1252 238 1364 297 rums.
1758 243 1815 299 ste

171 378 231 421 riou
242 360 306 429 iuit,
318 358 404 416 homo
413 372 485 429 pene
496 353 627 413 non‘iuit.
641 354 679 411 hc
692 355 744 411 hue
760 354 910 411 solitudine
920 368 970 424 per
983 360 1006 417 Α
1021 354 1104 411 rebus
1116 353 1176 427 ejus
1190 368 1268 409 mens
1283 353 1415 425 pascitur.
1428 349 1545 410 Necesse
1560 361 1604 411 cst
1621 368 1688 426 ergo
1697 363 1729 411 ut
1743 355 1815 415 inter

111 476 116 484 ’
165 455 275 513 'isaiam
300 451 423 510 dicitur:
445 450 595 506 Laetabitur
612 450 763 504 deserta-et
787 447 860 502 inuia
881 445 970 502 asul-
1019 447 1201 516 occultaque
1213 444 1816 518 penetrat,liliushominisvoceturutsem·

173 547 244 604 tobit
263 545 390 613 solitudo,
402 552 427 598 et
440 541 633 614 pereditqrmsi
647 540 734 596 lilium
747 538 816 611 (isc.
829 553 912 606 xxxv,
929 538 968 610 ι).
1019 553 1068 610 per
1091 546 1221 610 agnoscat
1241 539 1315 609 qnod
1335 546 1389 606 εει,
1408 545 1435 593 ει
1450 552 1591 609 nunquam
1607 540 1756 596 extollatur
1780 541 1818 600 de

171 638 211 697 Et
224 654 335 696 rursum
348 637 384 693 de
393 635 515 694 Ecclesia
527 635 628 691 dicitnr
643 653 650 689 :
666 633 749 688 Ponet
764 633 897 688 desertum
910 631 969 702 ejas
1019 632 1063 687 his
1075 632 1110 686 ad
1121 647 1182 702 quae
1192 632 1314 701 ducitur.
1327 628 1399 698 Quid
1410 638 1453 685 est
1463 630 1537 685 enim
1550 630 1693 702 prophetae
1706 634 1740 691 ad
1758 634 1817 707 spi·

173 733 253 804 quasi
267 731 389 799 delirius,
407 740 432 785 ει
448 729 618 785 solitudinem
635 726 692 798 ejccs
707 725 903 799 quusihortum
914 723 969 780 De·
1019 722 1128 778 ritualia
1142 722 1284 779 sublevato
1301 736 1410 791 semper
1420 718 1461 790 tta·
1473 722 1587 776 hominis
1599 722 1683 795 369
1704 724 1743 779 his
1771 725 1819 781 di.

174 824 242 878 mini
253 820 323 894 (isa.
339 838 377 890 ιι,
391 818 531 891 5).ἰ“ειιι
546 834 613 876 vero
633 818 782 891 salsuginis
803 817 862 875 ltaee
873 817 968 873 eadem
1020 814 1152 883 ccrc,nisi
1163 814 1402 870 euminlirmitatis
1412 813 1530 886 propriae
1542 829 1691 871 memorem
1705 815 1819 873 iacere?

174 914 296 971 solitudo
307 913 420 986 repetita
434 921 488 981 est,
504 927 566 983 qnae
580 911 740 984 priusquam
756 926 848 967 reram
864 908 911 964 uei
924 922 970 963 sa·
1020 902 1365 962 Utconscins'conditionis
1380 905 1496 961 inllrmee
1507 905 1607 962 clevari
1619 907 1646 961 in
1658 909 1817 979 cognitione

172 1007 304 1079 pientiam
317 1016 507 1078 cognesceret,
529 1003 695 1077 salsuginem
708 1004 882 1075 protulerat:
903 996 969 1071 quia
1019 1011 1076 1052 nou
1098 996 1196 1053 debeat
1209 997 1243 1055 de
1268 997 1456 1068 magnitudine
1481 993 1720 1070 conlemplationis
1746 1015 1815 1055 susc.

171 1099 279 1155 trullam
291 1097 457 1154 viriditatem
478 1098 542 1153 boni
565 1096 720 1154 intellectus
742 1095 886 1167 prolereus
904 1108 969 1163 pcr-
1019 1087 1088 1156 Quin
1104 1090 1251 1161 ergoidem
1273 1090 1405 1163 propheta
1423 1099 1517 1163 typum
1539 1091 1748 1162 predicantium
1770 1094 1817 1149 vet

170 1206 254 1248 serso
269 1190 402 1262 sapiebat.
414 1189 531 1245 Domnm
542 1204 609 1262 crgo
625 1189 652 1243 in
668 1186 827 1256 solitudine,
841 1186 969 1242 taberna·
1018 1181 1164 1237 doctorum
1178 1190 1261 1249 tenet,
1287 1191 1359 1239 recte
1380 1183 1405 1238 ci
1427 1198 1501 1239 nutre
1522 1183 1623 1240 dicitur
1638 1203 1645 1238 :
1661 1183 1741 1239 Surae
1766 1185 1817 1239 tihi

169 1283 267 1338 culum
285 1282 313 1339 in
336 1290 409 1339 terra
424 1280 574 1352 salsuginis
592 1279 698 1350 aceepit
714 1275 848 1335 Dominus
872 1295 879 1332 ι
903 1276 969 1348 quia
1018 1274 1139 1343 laterem,
1153 1286 1179 1332 ct
1199 1292 1267 1345 porte
1279 1292 1338 1330 eum
1357 1291 1446 1331 corum
1461 1286 1494 1331 tc.
1510 1275 1607 1332 Omnis
1627 1278 1701 1332 enim
1717 1278 1818 1335 doctor

169 1376 334 1431 incarnatus
364 1388 415 1444 pro
452 1370 613 1426 henrinibns
646 1369 777 1425 derelicta
806 1358 969 1440 gentilitatis
1018 1382 1081 1422 cnm
1099 1375 1239 1424 terrenum
1267 1370 1424 1440 quempiam
1453 1369 1605 1426 oudilonem
1633 1370 1667 1425 ad
1693 1368 1817 1426 coelestis

169 1466 257 1523 eorda
270 1464 401 1537 possedit.
413 1461 493 1519 Uinde
506 1462 531 1518 ei
544 1460 633 1518 Patris
640 1476 712 1517 voce
731 1476 781 1533 per
793 1460 968 1518 Psalmistam
1001 1458 1094 1514 'verbi
1105 1458 1261 1515 doctrinam
1275 1460 1401 1532 suscipit,
1419 1458 1532 1517 laterem
1545 1460 1671 1516 assumit.
1682 1460 1734 1518 Cui
1747 1461 1816 1518 dum

173 1557 274 1615 dicitur
290 1575 297 1612 r
319 1554 461 1612 Postulao
475 1571 526 1620 me,
538 1563 563 1609 et
576 1552 644 1609 dabo
663 1553 711 1607 tihi
726 1562 814 1626 gentes
827 1552 970 1608 heredita·
1018 1551 1092 1622 loqui
1104 1551 1219 1622 coeperit
1230 1566 1292 1624 quse
1305 1553 1342 1609 sit
1352 1552 1494 1609 retributio
1504 1552 1626 1609 scelestis
1635 1554 1740 1624 patriae,
1752 1569 1818 1625 quiae

169 1659 226 1706 tem
253 1659 344 1716 tecm,
372 1656 397 1703 et
425 1647 614 1718 possessionem
636 1654 709 1700 tunm
737 1644 874 1709 urniirros
890 1653 968 1699 terrce
1018 1642 1089 1699 visio
1098 1643 1320 1715 pacissupernae,
1334 1645 1473 1701 ciuitatem
1484 1642 1635 1700 Jerusalem
1648 1645 1777 1702 describit
1786 1646 1816 1702 in

167 1740 260 1813 (Prot.
277 1756 307 1809 n,
319 1740 358 1813 8).
372 1738 426 1808 Qui
437 1738 517 1811 justa
532 1739 584 1795 hoc
596 1737 670 1808 quod
682 1734 754 1794 Deris
766 1744 819 1803 cst,
834 1750 897 1792 cum
916 1733 969 1790 Pa·
985 1706 1115 1792 Blatere.
1131 1734 1219 1803 Quem
1238 1750 1331 1793 coram
1354 1752 1384 1793 se
1401 1737 1479 1808 ponit
1503 1752 1568 1794 cum
1594 1737 1699 1793 intentu
1723 1749 1817 1793 mente

173 1846 214 1892 tre
236 1834 284 1891 dat
297 1834 391 1890 omnia
412 1851 419 1889 z
439 1832 597 1904 juxtarero
620 1831 673 1887 hoc
686 1829 760 1903 quod
781 1831 930 1897 homoest,
951 1843 968 1884 a
1019 1827 1180 1900 qualitatem
1195 1828 1333 1885 audientis
1354 1827 1521 1896 considerat,
1542 1829 1627 1886 idest
1648 1827 1816 1900 proiectum,

167 1927 254 1985 Patre
270 1927 370 1999 accipit
392 1924 495 1991 omnia,
519 1924 591 1980 sieut
614 1923 748 1993 scriptum
766 1930 809 1980 est
824 1941 831 1978 :
848 1921 969 1977 Potestc-
1019 1918 1061 1975 rel
1078 1918 1215 1975 deiectum
1238 1919 1384 1990 conspicit,
1397 1930 1424 1976 ct
1435 1920 1647 1992 juxtaejusdem
1660 1920 1818 1992 intelligen-

171 2033 225 2079 tem
235 2021 308 2077 dedit
323 2021 348 2076 ei
359 2017 491 2090 judicium
505 2018 602 2089 fucere,
615 2018 679 2088 quio
697 2015 784 2071 Filius
798 2015 914 2071 hominis
928 2023 970 2069 est
1019 2013 1098 2082 tiam,
1110 2012 1313 2084 praedicationis
1323 2028 1381 2069 suae
1392 2013 1475 2069 verba
1483 2013 1642 2069 moderatur
1652 2021 1682 2069 ut
1693 2011 1816 2069 describi

168 2114 265 2186 dicem
285 2129 312 2181 v,
325 2111 384 2182 ιι).
403 2110 437 2166 Ει
453 2125 562 2167 rursum
576 2111 762 2181 scriptumest
776 2127 783 2164 ε
799 2107 890 2165 Sciens
904 2108 968 2179 quin
1020 2105 1049 2161 in
1069 2104 1208 2161 audientis
1225 2114 1317 2161 mente
1330 2103 1428 2160 ciuitas
1446 2102 1611 2173 Jerusalem,
1632 2104 1660 2161 ld
1680 2114 1723 2161 est
1746 2104 1817 2158 cisio

169 2206 262 2260 omnia
274 2204 347 2259 dedit
360 2202 384 2257 ei
394 2200 478 2256 Pater
489 2201 518 2255 in
528 2216 624 2255 meets
646 2198 738 2271 (doura.
756 2214 817 2266 xrrv,
834 2199 875 2267 b),
886 2196 970 2269 369
1020 2198 1094 2272 puris
1105 2197 1202 2269 possit.
1218 2195 1331 2253 Dicatur
1342 2211 1407 2268 ergo
1424 2213 1430 2251 :
1447 2195 1528 2253 Sume
1539 2198 1590 2253 tihi
1599 2197 1719 2265 luterem,
1731 2196 1759 2251 id
1771 2205 1818 2252 εει

168 2296 214 2352 rel
227 2296 300 2354 sieut
310 2296 369 2366 ipse
379 2292 465 2350 dicit:
481 2276 565 2348 Omne
575 2291 645 2350 seed
657 2291 705 2345 dot
731 2290 796 2345 milti
820 2289 914 2358 Peter,
932 2288 968 2345 cd
1019 2288 1138 2359 proximi
1152 2302 1201 2345 eor
1223 2296 1360 2354 tenerum,
1375 2303 1454 2358 pones
1469 2304 1530 2343 cam
1553 2304 1643 2343 corum
1659 2300 1693 2354 te,
1708 2287 1816 2344 seilicet

175 2405 218 2444 nte
230 2389 313 2444 renim
326 2385 419 2457 (locu.
429 2385 482 2457 vi).
1019 2389 1050 2437 ut
1064 2380 1148 2436 vitam
1160 2387 1242 2451 atque
1254 2378 1422 2435 intellectum
1437 2379 1511 2435 illius
1525 2379 1629 2435 intenta
1645 2388 1736 2436 mente
1761 2394 1816 2435 en-

208 2478 285 2547 (tud)
305 2476 469 2533 Solitudlnis
495 2474 607 2531 notitiae
629 2471 767 2544 separatio
789 2472 824 2529 ab
844 2470 968 2529 Ecclesia
1019 2472 1132 2542 acutas,
1148 2482 1172 2530 et
1183 2471 1313 2529 describes
1327 2473 1355 2528 in
1371 2489 1402 2528 ea
1417 2472 1552 2529 ciuitatem
1565 2473 1728 2542 Jerusalem,
1745 2485 1774 2530 ut
1788 2477 1815 2529 ci

172 2558 344 2642 intelligitur,
361 2567 433 2624 sicut
447 2582 495 2639 pcr
513 2565 624 2622 beatum
639 2563 690 2621 iob
700 2563 735 2622 de
749 2565 886 2623 hereticis
902 2563 969 2622 dici·
1019 2583 1081 2640 qnte
1094 2566 1150 2623 sint
1172 2581 1290 2639 superna
1311 2566 1410 2638 gaudia
1423 2566 1456 2623 de
1470 2565 1574 2623 visione
1594 2581 1720 2638 supernae
1737 2567 1818 2637 pacis

170 2671 218 2717 tur
241 2679 249 2716 z
263 2660 316 2726 Qui
332 2657 461 2715 rodebam
481 2658 510 2713 itt
526 2657 680 2727 solitudine,
694 2656 844 2729 munientes
858 2655 970 2712 catania·-
1020 2659 1186 2717 iunotcscas.
1200 2656 1286 2726 Quasi
1300 2658 1445 2729 animiam
1458 2656 1609 2715 ierusalem
1624 2658 1759 2730 descripta
1770 2671 1817 2716 cst

171 2764 227 2828 sate
247 2761 273 2808 et
302 2751 412 2808 miseria
437 2749 499 2823 (doh
522 2766 588 2819 sss,
603 2750 642 2824 ὅ).
667 2747 738 2806 ilodi
766 2749 868 2821 quippe
900 2747 970 2807 solet
1019 2750 1241 2821 trilaterarum
1261 2760 1369 2808 terrem
1390 2766 1468 2809 mens
1487 2752 1601 2823 coepcrit
1622 2752 1815 2823 quccsintilla

171 2845 247 2917 quod
259 2843 367 2901 cerredi
379 2859 433 2900 uon
445 2851 544 2914 potest.
560 2838 686 2900 liceretici
700 2850 803 2911 autem,
817 2841 882 2914 quia
897 2840 970 2898 Scri·
1019 2841 1133 2899 internae
1148 2843 1224 2914 pacis
1235 2843 1333 2915 gaudia
1344 2857 1410 2898 vera
1423 2856 1600 2914 cognoscere,
1614 2852 1642 2899 ct
1656 2843 1689 2898 ad
1703 2844 1816 2914 conspi-

171 2928 282 3010 pturam
306 2949 414 2992 sacram
440 2933 591 3008 intelligere
606 2950 656 2992 sua
669 2934 783 2992 ’virtute
804 2933 968 3005 moliuntur,
1018 2934 1145 2991 ciendam
1169 2934 1284 3008 gloriam
1309 2934 1405 3008 patrie
1428 2927 1550 2992 coe'lestis
1572 2934 1711 2991 arrltclare.
1726 2934 1817 3004 Quasi

171 3044 234 3086 caru
246 3027 347 3100 procui
366 3026 451 3084 dubio
479 3026 684 3099 apprehendere
706 3042 883 3102 nequaquam
904 3042 969 3100 pos·
981 3055 1004 3115 0
1020 3027 1135 3083 intentae
1150 3026 1227 3098 pacis
1247 3026 1320 3084 risio
1333 3027 1509 3096 dcscribitur,
1526 3027 1637 3098 quando
1651 3042 1728 3083 mens
1751 3045 1817 3100 quae

172 3115 247 3179 sunt
259 3119 349 3190 Quam
369 3119 436 3177 dunt
454 3134 509 3177 non
529 3119 694 3192 intelligunt,
709 3103 790 3193 quasi
802 3134 858 3176 non
870 3117 966 3177 edunt.
1020 3128 1128 3176 terrena
1143 3119 1221 3191 prius
1244 3129 1374 3190 sapuerat
1389 3135 1438 3191 per
1462 3132 1596 3187 amorem,
1615 3118 1673 3191 jam
1689 3119 1723 3176 ad
1745 3134 1815 3176 con·

171 3207 205 3268 u
224 3208 289 3283 quia
311 3224 432 3282 superna
456 3208 543 3281 grstia
561 3224 617 3265 non
638 3209 725 3282 adjuti
741 3209 906 3267 hancedere
919 3225 969 3266 ne·
1018 3210 1203 3283 templandam
1225 3211 1341 3283 gloriam
1366 3211 1451 3291 regni?
1469 3211 1590 3269 coelestis
1611 3212 1742 3269 elevatur.
1758 3209 1814 3269 Sed

160 3311 289 3375 queunt,
301 3302 383 3374 quasi
398 3301 563 3374 quibusdam
576 3301 651 3358 illam
665 3301 773 3361 nisibus
782 3303 894 3360 rodunt.
910 3301 967 3360 Es·
1019 3318 1084 3361 mox
1105 3314 1136 3362 ut
1147 3302 1257 3362 animus
1271 3319 1366 3361 amare
1379 3304 1503 3363 coelcstia
1518 3305 1644 3378 eoeperit,
1658 3320 1721 3362 mos
1735 3312 1765 3360 nt
1776 3301 1815 3362 ad

172 3394 260 3451 teritis
285 3393 387 3465 quippe
401 3391 477 3449 iilam
499 3401 671 3450 contrectant
693 3408 757 3450 cum
773 3394 903 3466 quiddam
919 3410 969 3452 co·
1018 3394 1153 3453 visionem
1164 3396 1241 3469 pacis
1254 3396 1358 3456 intime
1371 3406 1428 3455 tota
1446 3414 1476 3456 se
1497 3399 1647 3457 intentione
1660 3398 1814 3473 collegerit,

173 3496 286 3556 uantur,
309 3485 359 3544 sed
380 3500 436 3542 uon
453 3485 488 3543 ad
502 3484 563 3558 ejus
584 3485 714 3543 interiora
727 3486 898 3557 perueniunt.
914 3485 969 3556 Qui
1018 3489 1149 3562 antiquus
1164 3487 1401 3560 illeadrersarius,
1413 3491 1462 3564 qui
1473 3491 1507 3550 de
1518 3493 1589 3550 eceli)
1601 3492 1694 3565 lapsus
1707 3500 1761 3561 est,
1769 3491 1815 3548 in·

173 3578 239 3651 quia
252 3577 287 3634 ab
297 3574 461 3634 universalis
471 3573 601 3633 Ecclesia
612 3575 744 3635 sodetate
750 3576 880 3649 disiuncti
891 3586 967 3646 suut,
1017 3567 1103 3649 videt,
1114 3588 1140 3637 et
1155 3578 1281 3638 insidiari
1296 3581 1416 3654 amplius
1429 3583 1534 3656 incipit,
1548 3592 1576 3641 et
1584 3585 1717 3653 acriores,
1727 3599 1814 3656 quam

173 3685 230 3726 uon
245 3668 367 3741 quolibet
378 3668 485 3736 rodere,
500 3668 548 3726 sed
566 3669 594 3725 in
609 3669 757 3727 solitudine
767 3678 967 3728 memorantur.
1019 3681 1200 3732 consueuerat
1213 3673 1379 3732 tentationes
1398 3675 1536 3745 admovet,
1552 3676 1587 3732 ita
1600 3685 1630 3732 ut
1650 3676 1814 3749 plerumque

173 3761 215 3818 ud
233 3776 316 3833 quam
336 3759 469 3817 nimirum
484 3760 670 3830 solitudinem,
688 3761 754 3835 quia
775 3762 969 3834 pmuicacores
1020 3765 1061 3824 sic
1075 3765 1247 3823 resistentem
1260 3766 1381 3823 animam
1395 3776 1490 3838 tentet,
1510 3768 1581 3825 sicut
1595 3777 1658 3824 ante
1670 3783 1813 3840 nunquam

174 3853 236 3910 ialsi
251 3860 398 3925 εεειιειιιεε
418 3868 485 3911 suos
507 3852 657 3923 traherent,
679 3854 761 3928 louge
783 3864 846 3913 ante
862 3856 969 3913 Veritas
1020 3865 1181 3925 tentaverat,
1195 3858 1306 3928 quando
1316 3856 1484 3930 possidebat.
1505 3856 1584 3915 Unde
1598 3867 1731 3930 seriptum
1745 3868 1812 3916 est:

175 3947 339 4018 premonuit
348 3946 466 4005 dicens:
482 3946 514 4004 Si
531 3947 648 4004 dicerint
661 3947 744 4017 uehis,
755 3964 814 4005 ecce
827 3949 854 4004 in
865 3949 969 4005 deserto
1019 3947 1089 4018 Fili,
1100 3948 1225 4004 accedens
1236 3947 1272 4003 sd
1284 3950 1436 4006 mmitutem
1451 3949 1512 4019 liei,
1526 3959 1569 4005 stu
1582 3950 1610 4004 ln
1616 3949 1726 4021 justitia
1739 3960 1764 4004 et
1777 3951 1814 4005 ti-

170 4045 224 4104 cst,
244 4037 327 4112 nolite
346 4038 419 4093 esire
435 4035 545 4110 (ιιειιι.
562 4054 637 4105 xxiv,
655 4037 713 4109 ιι).
727 4037 780 4106 Qui
792 4046 865 4095 reete
877 4039 970 4108 perhi-
1019 4056 1102 4108 more,
1121 4048 1147 4095 et
1165 4053 1286 4109 praepura
1301 4041 1420 4096 unimam
1432 4049 1506 4095 tutum
1520 4041 1555 4096 ud
1567 4041 1736 4097 tentationem
1748 4039 1814 4110 (Ec-

174 4129 276 4186 bcntur
285 4130 477 4187 calamitateet
485 4128 597 4186 miseria
608 4128 737 4201 squalidi,
745 4129 810 4201 quis
822 4137 850 4185 et
859 4144 969 4187 morum
1020 4129 1065 4186 cti.
1080 4144 1113 4197 ιι,
1128 4128 1166 4202 ι).
1179 4127 1258 4186 Unde
1270 4139 1298 4187 et
1310 4129 1499 4188 daemoniacus
1512 4130 1560 4202 qni
1575 4129 1717 4188 alioruino
1729 4146 1814 4186 suna·

174 4230 240 4278 snm
257 4219 380 4292 pernicie
392 4228 420 4276 et
441 4235 573 4277 sensuum
587 4218 721 4290 pravitate
737 4220 868 4293 despecti.
1020 4235 1066 4284 tur
1079 4226 1113 4283 ab
1127 4234 1244 4283 excunte
1261 4226 1385 4284 daemone
1403 4227 1579 4299 disrumpitur,
1593 4227 1666 4285 sicut
1680 4229 1813 4299 scriptum

458 4348 574 4408 CAPUT
590 4348 684 4408 xpm·
1020 4329 1063 4378 εει
1076 4337 1084 4379 :
1100 4319 1136 4376 Et
1149 4321 1280 4388 clamans,
1295 4331 1320 4377 et
1336 4322 1449 4377 multum
1462 4322 1613 4394 discerpens
1632 4339 1692 4380 cunt
1704 4324 1768 4378 exiit
1779 4320 1813 4376 ab

985 4401 1157 4489 Decidium.
1170 4431 1198 4483 v,
1211 4415 1250 4488 5).
1264 4414 1335 4483 Quid
1348 4422 1391 4471 est
1401 4414 1473 4472 enim
1485 4416 1558 4487 quod
1566 4417 1710 4476 obsessum
1724 4414 1813 4471 botni-

1023 4524 1087 4564 nem
1102 4507 1231 4580 antiquus
1252 4506 1341 4564 bostis
1356 4520 1437 4578 quem
1459 4520 1618 4578 possessum
1636 4522 1693 4563 non
1708 4506 1814 4562 discer-

209 4577 286 4652 (457)
304 4576 419 4651 ⁸88⁰?ss
444 4577 556 4636 mimine
581 4578 668 4636 ⁰¹⁰¹&
692 4579 872 4638 ¹0¹¹¹²¹¹5⁰¹¹¹¹¹¹¹
896 4581 971 4640 ‘¹0⁸5’
1022 4610 1124 4671 pserat,
1138 4598 1267 4655 deserens
1288 4596 1444 4667 discerpsit,
1471 4596 1525 4654 nisi
1548 4598 1622 4670 quod
1642 4598 1814 4669 plerumque,

175 4679 307 4745 guantur,
319 4671 393 4728 sicui
403 4670 438 4726 ad
449 4669 622 4728 Ezechielem
636 4671 737 4728 dicitur
750 4690 757 4728 :
771 4671 829 4727 Fidi
842 4673 968 4744 demittis,
1021 4690 1088 4746 dum
1098 4689 1131 4746 dg
1140 4689 1222 4746 gordo
1234 4688 1389 4760 expellunt,
1404 4690 1525 4746 agg-{0103
1541 4689 1570 4746 in
1580 4689 1663 4762 ³⁷0
1674 4704 1708 4745 eq
1725 4697 1813 4745 genta.

175 4779 249 4818 ΜΘ
267 4763 316 4818 liii
333 4761 456 4830 iditum,
466 4773 492 4819 ιι
506 4779 587 4836 ΡΜ
600 4780 661 4820 ‘¹⁰¹²
676 4780 767 4820 mm
780 4775 815 4835 ιθ,
829 4775 855 4822 0¹
867 4767 970 4823 demi·
1021 4782 1110 4838 tiones
1124 4791 1234 4853 generat
1249 4795 1331 4853 qnam
1351 4781 1429 4852 prins
1443 4781 1609 4839 excitaverat
1634 4780 1745 4852 quando
1760 4779 1813 4837 hoc

176 4855 220 4909 bes
236 4856 264 4910 its
277 4869 308 4911 co
323 4855 458 4911 ciuitatem
474 4854 634 4926 Jerusalem,
647 4867 674 4913 et
692 4858 829 4914 ordinabis
843 4860 968 4916 adversus
1020 4873 1129 4945 quietus
1140 4871 1306 4943 possidebat,
1321 4870 1400 4929 unge
1414 4871 1544 4931 imppp„
1558 4887 1669 4945 quoque
1688 4872 1723 4929 gp
1739 4871 1812 4944 Moy.

173 4963 234 5003 eum
251 4945 413 5003 obsidionem
428 4949 612 5021 dimdificdiit'd
628 4952 835 5021 munitiones‚et
847 4970 969 5026 compor-
1020 4981 1069 5022 5011
1085 4973 1113 5022 el,
1126 4964 1218 5020 Aaron
1237 4963 1332 5021 dignm
1357 4983 1364 5021 ;
1386 4963 1516 5020 Videatur
1536 4964 1677 5032 Dominus,
1690 4972 1717 5021 ιι
1733 4963 1813 5036 jpdg'·

174 5038 245 5095 “⁸⁶5⁸
260 5054 381 5111 mmm
402 5050 428 5095 θ’
448 5039 525 5097 ‘¹⁰⁶5‘
539 5049 632 5097 ‘⁰¹⁸¹‘ss
648 5059 707 5098 “⁰¹¹
725 5055 827 5114 mimi
847 5056 872 5102 ⁶3
889 5063 968 5118 9⁰¹¹&
1019 5065 1059 5134 cet
1073 5058 1136 5130 quin
1151 5056 1230 5127 fetere
1251 5057 1352 5127 fecistis
1370 5058 1477 5113 odorem
1492 5067 1613 5113 nostruin
1633 5073 1724 5112 coram
1740 5055 1812 5111 Pica·

176 5131 272 5188 “W
283 5131 311 5187 5²²
325 5147 390 5204 ditm
401 5130 510 5204 (Emit
526 5149 564 5200 vr,
582 5132 608 5202 i,
620 5134 660 5204 2).
679 5131 731 5191 Ubi
745 5136 825 5193 ¹¹⁰¹)ss
838 5138 915 5209 prius
926 5138 969 5193 in·
1021 5163 1100 5203 ruens
1113 5156 1138 5202 ει
1152 5146 1233 5201 ιειειι
1247 5146 1316 5216 eius,
1330 5153 1356 5199 ct
1366 5145 1517 5215 prebuistis
1531 5146 1558 5202 ci
1567 5144 1686 5217 gladium
1701 5153 1730 5198 ut
1743 5142 1807 5196 occi·

175 5222 341 5295 quirendum
353 5232 405 5294 est,
429 5240 492 5282 cum
507 5223 632 5283 Ezechiel
646 5230 776 5301 propheta
799 5231 907 5303 quoties
922 5247 970 5289 su·
1019 5240 1091 5294 deret
1109 5253 1155 5293 nos
1177 5234 1279 5306 (harod.
1302 5250 1331 5305 v,
1342 5235 1400 5305 2¹).
1416 5234 1446 5292 ln
1461 5234 1573 5308 lloysen
1588 5234 1662 5292 cuim
1678 5244 1705 5290 et
1720 5231 1813 5288 daron

175 5313 272 5372 blimia
295 5314 441 5387 conspicit,
454 5315 498 5373 vel
512 5318 621 5389 quoties
635 5335 715 5392 agere
738 5321 830 5395 aliqua
853 5323 968 5397 mystica
1016 5329 1060 5386 lex
1075 5337 1102 5385 ει
1115 5328 1253 5401 prophete
1266 5324 1373 5397 ligurati
1387 5333 1462 5381 snnt.
1476 5324 1511 5381 lit
1530 5341 1603 5398 sccpe
1615 5324 1688 5398 apud
1704 5337 1735 5380 se
1753 5322 1811 5378 ani-

174 5402 296 5476 iubetur,
312 5406 391 5479 prius
411 5406 484 5466 iilius
495 5409 617 5467 hominis
629 5413 790 5484 appellatur.
807 5413 968 5487 Saepcenim
1019 5436 1083 5478 mus
1093 5421 1218 5476 inllrrnus
1232 5419 1311 5491 quasi
1324 5425 1420 5474 contra
1431 5433 1510 5475 sacra
1523 5419 1633 5492 eloquis
1648 5425 1813 5486 murmurat,

176 5494 335 5556 sublevatur
355 5499 391 5557 ad
404 5500 538 5572 coelestia,
557 5512 585 5561 et
604 5506 719 5564 occultis
738 5523 771 5566 ac
785 5507 968 5569 invisibilibus
1019 5518 1084 5585 quia
1095 5520 1241 5585 postquam
1255 5511 1338 5568 verba
1354 5509 1479 5567 eoelestia
1490 5511 1597 5584 audire,
1612 5518 1640 5569 ct
1660 5508 1740 5584 sequi
1753 5521 1812 5567 ιω·

496 4468 656 4520 os'uttutts.

213 5671 289 5737 idib)
311 5673 348 5730 ιιι
363 5675 383 5731 l.
396 5691 431 5732 us
446 5678 474 5734 in
488 5677 540 5738 iob
553 5694 578 5736 c.
590 5694 629 5737 st.
1058 5683 1133 5761 (ihi)
1152 5683 1192 5744 Er
1208 5686 1284 5746 hom.
1301 5685 1336 5744 ta
1348 5686 1377 5746 in
1391 5685 1493 5753 Erech.
