3817 6000
246 297 360 353 593

1673 298 2056 357 EPtSTOLAE.

3404 305 3534 361 59&

243 414 431 486 Patri,
479 417 613 474 dum
659 419 913 477 subditus
951 436 1049 492 per
1097 421 1422 479 obedientiae
1468 421 1823 492 obsequelam
1851 423 1896 477 A
1926 418 2060 473 tium
2107 417 2251 474 Deus
2292 428 2456 486 esset,
2506 417 2812 475 benedictio
2855 428 2942 476 est
2982 421 3227 476 omnium
3267 424 3530 495 gentium.

242 520 351 580 est,
373 512 505 569 dum
526 514 664 585 pluit
688 513 952 572 Dominus
973 532 1004 571 a
1027 515 1277 584 Domino,
1303 517 1433 573 dum
1456 518 1524 573 ad
1549 516 1828 573 dexteram

241 605 346 661 Dei
385 606 657 674 consedit,
697 607 828 662 dum
874 608 1131 675 mittitur,
1176 609 1305 665 dum
1339 610 1556 680 accipit,
1594 609 1723 664 dum
1772 610 1829 664 in

240 699 508 756 omnibus
540 701 810 757 voluntati
853 702 1001 772 eius,
1030 704 1125 775 qui
1173 719 1231 760 se
1271 705 1441 768 misit,
1483 703 1824 774 obsequitur.

239 790 357 849 Sed
392 792 616 864 pietatis
648 795 914 865 subjectio
942 811 1054 852 non
1095 784 1181 852 est
1224 798 1475 854 essentiae
1514 796 1825 864 diminutio,

240 901 348 942 nec
392 885 676 958 religionis
712 886 947 944 officium
981 889 1300 959 degenerem
1344 888 1507 947 eflicit
1552 896 1823 954 naturam,

238 993 371 1036 eum
419 995 517 1052 per
559 981 636 1048 id,
686 983 833 1052 quod
879 982 1218 1040 innascibilis
1250 982 1412 1040 Pater
1447 983 1594 1040 Deus
1638 993 1743 1051 est,
1771 992 1826 1040 et

237 1073 559 1144 unigenitus
584 1071 755 1129 Filius
775 1072 872 1129 Dei
899 1073 1044 1132 Deus
1064 1076 1158 1143 sit,
1185 1074 1331 1133 Deus
1358 1084 1536 1132 tamen
1565 1091 1709 1132 unus
1729 1077 1819 1141 sit,

1929 510 2057 567 data
2092 510 2188 567 illi.

2001 604 2174 662 Habet
2202 605 2292 662 hic
2319 606 2663 663 occasionem
2697 607 3103 665 contradicendi
3136 609 3502 677 adversarius,
3566 638 3575 644 ·

1928 706 1990 753 ut
2033 714 2199 770 supra
2245 700 2576 756 notavimus.
2620 700 2776 768 Quis,
2824 701 3018 772 inquit,
3061 701 3238 774 maior
3275 711 3380 773 est,
3411 707 3504 776 qui

1928 791 2234 859 benedicit,
2277 807 2348 848 an
2401 793 2496 863 qui
2541 792 2919 849 benedicitur?
2959 792 3150 850 Nonne
3202 797 3501 853 secundum

1925 882 2247 953 Apostolum
2275 884 2452 956 major
2477 892 2581 951 est,
2612 885 2709 956 qui
2744 885 3050 943 benedicit?
3075 886 3192 956 llic,
3224 904 3291 946 ne
3315 900 3503 948 contra

1926 976 2275 1047 philosophos
2298 977 2439 1048 apud
2477 979 2825 1046 sesapltrntvf-
2861 979 3134 1034 lida-amur
3162 981 3290 1038 velit:
3322 986 3498 1053 phile«-

1927 1069 2167 1140 sophnri,
2208 1070 2530 1142 simpliciter
2556 1072 2633 1127 eis
2673 1074 3009 1130 {intendimus
3053 1078 3218 1146 qumi,
3250 1078 3350 1130 etsi
3382 1094 3498 1134 tna-

236 1174 295 1221 et
347 1164 616 1235 subjectio
660 1165 783 1221 Filii
822 1167 1085 1224 doceatur
1108 1178 1162 1225 et
1187 1168 1445 1242 dignitas,
1476 1170 1605 1226 dum
1633 1171 1685 1226 ei
1717 1171 1830 1242 ipsi
1918 1160 2007 1231 jor
2037 1160 2128 1228 sit,
2158 1162 2252 1233 qui
2292 1162 2581 1228 benedicit,
2617 1182 2777 1234 ιμιειιι]
2821 1170 2909 1234 qni
2945 1170 3298 1234 benedicitur,
3330 1170 3498 1226 inter-

233 1274 352 1314 non
379 1258 486 1314 nisi
521 1257 693 1315 Filius
728 1261 1130 1331 nuncupandus
1157 1263 1465 1333 subjicitur.
1509 1263 1665 1332 Quod
1694 1279 1820 1320 cum

234 1349 336 1407 Dei
363 1352 544 1408 Patris
579 1353 672 1417 sit,
712 1361 893 1409 tamen
933 1369 1001 1410 cx
1029 1365 1224 1411 natura
1256 1356 1360 1412 sibi
1393 1356 1464 1414 sit
1493 1373 1691 1413 nomen
1722 1357 1822 1412 ba-

230 1443 376 1501 bens
404 1460 514 1501 neu
540 1445 726 1514 alieni,
755 1445 849 1502 sed
879 1446 1020 1517 ejus,
1053 1448 1214 1519 cujus
1241 1457 1296 1505 et
1327 1447 1500 1506 Filius
1524 1459 1628 1518 est,
1662 1458 1716 1506 ει
1749 1450 1820 1507 sit

231 1532 387 1591 Patri
414 1544 469 1592 et
512 1537 777 1608 obsequio
811 1538 1090 1610 subjectus
1135 1549 1188 1597 et
1226 1542 1467 1608 nomine,
1509 1543 1585 1598 ita
1634 1552 1819 1600 tamen

232 1638 303 1684 ut
346 1627 614 1700 subiectio
652 1630 893 1687 nominis
927 1633 1311 1703 proprietatem
1348 1635 1616 1691 naturalis
1653 1645 1818 1706 atque

229 1719 596 1779 indifferentis
620 1730 846 1779 testetur
876 1725 1156 1791 essentiam
1191 1726 1270 1782 sic
1308 1725 1567 1798 loquente
1607 1726 1813 1783 Hilario

226 1810 303 1867 de
328 1810 451 1867 Filii
480 1812 820 1884 subjectione
854 1815 909 1870 in
947 1832 1045 1873 sua
1077 1816 1511 1886 divinitate,non
1542 1820 1810 1877 diminuta

226 1919 330 1976 per
375 1905 771 1978 subjectionem
816 1909 1212 1980 coaequalitate,
1256 1912 1311 1967 in
1359 1928 1466 1984 qua
1514 1922 1571 1970 et
1621 1914 1669 1971 is
1715 1917 1810 1986 qui

227 1996 546 2068 subjicitur,
578 2007 633 2055 ει
672 1999 719 2056 is
770 2001 859 2057 cui
900 2002 1210 2074 subjicitur,
1250 2019 1392 2062 unus
1434 2005 1577 2063 Deus
1608 2007 1811 2064 altissi-

226 2101 357 2144 mus
383 2087 663 2144 adoratur.
700 2109 722 2142 ›
760 2089 829 2146 Et
870 2108 972 2150 nos
1015 2093 1136 2166 ejus
1175 2097 1407 2152 tenendo
1444 2097 1671 2170 vestigia
1701 2099 1812 2156 eis·-

222 2181 355 2238 dem
385 2193 523 2252 pene
560 2181 744 2240 verbis
791 2184 1147 2256 affirmamus,
1188 2189 1335 2260 quod
1380 2190 1596 2261 pietatis
1621 2192 1811 2264 subje-

213 2270 341 2328 ctio
373 2288 483 2327 non
511 2282 597 2330 est
637 2272 822 2344 glori-'e
866 2274 1177 2346 diminutio,
1224 2295 1331 2336 nec
1370 2279 1651 2352 religionis
1692 2283 1809 2338 ossi-

222 2363 379 2420 cium
409 2363 734 2437 degenerem
764 2364 897 2424 lacit
922 2379 1173 2426 naturam
1205 2371 1499 2428 humanam'
1529 2374 1584 2429 in
1617 2375 1808 2446 unige-

216 2453 345 2509 nito
376 2452 476 2510 Dei
518 2453 674 2522 Filio,
698 2471 825 2512 cum
865 2473 962 2529 per
993 2459 1074 2527 id,
1102 2462 1248 2532 quod
1275 2463 1613 2522 innascibilis
1645 2464 1807 2523 Pater

219 2543 374 2601 Deus
396 2552 501 2613 est,
529 2555 585 2602 ει
613 2546 759 2604 illius
781 2549 1008 2620 virginis
1035 2551 1287 2624 idemque
1314 2553 1488 2612 Filius
1509 2554 1605 2612 Dei
1627 2554 1806 2615 Patris

217 2636 376 2692 Deus
420 2638 492 2694 sit
533 2639 815 2697 divinitate
856 2639 1018 2698 Verbi
1069 2647 1420 2714 assumentis,
1463 2648 1674 2704 bomini
1711 2665 1805 2706 as·

211 2740 447 2802 «sumpto
473 2730 715 2803 plenarie
742 2733 869 2790 data
897 2744 953 2791 ει
996 2736 1203 2804 innata,
1230 2739 1305 2795 ita
1351 2741 1577 2810 scillcet,
1601 2751 1663 2799 ut
1693 2759 1804 2801 non

212 2838 288 2877 ex
314 2822 627 2892 adoptione,
656 2825 752 2882 sed
778 2839 845 2882 ex
875 2835 1072 2884 natura
1105 2829 1382 2888 filiationis
1411 2842 1635 2891 vocetur
1657 2843 1712 2892 et
1732 2837 1804 2892 sit

215 2911 394 2971 Filius
428 2915 522 2972 Dei
543 2915 744 2985 Patris,
775 2917 920 2975 Deus
947 2929 1003 2976 ει
1030 2921 1149 2993 ipse
1178 2925 1541 2984 nominandus
1561 2913 1720 3001 ae'que
1737 2939 1801 2986 ut

213 3004 381 3061 Pater
410 3023 565 3072 suus,
598 3025 797 3066 nomen
829 3010 1037 3068 habens
1071 3027 1180 3069 non
1216 3015 1377 3072 alieni
1417 3017 1511 3073 sed
1536 3018 1675 3090 ejus,
1702 3036 1802 3076 cu-

1922 1253 2051 1309 dum
2075 1262 2254 1309 tamen
2273 1254 2388 1325 ipse
2410 1255 2725 1311 benedis-tus
2745 1262 2857 1326 jum
2881 1274 3098 1330 ltcrtfptn
3126 1262 3504 1318 benedictinam

1921 1360 2032 1402 non
2054 1354 2140 1401 est
2164 1347 2363 1413 minor,
2400 1347 2512 1403 imo
2549 1348 2918 1419 ali÷1n;i-mlr·s.·t
2953 1355 3126 1423 :liujus
3158 1371 3240 1407 en.
3286 1355 3414 1411 :liam
3454 1359 3498 1411 nl

1920 1438 2230 1510 episcopus,
2272 1452 2545 1498 annuente
2584 1458 2649 1499 ac
2681 1447 3025 1515 permittente
3070 1451 3494 1519 :nel1iepi5eepm

1919 1530 2188 1588 benedicit
2207 1532 2440 1604 aliquem
2463 1535 2520 1589 in
2548 1539 3154 1607 enim-effutita:funii-inin
3186 1551 3230 1591 et
3258 1543 3358 1595 lma:
3378 1543 3494 1595 lit-et

1919 1624 2034 1680 lieri
2050 1624 2348 1681 secundum
2365 1640 2649 1683 censuram
2665 1647 2957 1699 minutiam,
2981 1635 3242 1695 tintinnis,
3266 1635 3494 1703 quiante

1917 1713 2346 1772 benedictionem
2361 1713 3499 1789 suitminor,susceptabenedictionebene-

1914 1806 2116 1864 dicenti
2144 1807 2205 1863 nt
2234 1807 2647 1879 aequalis?‘ltem
2671 1809 2912 1880 :Aliquis
2936 1811 2991 1867 in
3024 1812 3496 1885 archiepiscopum

1900 1899 2136 1968 electus,
2151 1908 2205 1956 et
2220 1900 2287 1957 ab
2299 1901 2483 1972 aliquo
2499 1900 3186 1973 suffragancorumeaeteris
3202 1919 3497 1970 cooperan-

1910 1991 2059 2047 tibus
2086 1990 2422 2058 bencdictus,
2447 1991 2547 2047 etsi
2574 2000 2701 2048 ante
2725 1991 3157 2051 benedictionem
3180 1995 3283 2051 suit
3316 1997 3495 2054 minor

1904 2081 2283 2151 benedicente,
2324 2091 2504 2138 tamen
2536 2083 2653 2154 jam
2688 2083 3139 2142 benedictusnon
3167 2088 3368 2157 minor,
3396 2088 3502 2147 sed

1908 2172 2086 2245 maior
2104 2185 2190 2231 est
2211 2173 2513 2232 habendus.
2540 2174 2681 2247 Ergo
2707 2178 3052 2247 praemissum
3082 2178 3215 2235 illud
3242 2179 3494 2250 Apostoli

1906 2266 2112 2322 dictum
2143 2265 2222 2323 sic
2249 2275 2332 2322 est
2367 2266 2806 2338 intelligendum,
2825 2277 2886 2323 ut
2927 2285 3034 2324 non
3069 2262 3292 2341 generet
3324 2270 3503 2328 intel--

1902 2359 2108 2416 lectum
2145 2359 2467 2427 absurdum,
2504 2359 2738 2430 fideique
2776 2375 2925 2416 sanae
2957 2363 3319 2419 contrarium.
3350 2362 3501 2419 Nam·

1902 2453 2225 2509 benedictus
2253 2452 2343 2509 ille
2370 2452 2555 2518 homo,
2590 2452 2686 2524 qui
2721 2452 2868 2510 venit
2897 2453 2951 2509 in
2984 2455 3209 2512 nomine
3249 2454 3487 2524 Domini,

1899 2545 1989 2602 ⁴sic
2013 2556 2098 2603 est
2136 2562 2168 2601 a
2198 2544 2380 2614 Patre,
2411 2556 2739 2617 cooperante
2781 2545 2987 2618 Spiritu
3022 2557 3233 2611 saneto,
3264 2548 3491 2604 benedi-

1903 2648 2046 2702 etns,
2077 2645 2136 2693 ut
2160 2636 2234 2693 sit
2265 2652 2377 2694 non
2407 2636 2550 2693 inter
2582 2637 2786 2705 omnia,
2817 2639 2912 2695 sed
2955 2655 3112 2710 super
3135 2640 3316 2694 omnia
3343 2638 3486 2695 Deus

1902 2728 2204 2785 benedictus
2251 2730 2307 2784 in
2352 2728 2548 2785 saecuta
2597 2728 2772 2800 (Rom.
2827 2731 2928 2799 tx).
2977 2728 3213 2787 Proinde
3260 2740 3504 2801 accepta·

1899 2820 2281 2878 benedictione
2309 2829 2459 2876 tanta
2489 2835 2599 2877 non
2641 2829 2726 2876 est
2754 2819 2936 2877 minor
2966 2823 3132 2878 home
3163 2824 3488 2883 benedictus

1898 2914 2014 2970 Deo
2053 2914 2216 2971 scita
2257 2914 2633 2982 benedicente,
2670 2923 2729 2969 ut
2774 2915 2846 2970 sit
2893 2930 3060 2987 super
3106 2917 3292 2973 omnia
3337 2915 3483 2975 Deus

1899 3007 2239 3064 beiiedictus.
2287 3005 2402 3063 llac
2444 3005 2820 3064 benedictione
2858 3010 3120 3066 donatum
3152 3019 3237 3066 est
3265 3010 3343 3066 illi
3384 3027 3481 3067 no·

212 3096 306 3167 ius
330 3107 387 3155 et
400 3097 574 3157 Filius
591 3111 696 3170 est,
719 3114 773 3160 et
800 3104 873 3159 sit
897 3103 1043 3160 Patri
1074 3115 1127 3162 ει
1150 3108 1415 3180 obsequio
1440 3111 1719 3182 subjectus
1744 3121 1799 3170 et
1823 3122 1867 3181 c
1901 3117 2051 3169 men»
2089 3100 2236 3173 ‘1¹¹⁰‘¹
2276 3110 2362 3156 ⁰⁸²
2403 3114 2568 3171 ⁸⁰90?
2598 3117 2761 3159 ⁰¹⁰³&
2787 3118 3009 3162 nnnmn,
3049 3118 3166 3158 ’ΜΞΝ
3198 3106 3354 3170 ffll'flffi
3386 3106 3478 3158 1¹12·-

213 3191 478 3261 nomine,
504 3193 577 3250 ita
606 3204 908 3264 tamemnt
936 3199 1205 3269 subjectio
1229 3199 1468 3259 nominis
1492 3204 1796 3276 proprieta-
1898 3196 2175 3252 nationem
2224 3211 2348 3252 vere
2389 3205 2584 3252 natura
2625 3194 2861 3251 bumana
2909 3198 3085 3246 minm-
3129 3194 3306 3250 :lirina
3354 3194 3474 3258 suit.

214 3293 326 3340 tem
363 3288 630 3345 naturalis
670 3300 835 3361 atque
862 3291 1220 3349 indifferentis
1253 3301 1480 3351 testetur
1518 3299 1791 3368 essentiae,

211 3395 324 3450 qua
351 3379 517 3436 bomo
544 3392 860 3453 assumptus
891 3382 1042 3441 Deus
1066 3395 1151 3442 est
1176 3402 1331 3457 aeque
1360 3398 1419 3444 ut
1442 3385 1683 3446 Verbum
1701 3407 1796 3448 vas-

211 3484 463 3538 sumens,
508 3480 562 3527 ει
601 3470 760 3528 Pater
800 3472 1037 3531 Verbum
1082 3478 1315 3550 gignens
1353 3488 1518 3552 atqve
1558 3481 1793 3553 Spiritus

208 3575 440 3620 sannaus
462 3564 531 3620 de
551 3563 712 3622 Patre
733 3582 798 3623 ae
829 3566 1002 3624 Verbo
1030 3572 1353 3641 procedens,
1373 3587 1489 3630 non
1517 3573 1791 3645 duplicata

206 3656 296 3713 vel
320 3656 591 3727 triplicata
617 3659 930 3729 Divinitate,
958 3665 1162 3734 quaein
1188 3680 1403 3723 summa
1433 3684 1651 3741 semper
1670 3686 1791 3727 ma-

207 3756 303 3803 net
326 3748 696 3820 simplicitate,
723 3752 841 3810 sire
864 3755 932 3810 de
960 3756 1206 3824 bomine,
1233 3760 1321 3815 cui
1351 3761 1510 3832 plena
1536 3762 1661 3818 data
1682 3772 1788 3829 cst,

205 3840 536 3911 praedioetur
567 3842 729 3915 juxta
757 3845 887 3901 illud
915 3846 1069 3905 lsaiae
1102 3868 1117 3905 ε
1147 3848 1292 3905 Puer
1322 3861 1481 3908 natus
1510 3863 1590 3909 eat
1617 3856 1787 3924 uobis,

203 3931 354 4003 filim
379 3934 540 3990 datus
566 3947 643 3992 εει
683 3939 857 4007 nobis,
883 3949 935 3994 et
972 3941 1244 3997 vocabim-
1264 3959 1452 4000 nomen
1472 3946 1584 4017 ejus
1616 3949 1793 4002 admi-

203 4024 418 4093 rabilis,
447 4026 810 4098 consilia-ins,
837 4030 979 4087 Deus
1026 4033 1201 4103 fortir,
1227 4031 1395 4091 Pater
1412 4037 1584 4108 futuri
1605 4038 1790 4094 saecuti

203 4115 347 4188 (1⁸0.
394 4120 495 4190 tx),
525 4120 752 4178 sive=de
790 4124 967 4181 tribus
1005 4129 1253 4197 personis
1294 4130 1461 4188 unius
1504 4129 1796 4189 Trinitatis

202 4209 478 4268 nonenim
512 4193 845 4272 enuntietur.
893 4215 1226 4277 sicutenim
1272 4220 1451 4280 Patris
1490 4231 1545 4281 et
1578 4222 1700 4280 fnit
1731 4232 1791 4281 et

203 4301 445 4374 Spiritus
482 4308 657 4363 sancti
698 4324 806 4365 una
852 4318 937 4367 est
974 4312 1249 4382 divinitas,
1296 4317 1370 4372 ita
1413 4316 1572 4374 Verbi
1622 4329 1785 4377 assu-

200 4396 409 4453 mentis
448 4398 758 4467 hominem,
794 4410 850 4458 ει
878 4402 1117 4460 bominis
1154 4403 1208 4459 in
1250 4403 1486 4465 Verbum
1515 4415 1785 4484 assumpti

1894 3288 1989 3345 sed
2019 3289 2074 3344 in
2098 3288 2238 3345 Filio
2283 3287 2377 3344 Dei
2421 3288 2644 3344 nomine
2673 3302 2889 3345 summu
2925 3290 3222 3358 glorificata
3250 3290 3474 3342 latenter

1894 3382 1950 3438 ‘m
1979 3381 2351 3453 conceptione,
2392 3389 2637 3452 patenter
2673 3380 2726 3435 in
2765 3382 3085 3436 asrcnsiunn
3133 3382 3214 3434 sir>
3242 3390 3325 3434 εει
3358 3398 3474 3434 tna-

1891 3472 2168 3545 gnificata,
2192 3483 2251 3530 ut
2278 3473 2399 3545 ejus
2432 3472 2750 3545 magnitudo
2778 3472 2849 3529 sit
2878 3474 3166 3538 innuens-¹1,
3206 3490 3326 3542 qum
3362 3490 3474 3526 nnn

1892 3565 2055 3623 molis
2079 3565 2411 3633 dilatatione,
2441 3565 2539 3623 sod
2558 3566 2778 3621 virtutis
2806 3565 3170 3621 immensitate
3190 3566 3474 3634 {animanda

1891 3664 1997 3724 est,
2021 3657 2259 3713 maxime
2283 3664 2572 3728 postquam
2599 3657 2857 3713 donatum
2889 3670 2969 3710 nst
2997 3662 3041 3710 εἰ
3077 3674 3294 3722 tantumn,
3326 3658 3470 3726 quod

1888 3759 2158 3821 estsuper
2174 3765 2338 3805 omne
2357 3756 2578 3818 nomen,
2602 3749 2682 3806 Sic
2699 3757 2785 3805 est
2806 3750 3210 3804 tt‘ltttt'tl'neslaltttn
3238 3750 3466 3815 titutttln,

1890 3851 1953 3898 ut
1999 3843 2053 3899 in
2107 3857 2324 3898 omnem
2377 3851 2578 3898 terram
2625 3843 2821 3899 exierit
2873 3859 3037 3899 senus
3093 3847 3466 3911 nlnifitnlnrum

1887 3934 2332 4001 contestantium,
2363 3932 2531 4004 quod,
2563 3932 2706 3989 simu
2730 3949 2767 3988 a
2799 3948 3017 3990 summo
3045 3935 3186 3987 rix-lu
3222 3939 3466 4007 egressio

1884 4026 2027 4099 ejus,
2060 4026 2136 4082 ita
2157 4040 2424 4082 occursus
2446 4025 2567 4097 ejus
2594 4040 2771 4097 usque
2793 4027 2858 4082 ad
2889 4043 3162 4083 ausanium
3190 4031 3330 4099 vius,

1956 4139 2073 4198 Etsi
2105 4156 2237 4214 ergo
2265 4140 2441 4213 major
2465 4154 2533 4196 eo
2561 4139 2726 4196 fuerit
2753 4139 2909 4196 Patet·
2943 4159 3190 4195 susumus
3222 4151 3346 4199 :mle
3374 4143 3462 4199 he-

1884 4233 2272 4301 nedictionem,
2305 4243 2484 4289 tamen
2520 4233 2636 4305 ipse
2659 4232 2774 4305 iam
2799 4249 2897 4303 per
2921 4235 3097 4287 Patris
3129 4239 3462 4291 benedictio·

1883 4339 2010 4380 nem
2056 4333 2113 4381 et
2156 4324 2605 4397 glorificationem
2638 4335 2925 4395 provectus
2981 4343 3149 4395 nsque
3198 4331 3266 4383 ad
3302 4347 3458 4383 suut*

1882 4435 2056 4486 mum,
2085 4435 2195 4475 non
2223 4428 2306 4476 est
2354 4419 2408 4474 in
2453 4419 2626 4491 gloria
2665 4418 2772 4475 sibi
2796 4419 2921 4475 data
2961 4423 3141 4475 minor
3170 4423 3330 4479 dante
3366 4423 3462 4479 lia-

198 4486 393 4544 endem
423 4505 531 4546 una
567 4501 653 4549 est
678 4493 955 4561 divinitas,
981 4497 1057 4552 uti
1083 4511 1257 4568 nuper
1284 4501 1601 4573 scripsimus
1622 4521 1781 4562 vene·
1809 4476 1857 4534 D
1882 4511 2114 4575 bendus,
2163 4526 2289 4567 oum
2336 4510 2448 4581 jam
2490 4510 2672 4567 omnis
2716 4510 2902 4582 lingua
2946 4512 3290 4581 conlltcatur,
3331 4515 3461 4586 quia

197 4580 361 4636 rabili
385 4580 534 4639 Patri
565 4587 889 4647 universaiis
916 4589 1174 4648 Ecclesiae
1196 4608 1349 4664 papae
1370 4594 1631 4653 Adriano.
1670 4597 1778 4655 Sed
1883 4602 2150 4658 Dominus
2193 4601 2352 4658 Jesus
2382 4599 2636 4659 Christus
2677 4602 2733 4657 in
2781 4603 2952 4673 gloria
2998 4612 3082 4660 est
3121 4602 3218 4661 Dei
3258 4604 3460 4666 Patris.

196 4689 325 4730 cum
349 4675 401 4731 ei
430 4677 829 4750 scriberemus,
864 4685 1105 4741 nondum
1144 4686 1211 4742 ad
1246 4695 1489 4743 nostram
1532 4689 1782 4747 notitiam.
1881 4692 2037 4749 Unde
2064 4692 2302 4749 Hilarius
2332 4691 2472 4747 libro
2500 4692 2740 4749 nonode
2771 4688 3038 4750 Trinitate
3063 4694 3142 4750 ait
3168 4713 3183 4751 ε
3211 4712 3231 4748 e
3271 4695 3328 4752 Si
3359 4697 3460 4769 igi-

195 4767 351 4823 venit
378 4767 503 4836 ista,
534 4780 728 4829 contra
763 4788 928 4845 quam
960 4793 1108 4834 nunc
1145 4779 1381 4851 agimus,
1419 4779 1666 4838 doctrina
1711 4784 1779 4840 de
1877 4793 1970 4841 tnr
2002 4785 2258 4839 donantis
2297 4781 2618 4839 auctoritate
2651 4782 2812 4841 Pater
2853 4786 3030 4856 major
3061 4796 3163 4852 est,
3209 4790 3460 4860 nunquid

196 4869 389 4942 gloriae
412 4870 468 4928 in
499 4873 720 4932 bomine
748 4890 1028 4951 assumpto
1059 4880 1162 4937 bac
1196 4898 1473 4949 mensura,
1502 4899 1609 4956 qua
1632 4901 1774 4943 coae-

192 4974 402 5038 quatur
438 4972 648 5044 angelis
694 4975 830 5047 ipse,
878 4980 973 5051 qui
1023 4990 1108 5038 est
1146 4981 1411 5039 Dominus
1454 4986 1773 5059 angelorum

194 5079 308 5121 nou
336 5066 515 5125 solum
556 5070 611 5127 iu
639 5070 824 5130 divina
854 5078 1112 5148 essentia,
1155 5081 1211 5136 in
1247 5095 1354 5153 qua
1396 5083 1543 5156 ipsos
1570 5089 1776 5144 creavit

191 5167 440 5238 angeloS,
472 5171 568 5227 sed
587 5174 753 5230 etiam
774 5176 829 5232 in
851 5177 1112 5248 bumana,
1136 5180 1190 5249 in
1213 5198 1322 5255 qua
1342 5182 1490 5241 Patri
1512 5188 1786 5248 obediens.

188 5272 440 5343 ipsorum
492 5291 782 5335 numerum
844 5281 1220 5354 redintegrans
1268 5284 1513 5356 implevit
1559 5288 1783 5357 ruinas,

187 5378 585 5446 conquassavit
622 5379 800 5451 capita
825 5380 881 5436 in
914 5390 1057 5439 terra
1096 5385 1393 5443 multorum
1427 5388 1495 5444 de
1531 5398 1770 5448 torrente

187 5477 249 5531 in
279 5475 368 5531 via
402 5476 611 5548 bibens,
642 5491 930 5555 propterea
969 5484 1229 5544 exaltavit
1260 5498 1442 5561 caput.
1473 5489 1599 5548 ldeo
1620 5492 1768 5549 enim

183 5578 545 5653 jurejurando
576 5582 704 5642 feeit
726 5586 882 5644 illum
907 5586 1174 5647 Dominus
1197 5607 1443 5651 crescere
1475 5594 1531 5650 in
1573 5610 1639 5652 ea
1669 5611 1767 5651 na-

189 5690 337 5754 tura,
365 5685 421 5743 in
464 5702 574 5759 qua
611 5691 789 5761 potuit
824 5707 1091 5761 crescere,
1122 5694 1175 5749 in
1200 5711 1310 5766 qua
1337 5698 1524 5766 ctiam,
1554 5707 1616 5755 ut
1641 5715 1763 5756 cre-

188 5795 390 5859 sceret,
413 5804 479 5848 ac
506 5807 617 5851 uon
647 5790 960 5852 «ludaeorum
994 5794 1137 5854 Deus
1174 5806 1405 5873 tantum,
1437 5803 1529 5861 sed
1560 5811 1614 5860 ει
1633 5820 1762 5875 gen-

1876 4892 1974 4948 ρει·
1997 4875 2125 4931 doni
2157 4873 2562 4931 consessionem
2594 4875 2776 4931 minor
2800 4872 2977 4932 filius
3000 4885 3085 4934 est
3107 4877 3132 4933 ι
3157 4876 3331 4950 Major
3352 4880 3460 4937 ita-

1874 4984 1983 5042 que
2010 4977 2097 5025 est
2119 4970 2352 5035 donans,
2396 4967 2491 5024 sed
2519 4968 2704 5025 minor
2724 4969 2841 5040 jam
2880 4983 2990 5025 non
3023 4979 3128 5039 est,
3154 4972 3246 5028 cui
3279 4988 3453 5030 nnum

1871 5081 1997 5123 esse
2025 5066 2280 5122 donatur.
2296 5064 2353 5120 Si
2370 5079 2482 5120 non
2511 5064 2615 5121 boc
2636 5065 2873 5121 donatur
2896 5064 3081 5132 lesus,
3102 5073 3166 5121 ut
3188 5066 3451 5123 conten-
3471 5092 3480 5097 ·

1870 5157 1984 5214 dus·
2010 5159 2082 5214 sit
2115 5157 2170 5212 in
2215 5157 2387 5228 gloria
2439 5156 2532 5212 Dei
2579 5155 2778 5222 Patris,
2826 5158 3010 5213 minor
3046 5156 3207 5214 Patre
3238 5166 3327 5214 est
3354 5174 3368 5213 ε
3399 5157 3449 5213 si

1871 5261 2055 5306 autem
2081 5252 2137 5304 in
2161 5264 2224 5303 ea
2246 5249 2421 5320 glorie
2439 5249 2676 5306 donatur
2696 5250 2747 5306 ei
2769 5265 2917 5317 esse,
2937 5250 2993 5306 in
3016 5265 3129 5322 qua
3157 5248 3318 5306 Pater
3340 5259 3448 5317 est,

1868 5341 2038 5399 babes
2062 5351 2118 5398 et
2144 5341 2199 5397 in
2223 5341 2479 5398 donantis
2505 5342 2850 5409 auctoritate,
2879 5343 3008 5413 quia
3041 5343 3220 5414 maior
3241 5348 3361 5409 est;
3391 5350 3450 5397 et

1868 5433 1926 5488 in
1971 5433 2158 5489 donati
2208 5432 2573 5502 confessione,
2618 5436 2748 5505 quia
2788 5448 2960 5491 untnn
3001 5442 3150 5491 sunt.
3186 5453 3212 5488 v
3259 5432 3391 5491 ltem
3425 5451 3442 5492 z

1864 5523 2041 5597 Maior
2066 5524 2230 5581 Pater
2255 5534 2361 5593 est,
2390 5526 2521 5581 dum
2555 5526 2783 5597 gloriam
2811 5535 3094 5597 assumpto
3122 5525 3329 5583 bomini
3352 5542 3444 5583 re-

1865 5626 2043 5689 gatur,
2073 5625 2133 5672 ut
2153 5616 2378 5684 redden
2411 5617 2557 5676 tilius
2581 5619 2760 5675 minor
2783 5633 2893 5674 non
2929 5627 3032 5686 est,
3054 5618 3189 5675 dum
3211 5618 3439 5692 gloriam

1864 5711 2097 5767 resumit
2124 5711 2267 5782 apud
2302 5710 2538 5767 Patrem.
2588 5730 2606 5764 ι
2641 5709 2771 5768 ltem
2805 5730 2818 5765 z
2854 5729 2874 5764 c
2909 5711 3324 5771 Gloriflcaturus
3348 5713 3441 5770 Fi-

1863 5804 1997 5862 lium
2046 5803 2206 5862 Pater
2244 5803 2418 5875 major
2459 5815 2561 5873 est,
2611 5804 2944 5877 glorificatus
2982 5807 3039 5866 iu
3068 5805 3228 5868 Patre
3272 5806 3453 5865 Filius
