3817 6000
177 174 245 231 stas
655 166 807 228 GEiillOlll
827 162 1023 221 PRAEPOSlTl
1044 159 1317 220 nEtctlsttSl’EttG.
1739 157 1811 214 lton

176 286 382 345 crillciaeotum
393 293 522 357 utiquam
530 285 723 356 panisluctas:
735 282 883 354 omnesqui
893 296 971 336 mau-
985 289 1007 343 Α
1023 279 1067 334 lus
1090 294 1138 351 per
1153 294 1218 336 suos
1239 278 1352 336 clericos
1370 279 1396 333 in
1414 275 1534 333 Ecclesia
1553 274 1721 346 negotiantes
1743 289 1809 329 cunr

175 383 362 448 ducanteum,
377 379 713 445 consummantumdoeeus
725 379 827 435 scilicet
837 385 862 430 et
878 384 966 430 osteu-
1020 370 1132 426 Simone
1150 385 1240 442 urago,
1262 381 1289 424 et
1304 367 1472 426 fornicantes
1486 383 1549 425 eum
1575 365 1700 433 Nicolao,
1727 375 1813 438 atque

176 474 241 529 tem
255 472 464 529 omnesomuiuo
486 488 546 526 carn
571 472 724 527 auctoribus
750 468 880 541 supplicia
904 483 969 522 cau·
1019 458 1131 531 ittsupct
1157 459 1302 517 interdicta
1327 459 1414 516 oliieia
1446 466 1643 531 presumentes
1671 456 1816 514 contendit

173 565 262 637 iungi,
278 564 324 636 gui
335 563 433 635 [aerim
447 570 553 631 peccata
568 577 662 617 earum
673 560 862 616 contaminati.
1018 563 1114 608 contra
1125 553 1267 608 ueritatem
1282 566 1331 623 per
1341 559 1576 609 sacramentorum
1590 549 1812 616 similitudinem,

212 655 385 728 Augustinus
407 655 435 710 in
450 670 578 711 sermone
599 655 634 712 de
655 653 824 726 blasphemia
849 650 968 722 Spiritus
1019 645 1046 699 in
1073 645 1174 717 quibus
1198 653 1290 700 tamen
1307 659 1361 700 non
1376 644 1463 715 magis
1484 653 1613 716 operatur
1633 644 1737 715 digitus
1750 641 1812 706 uel.

179 747 278 808 sancti.
297 746 389 802 l’otest
416 763 473 802 esse
495 745 610 801 visibilis
632 746 719 816 [orma
740 743 872 814 palmitis,
886 741 968 795 etiam
1019 736 1138 809 Spiritus
1152 737 1284 805 ueritatis,
1305 753 1389 809 quam
1406 737 1433 792 in
1457 735 1535 793 lalsis
1555 736 1642 807 signis
1666 750 1814 807 magorum

178 842 379 913 prateraitem,·
392 839 438 895 sed
462 837 619 893 invisibilem
640 838 723 892 uitam
746 834 848 890 radicis
874 831 968 887 babere
1019 829 1180 897 Pharaonis,
1199 839 1388 899 exceptosane
1401 828 1529 900 baptismi
1541 837 1724 897 sacramento,
1736 828 1815 900 quod

180 950 232 989 nan
245 942 340 1004 potest,
358 933 411 986 uisi
435 933 463 987 iu
478 932 540 986 rite.
566 929 683 985 Proinde
705 928 855 999 corporalia
874 942 969 981 sarra·
1019 923 1101 979 eliam
1118 939 1167 993 per
1181 922 1329 993 quemlibet
1348 922 1448 977 laicum
1473 921 1526 977 ritu
1539 920 1815 978 ecclesiasticoaele-

179 1036 278 1092 muta,
293 1040 352 1097 pute
373 1032 492 1095 portent,
503 1034 527 1078 et
542 1023 674 1078 celebrant
689 1024 771 1077 etiam
784 1019 914 1091 segregati
936 1017 969 1071 ab
1019 1017 1127 1070 braium
1141 1015 1200 1070 sinc
1214 1013 1298 1070 dubio
1311 1025 1399 1070 ratum
1416 1023 1468 1070 cst.

180 1118 282 1172 ueritate
310 1117 429 1187 corporis
450 1114 694 1184 christiformem
717 1123 827 1184 possunt
849 1109 970 1165 rabibere
1056 1105 1114 1161 lluc
1137 1106 1243 1162 accedit
1260 1105 1333 1176 quod
1354 1104 1513 1176 hujusmodi
1531 1105 1743 1177 pseudoclericis
1756 1121 1815 1161 non

180 1210 305 1280 pietatis‚·
320 1209 473 1264 uirtuauero
487 1208 596 1278 pietatis
614 1205 758 1260 inuisibilis
778 1212 803 1258 et
817 1199 969 1273 spiritualia
1020 1207 1062 1257 est
1076 1199 1249 1255 interdictum
1270 1199 1322 1254 nisi
1351 1198 1445 1255 altaris
1468 1198 1585 1254 odicium
1605 1207 1633 1254 et
1646 1198 1815 1255 ecelesiasti-

181 1303 220 1357 ito
232 1302 260 1356 in
270 1302 308 1358 eis
320 1318 372 1355 uon
383 1310 469 1372 potest
485 1317 552 1366 esse,
565 1297 786 1370 pueutadmodam
804 1312 895 1350 seusus
919 1309 971 1346 nou
1021 1306 1083 1346 cum
1094 1290 1255 1347 bencllciurn
1267 1290 1361 1346 altaris
1373 1290 1507 1347 ministris
1517 1290 1649 1346 debitum.
1658 1289 1815 1346 Toleranda

181 1394 299 1462 ugnitm
309 1391 422 1446 bominis
434 1391 591 1455 membrum,
605 1388 712 1461 quando
724 1397 888 1458 amputatur.
1020 1398 1086 1455 ergo
1099 1383 1159 1439 illos
1173 1383 1354 1454 baptizantes,
1375 1392 1424 1439 aut
1435 1383 1488 1438 alia
1503 1382 1589 1438 allicis
1606 1383 1713 1439 minora
1736 1398 1816 1454 guae·

217 1482 401 1555 Hieronymus
415 1484 443 1539 in
460 1496 589 1539 sermone
603 1482 641 1539 lle
653 1496 725 1554 agno
748 1479 891 1552 paschali:
909 1477 971 1532 Nan
1021 1473 1084 1529 dam
1095 1473 1328 1542 administrantes,
1344 1474 1372 1529 in
1387 1475 1532 1532 interdicto
1544 1475 1599 1532 iilis
1618 1474 1713 1532 altaris
1728 1477 1816 1531 mini·

181 1585 303 1648 pasterum
323 1592 422 1647 aprum
438 1576 519 1630 istam
533 1575 629 1646 abique
642 1588 717 1644 paese
734 1568 847 1625 ceredi.
867 1567 971 1626 Proeri-
1022 1569 1105 1625 sterio
1118 1568 1158 1625 eis
1172 1568 1236 1625 nolo
1246 1570 1461 1636 communicare,
1477 1583 1512 1624 ne
1529 1569 1653 1626 inrerriar
1667 1569 1766 1626 sedens
1785 1571 1816 1623 it.

182 1668 256 1740 pitur
267 1666 354 1733 uobis,
370 1676 399 1720 ut
416 1666 445 1720 iu
460 1682 514 1720 uua
526 1681 585 1719 eum
596 1662 764 1718 couniamur
778 1661 870 1726 domo,
887 1660 916 1715 id
931 1669 970 1715 est
986 1661 1007 1717 ll
1021 1662 1133 1716 esuritio
1148 1663 1276 1717 sanitatis
1295 1669 1389 1719 contra
1405 1661 1587 1719 obedientiam
1604 1661 1738 1727 verbulis,
1751 1678 1818 1734 qua

183 1776 215 1816 ue
233 1770 311 1830 entra
323 1757 471 1813 Ecclesiam
484 1756 621 1811 immolari
632 1765 763 1826 putemus.
787 1753 830 1809 Ea
847 1770 899 1824 aaa
912 1769 972 1807 ma-
1023 1751 1097 1807 sedis
1120 1752 1278 1822 apostolicae
1293 1752 1456 1823 presulibus
1483 1752 1563 1810 docet
1590 1753 1783 1810 abstinendum
1800 1768 1817 1810 a

183 1852 360 1923 uilestumeat
376 1850 445 1921 qaod
462 1848 554 1905 larici
567 1858 594 1903 et
606 1847 736 1914 bertrici,
756 1857 781 1902 et
803 1846 893 1900 omnia
911 1860 974 1900 cou-
1024 1842 1133 1899 talibus.

184 1942 316 1999 oraticula
329 1943 485 2013 dogmatum
508 1954 701 2011 perversorem,
723 1939 787 2010 poia
810 1938 838 1992 iu
853 1935 974 1990 Ecclesia
1060 1932 1156 1989 Utrum
1171 1950 1235 1991 uero
1246 1935 1407 1992 conficiatur
1424 1934 1527 1994 Christi
1548 1951 1650 2009 eorpus
1665 1938 1694 1991 in
1709 1951 1814 1993 eornm

184 2035 399 2101 naucomeduut,
413 2050 465 2087 nou
485 2049 529 2088 eos
557 2032 620 2103 agui
643 2048 746 2097 carnes,
777 2030 823 2085 sed
850 2029 975 2083 draconis
1025 2026 1118 2082 missis
1141 2028 1417 2099 neone‚superllnnm
1432 2032 1474 2085 ebt
1491 2029 1740 2101 investigaremus
1754 2031 1820 2087 siau

184 2126 329 2190 couudere,
342 2125 387 2196 qui
398 2125 525 2179 datascst
538 2124 565 2177 iu
580 2139 667 2177 ercam
680 2122 786 2194 populis
802 2121 973 2192 AEtbiopum.
1025 2118 1110 2174 dnbio
1129 2119 1195 2173 illud
1208 2128 1316 2174 constet
1332 2121 1407 2191 quod
1422 2121 1487 2192 ipsse
1503 2121 1572 2178 tales
1585 2122 1677 2177 missae
1702 2122 1754 2178 sub
1765 2138 1819 2179 ex·

187 2217 244 2275 illas
271 2235 330 2273 uera
355 2216 516 2273 comedimus
544 2232 639 2287 arama
665 2217 829 2271 sinceritatis
851 2224 875 2269 ct
906 2215 976 2268 ueri·

187 2312 260 2366 latis.

222 2399 270 2458 llis
281 2400 445 2456 testimoniis
461 2399 582 2457 munitus
596 2414 648 2472 ego
668 2409 775 2455 amator
796 2399 929 2465 veritatis,
942 2413 978 2453 ex

186 2511 242 2568 spuo
265 2495 412 2567 rontplacni
434 2495 596 2560 inveritate,
614 2494 739 2565 separari
758 2509 801 2548 me
817 2510 832 2548 a
847 2493 977 2557 vacuitate,

186 2597 269 2659 atque
285 2588 391 2645 amicus
406 2588 539 2644 veritatis.

225 2678 308 2737 Vsus.
330 2680 358 2735 l.
379 2678 441 2735 Nou
456 2680 513 2734 sedi
534 2696 593 2734 runt
609 2677 721 2733 concilio
745 2677 871 2731 nouitatis
894 2675 978 2744 illius,

188 2774 324 2845 praecipue
338 2772 478 2839 vanitatis,
491 2787 552 2841 qun:
573 2780 615 2826 cst
628 2770 734 2825 sanitas
748 2769 900 2824 vanitatum
915 2783 980 2838 pra·

189 2876 249 2937 pter
261 2866 398 2922 excellens
414 2863 515 2920 diaboli
527 2862 712 2930 mendacium,
728 2878 784 2933 qno
797 2877 827 2917 se
842 2857 921 2930 lingit
933 2859 980 2913 lll-

1028 2208 1277 2266 communieatione
1292 2211 1551 2269 suntinterdicteea
1574 2211 1666 2268 Leone
1694 2211 1731 2266 ill
1750 2221 1780 2267 ct
1800 2227 1820 2269 a

1027 2317 1095 2374 papa
1106 2301 1229 2372 Nicolao,
1240 2304 1312 2360 sicut
1326 2320 1470 2362 successor
1479 2320 1574 2362 eornm
1584 2303 1736 2360 Alexander
1746 2318 1820 2375 papa

1029 2404 1201 2451 contestatur
1212 2396 1330 2453 dicens:
1352 2398 1529 2468 precipiendo
1546 2396 1703 2453 mundamus
1716 2397 1820 2452 utnul-

1029 2486 1070 2541 lus
1089 2487 1198 2542 missam
1214 2488 1308 2543 audiat
1329 2489 1485 2560 presbyteri,
1497 2504 1573 2560 quent
1587 2490 1638 2544 scit
1659 2488 1819 2544 indubitan-

1030 2588 1069 2633 ter
1090 2579 1263 2634 concubinam
1283 2579 1387 2648 babere,
1403 2592 1451 2637 nul
1473 2581 1702 2638 subintroductam
1721 2583 1821 2638 mulie-

1031 2688 1094 2727 rem.
1112 2671 1186 2727 Unde
1198 2673 1279 2728 etiam
1295 2684 1388 2728 sancta
1407 2675 1523 2746 spuodus
1543 2676 1599 2731 brec
1622 2694 1638 2731 a
1662 2677 1748 2747 eapite
1768 2677 1820 2731 aab

1029 2766 1403 2823 eccontmuuieatiouestatuit
1423 2768 1512 2823 dicens
1533 2768 1712 2840 :Quicunque
1725 2785 1821 2824 saoer·

1031 2855 1131 2922 dotans,
1148 2857 1331 2926 diaconorum,
1345 2868 1370 2914 et
1388 2859 1612 2915 subdiaconorum
1633 2868 1693 2931 post
1716 2862 1821 2917 consti

189 2956 296 3014 tissime
309 2955 500 3012 assimilatum.
515 2952 584 3009 Cum
603 2953 688 3020 enim,
705 2962 773 3009 teste
793 2950 930 3017 Samuele,
945 2950 982 3006 sit
1033 2954 1120 3000 tutum
1132 2945 1215 3002 beato
1227 2948 1362 3004 memorio
1375 2948 1575 3020 predecessoris
1594 2950 1679 3006 uestri
1702 2951 1822 3007 salutis-

188 3046 266 3116 quasi
278 3045 363 3101 scelus
379 3043 539 3099 idololatriis
554 3059 605 3097 reon
620 3044 735 3104 obedire,
750 3052 774 3096 et
789 3043 866 3113 qnasi
889 3057 982 3112 perra·
1032 3040 1094 3093 siuti
1107 3056 1184 3110 papae
1197 3039 1303 3109 lenuis,
1320 3054 1367 3096 aut
1381 3042 1490 3098 Nicclni
1510 3045 1544 3099 de
1564 3045 1688 3100 castitate
1709 3045 1823 3101 clerieo·

191 3148 246 3192 taur
262 3136 396 3191 ariolandi
412 3135 481 3189 nolle
493 3135 656 3205 acquiescere
672 3132 699 3203 (l
714 3133 775 3204 ssep,
792 3150 836 3200 ur,
850 3134 907 3203 23),
918 3133 981 3205 qrris
1032 3147 1092 3184 rum
1107 3131 1280 3186 concubinam
1291 3132 1382 3203 palam
1394 3135 1513 3202 duxerit,
1532 3135 1571 3190 ael
1581 3135 1690 3191 ductam
1706 3151 1758 3192 nott
1777 3153 1819 3191 re·

190 3243 245 3283 aron
262 3225 341 3282 facile
356 3225 565 3292 arrinradvertat,
584 3226 656 3295 quod
679 3227 770 3280 onustis
782 3226 910 3292 clericus,
932 3226 979 3297 qrri

190 3326 287 3374 corrtrs
296 3318 369 3375 sedis
384 3318 540 3389 apostolieae
551 3317 732 3372 obedientiam
745 3318 901 3372 sacriticarc
911 3332 981 3388 prm·

192 3410 286 3477 sumit,
301 3411 434 3480 abnegata
455 3410 556 3465 virtute
577 3409 697 3479 pictatis,
727 3420 855 3480 operatur
877 3419 977 3481 myste-

193 3502 264 3558 rium
282 3501 444 3573 iniquitatis,
463 3502 490 3556 in
507 3516 563 3571 qun
578 3501 663 3571 signis
676 3501 852 3557 mendacibus
866 3503 902 3558 ita
915 3500 982 3557 sirn-

192 3594 252 3666 ples
272 3594 410 3651 seducitur
425 3593 551 3665 populus,
566 3602 597 3649 ut
611 3604 720 3665 propter
734 3595 886 3665 signorum.
901 3595 982 3650 idest

193 3686 342 3742 visibilium
370 3697 605 3742 sacramentorum
638 3686 849 3743 indifferentiam
879 3688 981 3743 trullam

193 3786 268 3848 putet
287 3792 348 3833 esse
362 3777 542 3835 ‹liderentiam
558 3779 628 3834 iuter
654 3779 754 3835 missas
772 3780 981 3847 catholicorum,

193 3885 256 3943 «pura
275 3880 411 3925 canuuuu
426 3885 475 3941 per
499 3871 694 3937 obedientiam,
720 3882 748 3926 ct
759 3872 860 3927 missas
875 3873 980 3928 condu-

195 3961 347 4030 cutiacum,
363 3962 576 4020 simoniacorum
600 3965 782 4035 publicorum,
798 3974 824 4019 et
839 3964 984 4020 manifeste

196 4053 415 4109 incestuosorum
438 4055 672 4127 presbyterorum,
688 4070 750 4126 quae
767 4063 905 4110 cassantur
919 4070 985 4110 eon-

197 4151 238 4199 tra
257 4143 385 4201 Eeclesise
403 4145 589 4202 interdicentis
606 4146 813 4203 obedientiam?
830 4144 879 4202 Est
893 4157 983 4202 autem

197 4238 364 4306 permaxima
379 4238 540 4307 differentia,
559 4238 622 4310 quia
635 4240 662 4294 iu
675 4240 768 4295 missis
785 4240 984 4296 catholicorum

1032 3220 1120 3292 liquit,
1137 3238 1170 3277 ea
1184 3234 1260 3293 parte
1275 3226 1461 3295 omnipotentis
1479 3226 1526 3282 lut
1540 3228 1701 3282 auctoritate
1729 3228 1824 3282 beato-

1033 3331 1092 3370 rum
1107 3318 1288 3387 apostolorum
1298 3320 1454 3389 principum
1467 3319 1541 3375 Petri
1555 3330 1580 3375 et
1593 3320 1681 3383 ¹Pauli
1694 3322 1823 3392 preripi-

1033 3426 1101 3474 tnns,
1117 3420 1141 3464 el
1152 3412 1258 3466 omniuo
1271 3413 1490 3480 contradicimus,
1507 3423 1536 3467 ut
1556 3414 1666 3468 missam
1687 3430 1739 3468 nott
1755 3431 1825 3468 can-

1033 3514 1080 3572 tet,
1093 3506 1359 3576 nequeetangelium,
1371 3517 1417 3561 aut
1441 3506 1580 3577 epistolam
1600 3510 1635 3562 ad
1658 3509 1768 3564 mistam
1784 3509 1826 3565 le·-

1033 3605 1088 3666 gat,
1105 3612 1185 3668 neque
1198 3598 1226 3650 iu
1243 3597 1406 3667 presbyterio
1420 3614 1479 3652 cant
1499 3599 1540 3654 liis
1565 3599 1600 3653 nd
1615 3599 1705 3655 diuina
1722 3601 1823 3671 officio,

1033 3687 1078 3757 qni
1090 3689 1210 3758 proelaue
1218 3690 1402 3744 constitutioni
1414 3690 1562 3746 obedientes
1578 3693 1688 3761 (neritii,
1702 3702 1824 3760 moneat,

1034 3796 1115 3851 ireque
1126 3792 1228 3849 portem
1242 3780 1274 3834 ab
1287 3780 1408 3836 Ecclesia
1423 3785 1564 3854 suscipiat.

1071 3870 1177 3928 llaecde
1193 3872 1359 3929 incestuosis
1373 3874 1444 3930 dicta
1466 3874 1612 3942 subiciant,
1630 3893 1664 3931 ue
1684 3876 1748 3947 queis
1770 3876 1827 3931 du·

1036 3964 1103 4019 bitet
1117 3964 1170 4019 snb
1179 3955 1464 4022 excommunicatione
1474 3968 1619 4023 interdicta
1639 3984 1700 4023 esse
1710 3968 1827 4022 illorum

1036 4057 1134 4119 odlcia.
1157 4066 1185 4113 et
1209 4056 1323 4113 omnino
1342 4059 1495 4128 respuenda
1519 4059 1665 4116 sacrificia.
1688 4058 1765 4117 Nartc
1789 4061 1828 4115 cle

1037 4148 1222 4214 conductitiis,
1234 4164 1385 4220 coriumque
1399 4151 1623 4217 conductoribus,
1642 4161 1670 4208 ct
1694 4152 1829 4208 omuibus

1037 4239 1064 4292 in
1076 4240 1159 4294 donno
1172 4239 1219 4294 liei
1229 4242 1434 4312 negotiantibus
1447 4261 1452 4297 :
1465 4243 1539 4313 quod
1565 4244 1732 4301 arratltcmnti
1758 4245 1828 4298 sub

197 4329 402 4399 recognoscitur
415 4330 515 4385 recitas
532 4331 687 4398 recitatum,
704 4348 766 4402 qam
775 4331 841 4388 dicit
854 4331 929 4386 :liae
943 4333 986 4401 la·
1002 4332 1157 4407 placeant,
1182 4335 1298 4389 assertio
1316 4345 1409 4391 nostra
1434 4345 1528 4406 posset
1550 4338 1663 4408 requiri.
1692 4336 1744 4393 Sed
1768 4354 1827 4393 non

197 4421 249 4475 cite
270 4423 298 4474 iu
323 4437 407 4475 meam
433 4423 708 4478 commemorationem
732 4423 809 4493 (buc.
836 4440 905 4488 sust,
929 4425 984 4497 lb).

197 4510 249 4567 Cui
263 4512 381 4568 dicenti:
398 4511 455 4567 Hoc
469 4514 558 4581 facite,
580 4513 726 4571 salubriter
744 4515 871 4572 obeditur
884 4517 919 4573 ab
933 4518 985 4582 eis,

198 4604 298 4675 quibus
312 4604 377 4661 illud
393 4606 503 4661 dicitur.
520 4605 625 4663 Dicitur
645 4616 735 4664 autem
765 4608 818 4665 hoc
845 4609 987 4680 discipulis

199 4699 334 4765 veritatis;
361 4715 416 4754 non
436 4699 593 4756 sedentibus
612 4702 639 4754 iu
664 4700 777 4756 concilio
804 4703 941 4768 nouitatis,
959 4702 986 4757 in

198 4807 254 4862 quo
279 4792 374 4847 sedent
396 4807 478 4863 super
501 4793 646 4849 cathedras
665 4793 898 4866 pestilentiosas
914 4796 987 4851 cele·

199 4886 279 4941 lrrant
301 4896 502 4943 sacramentum
531 4903 646 4944 summae
667 4889 828 4944 obedieutiae
850 4904 913 4944 omn
933 4889 987 4944 eri·

200 4978 273 5034 nsine
287 4979 434 5050 pertinacis
454 4980 655 5048 inobedientiae,
671 4981 699 5036 in
711 4996 829 5053 quornm
849 4982 901 5038 sub
921 4996 989 5036 ana·

201 5071 319 5127 themate
344 5072 386 5127 rel
413 5073 695 5129 excommunicatione
724 5073 874 5129 interdictis
896 5073 988 5129 missis

200 5162 359 5233 recognosci
377 5172 466 5234 potest
482 5163 588 5220 vanitas
605 5164 755 5219 vanitatum
772 5165 919 5220 mentiente
933 5166 989 5218 dn-

200 5253 421 5325 ticlsristo,quotl
434 5254 470 5311 sit
490 5255 549 5327 ipse
571 5255 669 5313 similis
692 5255 814 5323 Christo,
842 5255 989 5311 nrentieute

201 5343 321 5411 diabolo,
335 5344 408 5416 quod
422 5345 458 5401 sit
472 5344 529 5416 ipse
543 5346 641 5403 similis
654 5346 806 5403 Altissinto.
826 5334 903 5402 Sient
915 5346 988 5401 enim

201 5434 309 5492 Pharao
328 5453 376 5508 per
391 5452 457 5495 suos
475 5453 570 5511 magos
593 5440 621 5495 iu
645 5439 822 5497 similitudine
847 5439 988 5511 signorum

202 5538 312 5585 certam
327 5540 422 5586 contra
439 5528 549 5603 Moysen
561 5539 588 5586 et
598 5531 689 5588 Aaron
708 5531 890 5590 connndebat
903 5531 988 5588 videri

202 5618 300 5676 similis
316 5620 433 5681 Domino
450 5646 456 5683 :
473 5627 515 5683 sie
529 5624 610 5682 modo
630 5626 815 5683 Arrtiebristus
829 5624 869 5681 rel
894 5626 990 5684 diabo-

1038 4434 1080 4482 est
1093 4427 1259 4490 necessaria,
1272 4442 1335 4483 cnm
1357 4428 1409 4483 boc
1429 4428 1587 4498 plenissime
1602 4430 1747 4485 confirmet
1768 4429 1828 4485 Pa·

1037 4519 1139 4575 schalis
1159 4534 1235 4590 papae
1256 4519 1399 4576 decretalis
1428 4520 1548 4591 Epistola
1575 4521 1828 4578 Mediolanensibus

1036 4610 1151 4678 directa,
1168 4612 1262 4682 inqua
1278 4612 1318 4668 sic
1334 4613 1400 4668 dicit
1414 4633 1421 4667 :
1436 4613 1557 4670 AEtemoe
1568 4616 1660 4670 mortis
1673 4615 1772 4669 crimen
1786 4616 1829 4667 iu·

1039 4705 1134 4771 currit,
1148 4704 1276 4774 quisquis,
1288 4704 1352 4758 dam
1361 4714 1456 4775 potest.
1469 4706 1581 4775 fratrem
1592 4723 1608 4760 a
1621 4720 1704 4760 morte
1714 4706 1828 4759 minime

1038 4795 1165 4866 defendit.
1179 4795 1236 4851 Nos
1259 4813 1360 4868 auoque
1377 4798 1422 4868 qui
1446 4798 1609 4853 excellentie
1635 4808 1727 4853 oestrre
1749 4815 1827 4851 sum·

1039 4904 1110 4942 ratum
1125 4888 1265 4942 discrimen
1276 4889 1435 4955 audiuimus,
1449 4892 1547 4944 summi
1561 4904 1649 4946 reatus
1659 4906 1763 4960 poenam
1787 4891 1829 4942 iu·

1038 4977 1182 5042 currimus,
1206 4978 1231 5031 si
1255 4988 1392 5043 tarentus,
1418 4978 1533 5033 Dorrtiuo
1553 4980 1736 5049 propiciante,
1761 4982 1827 5049 guia

1038 5070 1155 5140 proferto
1171 5071 1325 5141 sauguinem
1347 5069 1447 5141 tecnon,
1467 5071 1511 5142 atti
1533 5072 1703 5142 iniguitatem
1731 5073 1829 5141 impia·

1039 5177 1098 5214 rum
1112 5160 1221 5215 taemrdo
1236 5161 1399 5216 dissimulat.
1415 5161 1573 5218 Audiuinttts
1586 5163 1657 5216 enirn
1668 5164 1737 5232 quod
1748 5163 1828 5217 ualde

1039 5253 1178 5318 miramur,
1193 5253 1263 5323 gund
1283 5253 1354 5306 sacri
1373 5253 1443 5322 apud
1457 5269 1501 5309 oet
1514 5255 1621 5310 ordines
1633 5256 1751 5325 pecuniis
1765 5256 1827 5311 tiis·

1040 5346 1192 5411 trabuntur,
1218 5344 1281 5398 dum
1303 5347 1450 5417 penaunce
1470 5346 1524 5402 talc
1547 5348 1650 5419 aliquid
1674 5360 1829 5419 naeptess-

1041 5440 1094 5495 riut
1108 5439 1214 5493 ansuino
1238 5438 1355 5494 ltoeretici
1375 5441 1578 5511 comprobentur
1603 5439 1709 5511 Spiritu
1731 5452 1828 5497 samso

1039 5547 1085 5600 per
1099 5529 1255 5603 Gregoriatm
1266 5531 1414 5600 insinuante,
1425 5532 1488 5603 qaia
1498 5534 1617 5605 quisquis
1626 5550 1673 5604 per
1686 5535 1828 5605 manum

1040 5623 1189 5691 ordinatur,
1205 5624 1240 5681 ad
1253 5623 1310 5697 lter,
1327 5636 1355 5681 ut
1365 5625 1414 5694 fiat
1429 5625 1580 5700 barenses,
1593 5639 1774 5697 premeretur.
1788 5625 1829 5683 Et
