3817 6000
510 172 640 228 {167

1468 162 1773 223 clinnum
1809 158 2196 215 PnAEPoSth
2235 159 2782 217 nfflclttssnsl’l-IRG.

3585 172 3697 230 tiss

508 297 742 347 swictus,
767 283 937 337 voluit
970 297 1091 356 csse
1132 288 1383 352 quartuS,
1416 278 1491 334 ita
1522 277 1719 333 similis
1765 275 2070 340 Altissimo‚
2104 278 2150 335 Α
2253 274 2319 331 Ει
2346 293 2586 332 enarrem
2613 280 2858 333 universa
2889 280 3168 335 mirabilia
3205 289 3315 334 tua.
3349 278 3476 344 Tua,
3499 282 3691 353 inquam,

504 378 694 448 utiam
732 393 837 430 non
872 374 1114 429 Trinitas
1137 374 1190 428 in
1214 373 1377 439 coelo,
1405 372 1501 428 sed
1525 370 1865 442 quaternitas
1886 368 2080 424 lauda-

508 483 678 538 retur,
715 472 771 526 in
801 486 909 540 qua
946 468 1106 524 laude
1155 468 1270 538 ipse
1317 481 1418 537 par
1456 474 1512 521 et
1555 464 1752 521 similis
1792 461 2079 518 Altissimo

508 564 912 637 praedicaretur.
948 558 1055 615 Sed
1086 557 1293 630 angelis
1324 557 1501 613 beatis
1524 556 1580 611 in
1610 553 1895 610 Trinitatis
1918 552 2079 608 laude

506 652 1007 727 perseverantibuS,
1058 659 1111 704 et
1160 650 1314 704 illum
1355 657 1613 718 quartum
1662 644 2079 716 repudiantibus

506 748 596 803 ille
620 745 902 800 Trinitatis
926 743 1181 797 inimicus
1202 741 1268 795 de
1288 740 1429 796 coelo
1448 749 1529 794 est
1552 737 1847 808 projectus.
1876 736 2078 790 Eodem

508 840 693 903 modo,
719 838 813 903 qui
850 837 903 890 in
938 843 1126 891 sancta
1159 832 1403 890 Ecclesia
1431 830 1715 886 Trinitatis
1741 830 1959 885 laudem
1998 836 2080 883 te-

508 942 620 996 net,
651 930 878 985 tirmiter
898 943 1020 983 eam
1057 935 1260 993 teneat,
1306 926 1480 981 donec
1529 924 1595 979 de
1641 923 1824 978 medio
1856 922 1949 975 liat
1988 919 2080 974 ille

506 1034 755 1096 quartus,
814 1023 907 1091 qui
965 1027 1191 1075 vocatur
1233 1016 1621 1081 Antichristus,
1652 1029 1719 1069 eo
1747 1013 1894 1084 quod
1921 1011 2080 1067 Chri-

503 1128 593 1173 sto
619 1116 690 1170 sit
727 1112 1058 1172 contrarius,
1086 1127 1210 1166 cum
1233 1119 1411 1164 tamen
1448 1108 1621 1162 eidem
1646 1107 1865 1160 Christo
1894 1104 2080 1174 cupiat

505 1208 675 1263 videri
707 1206 906 1260 similis
935 1205 989 1258 in
1022 1202 1193 1272 signis
1224 1199 1600 1263 mendacibus,
1636 1197 1837 1265 quibus
1864 1195 2079 1251 deludi-

503 1307 599 1353 tur
620 1297 837 1351 Pharao
860 1303 915 1350 et
944 1301 1056 1348 tota
1074 1290 1357 1373 ⁹AEgyptus
1397 1304 1574 1360 usque
1601 1289 1672 1343 ad
1713 1286 2076 1358 plenilunium

504 1390 784 1462 paschale,
816 1389 872 1443 in
910 1400 1022 1457 quo
1065 1383 1336 1454 completo
1361 1382 1476 1452 jam
1520 1396 1748 1436 numero
1776 1379 2076 1435 electorum

505 1483 752 1541 Ecclesia
785 1482 1015 1552 integra,
1052 1487 1108 1534 et
1135 1478 1280 1533 sicut
1333 1476 1462 1531 luna
1492 1474 1732 1546 perfecta
1771 1474 1895 1530 erit.
1921 1471 2076 1527 Tunc

505 1573 811 1645 apparebit,
842 1570 989 1637 quod
1020 1584 1131 1624 non
1179 1567 1288 1623 nisi
1330 1567 1384 1621 in
1416 1582 1524 1621 una
1559 1566 1722 1622 domo
1768 1564 2076 1621 comeditur

506 1665 787 1723 Pascbalis
831 1663 1040 1733 Agnus.
1075 1659 1232 1715 Tunc
1282 1657 1541 1716 israelitae
1596 1658 1983 1714 discernentur
2009 1659 2078 1739 ab
2112 1648 2152 1704 B

505 1758 795 1831 AEgyptiis.
835 1755 990 1810 Tune
1029 1752 1333 1824 apparebit,
1364 1760 1569 1823 quanta
1608 1752 1823 1807 vanitas
1876 1752 2083 1807 vanita-

508 1861 625 1906 tum
658 1858 742 1904 est
788 1848 845 1902 in
896 1845 1067 1916 signis
1119 1858 1403 1914 magorum
1464 1842 1789 1899 Pharaonis,
1818 1841 1975 1899 Tunc
2025 1843 2079 1899 in

506 1959 617 1998 una
638 1940 997 1998 consonantia
1025 1937 1210 1993 licebit
1237 1936 1421 1992 dicere
1446 1936 1649 2006 populo
1681 1934 1776 1992 Dei
1823 1955 1837 1991 ε
1884 1934 2080 1992 Caute-

505 2050 625 2097 mus
646 2033 894 2100 Domino,
927 2030 1151 2102 qloriose
1171 2031 1313 2084 enim
1344 2029 1715 2099 maqnificatus
1739 2038 1848 2095 est,
1889 2045 2080 2100 equum

504 2136 556 2181 et
581 2140 909 2180 ascensorem
934 2121 1150 2193 projecit
1180 2122 1236 2176 iu
1274 2137 1419 2175 mare
1440 2119 1638 2189 (Exod.
1666 2137 1755 2187 xv,
1792 2122 1866 2191 1).
1901 2120 2036 2176 item
2063 2140 2076 2175 :

508 2218 640 2284 Quis
671 2218 863 2271 similis
914 2217 993 2270 tui
1041 2217 1095 2268 in
1140 2207 1387 2284 [ortibue.
1405 2213 1671 2269 Domine?
1710 2214 1844 2279 Quis
1886 2214 2080 2270 similis
2153 2255 2165 2261 -

507 2312 607 2374 tui,
660 2309 974 2379 maquificus
1023 2308 1079 2360 in
1107 2307 1393 2360 sanctitate
1443 2314 1559 2372 tua,
1606 2303 1882 2371 terribilis,
1923 2314 2081 2376 atque

504 2402 792 2458 laudabilis
823 2401 1023 2470 [aciens
1045 2397 1313 2453 mirabilia
1338 2397 1363 2450 ?
1394 2396 1572 2467 (ibid.,
1600 2397 1711 2465 ll.)
1753 2395 1886 2462 Quae
1908 2398 2080 2452 mira-

505 2496 674 2552 bilia?
707 2494 909 2564 Equum
941 2500 990 2546 et
1031 2505 1358 2544 ascensorem
1381 2488 1569 2557 dejecit
1592 2489 1645 2541 in
1670 2505 1833 2543 mare.
1874 2489 2078 2544 Currus

504 2587 827 2651 Pharaonis,
850 2595 897 2639 et
934 2586 1226 2639 exercitum
1261 2585 1373 2655 ejus
1399 2585 1620 2655 projecit
1642 2586 1698 2639 in
1732 2587 1867 2639 mari
1898 2586 2077 2656 (ibim,

505 2681 529 2729 -i
545 2689 581 2741 J.
605 2677 766 2733 isis-rii
794 2677 1050 2746 principes
1071 2676 1184 2745 ejus
1200 2677 1458 2731 submersi
1472 2687 1593 2731 sunt
1615 2679 1672 2730 iu
1699 2694 1842 2730 mare
1869 2676 2076 2732 Rubro.

505 2777 765 2829 tuum-rra..
830 2770 1088 2835 immine,
1139 2768 1292 2825 mitte
1324 2784 1488 2840 quem
1533 2770 1808 2825 missurus
1832 2787 1911 2835 οε,
1957 2770 2079 2825 vide

509 2869 850 2917 :ullu-iimmu
908 2862 1094 2934 populi
1145 2862 1225 2917 tui
1280 2862 1333 2917 in
1378 2862 1643 2934 AEgypto,
1680 2864 1803 2918 vide
1859 2879 2079 2933 quoque

505 2961 850 3014 :dilutiuwun
902 2971 1076 3011 meam
1131 2957 1184 3011 in
1234 2955 1468 3028 AEgypto
1522 2958 1664 3012 inter
1712 2974 1903 3029 magos
1929 2956 2075 3012 Pha·

505 3054 710 3102 rau'suim
742 3050 931 3102 ,ludii-a
970 3056 1026 3102 et
1051 3048 1303 3103 discerne
1330 3064 1415 3103 me
1442 3048 1511 3103 ab
1543 3048 1653 3104 illis
1672 3089 1688 3115 ,
1722 3059 1781 3104 ut
1807 3051 2076 3120 sanguine

509 3146 641 3210 agni
678 3142 957 3197 lissi-ludis
982 3141 1340 3212 consignatus

585 3230 746 3282 imas,
782 3234 826 3282 ἶ.
862 3230 1086 3284 indiam
1122 3246 1296 3285 vocem
1333 3229 1509 3283 [aredis
1567 3238 1673 3285 tuae
1725 3232 1864 3284 inter
1917 3247 2076 3287 veros

501 3321 764 3381 {lebraeos
796 3330 846 3376 te
868 3321 1117 3384 laudans,
1147 3329 1201 3376 et
1222 3328 1328 3375 tuae
1354 3336 1573 3391 quoque
1600 3322 1777 3377 laudis
1809 3322 2078 3377 vicissitu-

506 3417 689 3472 dinem
720 3423 869 3469 certa
910 3429 1005 3484 spe
1050 3421 1392 3482 exspectans.
1440 3411 1575 3467 Nam
1627 3424 1682 3469 ct
1735 3415 2079 3469 laudabiliter

505 3509 789 3564 laudantes
815 3515 870 3561 tu
908 3506 963 3560 in
1011 3505 1118 3560 line
1152 3503 1422 3570 laudabiS,
1454 3504 1642 3560 dicens
1685 3524 1698 3560 ε
1740 3505 1942 3572 Venite,
1987 3507 2078 3562 be-

502 3601 701 3656 nedicti
724 3598 906 3653 Patris
938 3597 1063 3663 mei,
1096 3596 1363 3667 possidete
1388 3611 1625 3666 reanum,
1655 3597 1793 3667 quod
1820 3597 1960 3650 vobis
1984 3615 2081 3667 pa-

506 3701 686 3746 ratum
714 3701 790 3746 est
831 3708 864 3744 a
895 3689 1273 3744 constitutione
1315 3687 1537 3752 mundi,·
1587 3688 1798 3743 scilicet
1831 3705 1926 3758 per
1951 3705 2079 3758 gra-

502 3786 635 3840 tiam
657 3781 1104 3854 pnevenientem3
1148 3794 1265 3834 non·
1290 3786 1471 3833 tamen
1502 3779 1619 3834 sine
1647 3781 1966 3837 meritorum
1988 3781 2079 3850 ju·

503 3877 649 3933 stitia
680 3894 694 3930 :
726 3875 937 3930 Esurivi
984 3875 1148 3939 euim,
1188 3884 1239 3929 et
1277 3873 1498 3928 dedistis
1536 3872 1665 3926 mihi
1715 3873 2076 3937 manducare,·

503 3972 664 4037 sitivi,
682 3978 734 4024 et
754 3967 975 4023 dedistis
1002 3968 1134 4022 mihi
1168 3966 1359 4031 bibere,
1398 3966 1606 4020 nudum
1647 3964 1944 4035 operuistis
1966 3980 2073 4031 mc,

505 4061 776 4130 hospitem
825 4058 1122 4128 collegistis
1150 4073 1236 4111 me
1266 4075 1278 4110 ε
1307 4056 1585 4110 infirmum
1611 4093 1625 4119 ,
1654 4063 1703 4109 el
1753 4055 1807 4107 iu
1855 4069 2077 4108 carcere

504 4152 768 4211 visitastis
796 4166 903 4208 me.
934 4146 1071 4206 Nam
1098 4149 1335 4219 quaudiu
1371 4148 1481 4202 hoec
1520 4148 1718 4217 lecistis
1753 4147 1844 4199 uui
1874 4161 1940 4199 ex
1981 4145 2076 4198 mi-

504 4244 662 4300 nimis
686 4245 835 4309 meis,
889 4242 1016 4295 mibi
1058 4242 1256 4311 fecistis
1289 4238 1508 4311 (Martii.
1536 4255 1664 4304 ην,
1695 4238 1764 4292 54
1792 4246 1847 4292 et
1870 4238 2071 4307 seqq.).

2104 3007 2146 3064 c
2180 2996 2397 3054 Christo
2432 3013 2552 3052 esse
2600 3016 2614 3052 :

2184 382 2292 423 non
2320 383 2439 424 mea
2470 369 2765 438 mirabilia,
2795 370 2924 441 quia
2953 372 2998 426 si
3032 371 3168 442 quid
3200 371 3466 428 laudabile
3488 390 3543 428 ac
3565 378 3695 432 mira·

2182 459 2290 515 bile
2315 475 2409 530 per
2438 475 2526 516 me
2545 462 2746 531 agitur,
2778 462 2898 528 tibi,
2919 479 3027 518 non
3066 462 3206 517 mihi
3245 470 3330 519 est
3354 464 3695 536 ascribendum,

2181 567 2209 606 a
2234 568 2344 622 quo
2381 564 2464 608 est
2501 568 2664 609 omne
2714 555 2943 610 bouum.
2990 554 3081 611 Me
3106 555 3406 611 miserum!
3444 558 3560 628 quid
3605 577 3694 633 ago,

2178 660 2279 700 eur
2309 646 2441 700 mihi
2474 647 2576 702 hoc
2593 646 2833 701 officium
2861 648 3112 719 assigno,
3135 655 3198 702 ut
3218 662 3320 719 ego
3342 648 3495 704 miser
3516 649 3697 709 homun-

2181 738 2339 792 culus
2368 754 2610 792 euurrem
2633 739 2877 794 universa
2907 738 3188 794 mirabilia
3226 748 3341 807 tua,
3380 738 3611 798 Domine!
3629 744 3699 802 Re·

2179 844 2309 884 vera
2333 828 2680 886 damnandus
2700 845 2878 887 essem
2906 839 3134 902 propter
3163 832 3471 902 hujusmodi
3492 850 3697 904 praesum·

2180 922 2387 992 ptionis
2419 931 2639 991 peccata
2698 924 2866 977 multa
2893 966 2908 990 ,
2959 924 3066 979 nisi
3105 924 3258 994 quod
3309 925 3533 983 charitas
3567 930 3695 998 operit

2181 1001 2584 1070 multitudinem
2623 1023 2998 1085 peccatorum,
3042 1016 3310 1086 quoniam
3343 1018 3576 1073 nimirum
3595 1022 3691 1075 cha-

2183 1106 2318 1160 ritas
2348 1106 2481 1161 mihi
2535 1107 2910 1163 testimonium
2962 1107 3243 1177 perhibet,
3288 1108 3430 1179 quod
3462 1109 3510 1164 in
3563 1111 3693 1168 laudis

2183 1206 2290 1253 tuae
2332 1200 2670 1264 narratione,
2723 1207 2778 1255 et
2841 1199 3186 1255 mirabilium
3243 1209 3457 1255 tuorum
3492 1205 3693 1273 praedica·

2179 1290 2328 1345 tione
2359 1305 2467 1345 non
2498 1306 2676 1347 meam
2724 1290 2977 1364 gloriani,
3027 1291 3117 1347 vel
3155 1302 3430 1348 terrenum
3482 1306 3690 1366 quaestum

2180 1383 2403 1450 ambivi,
2429 1384 2525 1440 sed

2251 1517 2416 1575 Vsus.
2454 1518 2509 1575 8.
2541 1520 2586 1575 0
2615 1519 2862 1586 Domine,
2909 1520 3080 1575 dilexi
3128 1521 3368 1575 decorem
3409 1519 3574 1576 domus
3600 1534 3687 1587 tue,

2181 1620 2233 1665 et
2257 1611 2430 1666 locum
2455 1612 2799 1667 habitationis
2827 1612 3013 1684 gloriar
3041 1622 3171 1668 tuoe.
3212 1611 3332 1669 Non
3379 1611 3495 1667 dico
3531 1612 3689 1681 simpli-

2181 1704 2317 1760 citer
2341 1719 2427 1760 me
2455 1705 2712 1762 dilexisse
2738 1705 2962 1760 domum
2988 1713 3166 1770 tuam,
3189 1705 3282 1760 sed
3311 1704 3530 1759 decorem
3551 1704 3687 1757 doum

2182 1808 2328 1853 tuoe:
2360 1813 2461 1853 nec
2489 1796 2614 1853 dico
2638 1812 2726 1853 me
2749 1797 3008 1853 dilexisse
3041 1797 3222 1852 iocum
3262 1797 3578 1864 habitationis
3598 1807 3687 1858 tue,

2181 1891 2272 1945 sed
2299 1890 2646 1946 habitationis
2669 1890 2853 1962 alorioe
2885 1900 3012 1946 tuce.
3035 1889 3195 1947 Licet
3223 1889 3368 1945 enini
3408 1890 3474 1944 sit
3510 1888 3685 1943 multum

2181 1982 2454 2038 laudabile
2504 1985 2743 2054 pectoris
2797 1982 3013 2050 mundi,
3047 1981 3137 2037 vel
3167 1982 3334 2036 etiam
3367 1978 3592 2036 Ecclesiae
3613 1979 3685 2031 lu-

2178 2074 2476 2130 bitaculum
2512 2084 2785 2143 sanctum,
2833 2075 2890 2130 in
2940 2089 3054 2146 quo
3102 2083 3366 2145 tanquam
3395 2072 3445 2128 in
3465 2072 3600 2128 domo
3620 2079 3683 2124 tua

2181 2175 2260 2232 tu,
2289 2165 2451 2234 Deus,
2490 2167 2708 2222 habitas
2746 2185 2760 2223 ε
2804 2176 2987 2222 tamen
3039 2167 3251 2221 amanti
3304 2181 3410 2220 non
3452 2163 3628 2227 suflicit,
3660 2176 3685 2215 o

2179 2257 2430 2323 Domine,
2463 2268 2521 2315 ut
2549 2260 2734 2314 domus
2763 2269 2859 2314 tua
2903 2260 2974 2316 sit
3001 2259 3240 2315 tirmiter
3292 2258 3560 2320 aedilicata;
3607 2251 3685 2308 nisi

2177 2350 2343 2405 etiam
2375 2350 2447 2405 sit
2472 2351 2712 2421 glorioso
2740 2353 2922 2406 decore
2962 2359 3284 2424 perornata.
3319 2347 3462 2403 Unde
3508 2348 3553 2400 in
3578 2344 3682 2399 Cau·

2180 2444 2304 2498 ticis
2333 2443 2669 2497 canticorum
2711 2458 2931 2513 sponsae
2980 2443 3226 2498 amantis
3276 2450 3326 2495 te
3353 2453 3522 2494 vocem
3562 2435 3678 2489 talem

2179 2535 2490 2591 audivimus
2517 2554 2530 2589 ε
2564 2533 2813 2589 Lectulus
2838 2544 3014 2589 noster
3035 2534 3284 2604 floridus,
3313 2533 3448 2601 liqna
3466 2528 3678 2582 domorum

2180 2638 2481 2681 nostrarum
2548 2625 2764 2680 cedrina
2816 2641 2836 2679 .·
2862 2625 3162 2700 ⁸laquearia
3216 2631 3392 2678 nostra
3445 2617 3678 2690 cypressina

2180 2719 2362 2789 (Cant.
2406 2734 2444 2782 ι,
2478 2718 2591 2788 16).
2626 2717 3054 2788 Epithalamium
3087 2717 3259 2783 canit,
3289 2714 3456 2771 cubile
3477 2721 3525 2767 et
3547 2708 3678 2764 thala·

2178 2827 2328 2866 mum
2360 2811 2588 2881 pulchro
2617 2826 2872 2866 sermone
2905 2810 3230 2866 describens
3270 2820 3510 2879 sponsum
3536 2801 3679 2858 invitat

2179 2905 2245 2958 ad
2285 2904 2526 2973 requiem
2558 2922 2572 2959 :
2599 2904 2701 2958 hoc
2727 2912 2810 2956 cst
2837 2902 2982 2957 enim
3008 2902 3212 2957 melius
3241 2900 3499 2973 quiescere
3520 2905 3675 2950 etcum

2673 2999 3042 3051 necessarium
3092 3004 3275 3050 autem
3301 2991 3440 3048 exire
3474 2988 3531 3044 ad
3566 2987 3675 3041 lucra

2179 3101 2401 3162 psopter
2449 3091 2757 3145 fiilii'ssimlnfi,
2791 3090 3182 3141 farinularum-u
3246 3105 3382 3141 wiltu
3426 3077 3670 3153 lippit-liin}

2179 3194 2309 3250 lale,
2346 3195 2403 3239 ul
2429 3197 2597 3253 lullum
2637 3189 2873 3237 imi-nm
2909 3205 2953 3233 ιη
2977 3205 2985 3233 ι
3013 3193 3162 3237 :illim
3194 3181 3470 3233 naitanum.
3498 3181 3674 3225 nummi„

2183 3278 2545 3345 'emuluffl'iffl'
2593 3281 2761 3341 *ᾗς-’.ΠΗ
2797 3281 3186 3329 ιὶιἾιιινιεεκιιι-ειιιῄ
3222 3277 3478 3329 diflert-un,
3510 3277 3550 3317 u!
3578 3265 3670 3313 dir.

2180 3368 2457 3422 immam*
2505 3369 2765 3433 tmuium
2801 3381 2849 3417 vl
2897 3385 3017 3417 rum
3062 3369 3314 3417 vitutibus
3346 3361 3670 3413 lirun-numm-

2179 3462 2265 3516 dis
2292 3461 2537 3516 ardui-viu
2573 3481 2673 3513 uun
2705 3461 2873 3513 sustin
2901 3481 2977 3512 ’κῆ
3005 3461 3066 3509 fu!
3098 3461 3292 3513 rin-tilis
3318 3453 3510 3509 stis-:diii
3534 3449 3666 3509 llll-''P'‘

2183 3553 2340 3617 tium,
2370 3568 2553 3608 serum
2597 3565 2917 3621 infirmium-2·
2965 3553 3274 3621 siqnpfflfl*
3318 3557 3366 3601 rt
3410 3561 3514 3597 [μη.
3554 3537 3670 3589 pfl-‚u

2180 3646 2420 3717 loquitur
2457 3669 2465 3697 ·.
2505 3649 2741 3706 lirinum„
2777 3649 2961 3697 tur-mm
2993 3657 3066 3695 cxl
3106 3661 3198 3695 mm
3246 3643 3322 3693 ilii·-
3370 3653 3470 3689 esst*
3502 3625 3662 3697 {Hffl'ffi-

2180 3756 2272 3805 XV,
2294 3738 2505 3810 «Quium
2537 3742 2661 3806 quid
2697 3738 3049 3806 spiritualium*
3082 3742 3182 3790 isla
3210 3734 3518 3790 minuiscunt,
3542 3722 3666 3786 rffllfl'l·

2180 3848 2387 3888 Tamus-

2250 3968 2316 4023 Et
2352 3969 2406 4023 in
2445 3970 2677 4022 [wli-*ain
2713 3974 2929 4038 [wiri-n]
2969 3970 3190 4030 lurtum,
3218 3970 3266 4018 in
3290 3978 3390 4034 qim
3414 3950 3662 4026 quiramus.

2178 4062 2416 4117 claustra
2469 4066 2725 4114 ικῐ-ιῖιιιυ
2777 4082 2893 4114 ussa*
2953 4074 3001 4114 ul
3058 4054 3398 4118 munaum-rin,
3430 4054 3474 4102 in
3514 4042 3662 4114 qudam

2178 4152 2362 4222 ‘1¹¹5ssOE
2408 4170 2433 4206 ὅ·
2497 4158 2641 4206 *wia
2705 4158 2901 4206 titillat*
2945 4154 3126 4206 samnii
3186 4166 3234 4206 rt
3286 4134 3662 4202 sul!iritmiimlnu

2187 4244 2333 4299 vitae.
2368 4243 2541 4314 Αῑιμιι·
2597 4250 2637 4294 ὲκ,
2681 4250 2737 4294 lm
2765 4258 2845 4298 llis
2893 4246 3118 4298 [liuidum
3170 4241 3658 4294 ilvlnnrffiflranffiruni

504 4335 756 4392 iucunda
786 4342 870 4389 est
902 4334 1019 4387 haec
1046 4347 1148 4386 vox
1179 4332 1359 4387 laudis
1382 4339 1509 4398 tuae,
1533 4346 1699 4402 quam
1738 4339 1794 4384 tu
1824 4328 2075 4385 laudabis
2107 4361 2149 4416 D
2179 4338 2442 4407 exemplis
2475 4348 2529 4393 et
2567 4338 2833 4394 institutis
2862 4337 3085 4393 Pau-um
3130 4345 3377 4405 tanquam
3407 4313 3660 4396 quibusdam

503 4438 554 4483 et
585 4426 942 4482 charissimos
977 4424 1079 4480 tibi
1126 4432 1250 4480 tuos
1286 4423 1544 4480 minimos
1579 4433 1635 4478 et
1671 4438 1864 4479 eorum
1902 4423 2074 4478 mini-

504 4525 669 4572 stros.

574 4607 744 4679 Igitur
771 4621 881 4663 non
908 4622 1009 4679 pro
1048 4616 1265 4663 terreno
1310 4615 1521 4677 quaestu
1545 4608 1885 4662 circumdabo
1908 4608 2076 4662 attari

505 4711 661 4757 tuum
690 4700 973 4757 celebrans
1021 4700 1266 4756 divinum
1316 4698 1575 4762 officium,
1616 4700 1709 4756 sed
1748 4711 1806 4754 ut
1856 4701 2073 4755 audiam

506 4811 677 4849 vocem
701 4793 877 4848 laudis
903 4802 1010 4848 tuce
1039 4792 1093 4846 in
1124 4792 1284 4855 coelo,
1314 4799 1370 4846 et
1397 4792 1451 4845 in
1489 4790 1727 4848 Ecclesia
1755 4791 2071 4848 Trinitatem

505 4886 957 4951 concelebrantis,
994 4895 1049 4940 et
1079 4900 1267 4940 vocem
1301 4892 1409 4939 tuae
1439 4884 1616 4940 laudis
1646 4885 1701 4938 in
1732 4885 1819 4940 die
1844 4885 2071 4955 judicii3

505 4996 668 5051 quem
718 4979 863 5036 diem
898 4978 1218 5033 desiderans
1253 4976 1378 5032 dico
1405 4995 1418 5030 ε
1445 4975 1642 5031 ludica
1684 4993 1786 5044 me,
1828 4976 2071 5043 Domine,

504 5083 562 5128 ut
598 5073 814 5128 audiam
844 5087 1016 5126 vocem
1059 5070 1235 5124 laudis
1271 5079 1377 5125 tuae
1423 5068 1564 5124 inter
1615 5070 1758 5126 duos
1817 5069 2076 5125 minimos

503 5167 589 5221 vel
616 5180 806 5222 eorum
847 5163 1147 5220 laudabiles
1175 5163 1478 5218 ministroS.
1512 5161 1579 5216 Et
1606 5162 1731 5233 quia
1757 5172 1815 5216 tu
1852 5177 2076 5217 unuses

503 5259 784 5329 magister,
833 5258 925 5328 qui
975 5258 1139 5313 doces
1185 5255 1461 5311 hominem
1508 5256 1823 5321 scientiam,
1875 5252 1962 5309 fac
2017 5264 2078 5308 ut

504 5352 646 5420 apud
681 5362 832 5408 tuum
859 5352 1035 5406 attare
1077 5351 1295 5405 audiam
1327 5367 1495 5406 vocem
1547 5349 1724 5406 laudis
1783 5359 1889 5406 tuae
1936 5351 2077 5405 inter

506 5457 603 5496 eos
636 5444 727 5512 qui
766 5451 895 5498 suut
921 5424 1184 5498 docibiles
1210 5442 1332 5508 Dei,
1371 5452 1425 5496 et
1476 5457 1577 5511 ego
1614 5458 1643 5497 a
1670 5452 1724 5497 te
1773 5443 2077 5498 instructus

512 5534 720 5601 absque
743 5535 946 5590 invidia
981 5536 1036 5589 in
1081 5535 1262 5590 studio
1300 5535 1583 5589 charitatis
1611 5534 1932 5591 aedificantis
1967 5550 2075 5589 non

511 5635 619 5687 me,
648 5625 742 5678 sed
772 5634 823 5680 te
846 5627 1080 5692 laudem,

2179 4429 2317 4484 bene
2343 4429 2619 4485 olentibus
2655 4444 2904 4499 respersa
2935 4428 3166 4484 floribus
3196 4425 3410 4480 fratrum
3435 4414 3660 4470 convers*

2182 4521 2257 4598 tio
2281 4529 2334 4576 et
2361 4520 2470 4575 vita
2497 4520 2744 4592 refulget.
2777 4520 2949 4577 Porro
2979 4521 3175 4576 domos
3196 4513 3462 4590 populares
3483 4506 3660 4595 conven-

2179 4623 2268 4670 tus
2299 4614 2539 4685 intellige
2562 4613 3024 4679 Christianorum,
3049 4623 3188 4685 quos
3220 4610 3294 4676 hi,
3331 4599 3486 4676 quiin
3528 4584 3656 4647 subh-

2179 4706 2370 4761 mitate
2390 4706 2553 4776 positi
2577 4713 2725 4772 sunt,
2767 4705 3064 4761 Christiani
3095 4706 3281 4774 utique
3320 4694 3567 4757 utriusque
3588 4688 3654 4777 ⁰¹1·

2177 4799 2326 4854 dinis
2347 4798 2623 4869 principes
2648 4797 2806 4868 quasi
2844 4798 2992 4868 tigna
3038 4799 3288 4868 pariete-S,
3310 4786 3456 4860 justis
3485 4780 3654 4844 imp⁰⁵¹·

2178 4893 2248 4947 tis
2273 4893 2480 4961 legibus
2504 4890 2715 4945 sortiter
2741 4889 3038 4960 stringunt.
3073 4905 3142 4946 ne
3166 4902 3260 4945 sua
3286 4882 3466 4954 quique
3490 4873 3583 4940 ¹08⁰
3596 4858 3653 4913 *ἃ

2178 4985 2456 5040 voluntate
2498 4983 2742 5038 viventes
2791 4990 3054 5052 tanquam
3113 4976 3346 5037 inclinati
3385 4965 3578 5042 parietes
3616 4958 3651 5054 fi

2178 5077 2432 5132 maceriae
2484 5075 2722 5144 depulsae
2774 5074 3078 5129 dissideant
3126 5091 3155 5129 a
3211 5059 3506 5133 semetipsis·
3531 5058 3572 5106 ⁸²
3597 5055 3651 5098 ⁵¹⁶

2180 5169 2360 5224 omnis
2386 5176 2661 5224 structura
2712 5165 2925 5222 aedilicii
2971 5181 3234 5222 corruens
3279 5157 3548 5224 dissipetur.
3578 5136 3649 5190 ¹2³·

2179 5261 2425 5331 micaria,
2462 5275 2586 5330 quae
2616 5274 2646 5313 a
2678 5260 2842 5330 tignis
2887 5261 3120 5317 firmiter
3149 5257 3386 5332 pendent,
3423 5252 3470 5299 et
3509 5234 3648 5290 domos

2179 5353 2469 5422 inssignstffl'
2482 5361 2700 5417 ornant,
2720 5362 2853 5422 puto
2872 5353 3010 5409 bene
3026 5351 3251 5409 instituti
3274 5342 3389 5402 cieri
3408 5327 3646 5416 mansueto-⁸

2179 5453 2233 5498 et
2267 5443 2639 5513 disciplinatos
2664 5459 2877 5513 mores,
2914 5446 3124 5517 riteque
3165 5434 3500 5500 admgnfismm
3521 5411 3646 5506 officia

2179 5534 2486 5605 designare.
2513 5534 2799 5601 Quomodo
2821 5552 3060 5607 namque
3091 5537 3299 5593 stabunt
3324 5520 3514 5580 ordines
3536 5505 3648 5608 flffl’

2184 5642 2367 5681 eorum
2391 5636 2442 5682 et
2465 5627 2960 5687 administrationes
2983 5645 3194 5692 eorum,
3211 5625 3254 5682 si
3285 5632 3383 5676 non
3409 5597 3644 5683 principum
