3817 6000
188 202 242 265 sos
665 191 821 251 crim-lolli
840 188 1037 248 ermensul
1056 186 1333 246 {intermissurum
1760 175 1816 236 tot

189 335 202 373 ι
217 317 341 374 ridentes
354 312 459 370 stellam
475 309 562 384 gavisi
581 316 647 365 sunt
661 307 761 380 gaudio
781 320 882 376 magno
898 303 978 360 rnldc
991 308 1016 367 Α
1029 301 1135 360 sionem
1158 317 1237 357 suam
1254 305 1448 357 consummate
1462 296 1496 355 de
1518 303 1608 352 morte
1631 294 1763 363 surrexit,
1788 304 1818 352 et

188 407 300 482 (llettlr.
316 422 347 472 rr,
363 403 418 476 ιθ).
439 422 448 456 r
474 401 544 458 Eccc
560 398 760 472 perspeximus,
774 407 912 453 ermanus
926 410 977 451 no·
1028 393 1153 450 aseendit
1168 393 1195 449 in
1207 393 1319 460 eoelum,
1333 392 1407 449 unde
1421 399 1545 458 venerat,
1559 388 1692 461 queniam
1712 404 1818 444 esem·

188 509 253 559 strae
265 503 507 556 contrectaverunt
518 491 552 550 de
568 492 715 548 bocrerbo
732 490 809 559 ritae,
827 489 901 561 quod
921 489 977 544 dies
1028 502 1071 541 me
1088 486 1152 541 cute
1162 487 1277 556 egressio
1288 486 1347 557 ejus
1358 501 1441 557 arque
1464 481 1499 538 ed
1511 498 1644 537 summum
1659 480 1729 551 ejus.
1753 479 1818 538 lnde

188 590 245 647 diei
265 595 368 644 eructet
390 601 454 642 cum
478 599 587 641 summe
609 582 786 639 discretione.
822 579 881 636 lien
903 579 977 636 eninr
1027 578 1439 649 venturosestjudicareriros
1460 574 1817 643 ermenteus,etsaeeulunr

189 680 283 739 omnia
305 679 445 746 omnibns,
463 676 511 733 sed
533 674 601 731 cleri
627 675 709 730 elaris
729 673 903 746 sapientiam,
917 686 979 743 quas
1027 684 1077 740 per
1101 670 1191 742 ignem
1208 686 1254 724 nee
1274 669 1374 742 estqui
1395 685 1423 724 ae
1441 667 1587 723 abscundet
1604 682 1622 721 e
1639 666 1729 722 celere
1747 664 1818 736 ejas.

190 780 234 830 est
245 772 273 827 in
286 770 375 826 lructn
386 778 570 836 eternorum,
587 775 615 821 et
633 765 715 821 iidem
729 765 781 837 ipsi
792 763 857 821 laeti
870 778 922 818 nee
937 770 979 818 te·
1029 757 1083 817 lsta
1104 771 1168 816 sunt
1193 762 1276 817 rerba
1302 762 1332 817 in
1359 768 1415 816 toto
1430 757 1535 816 mundo
1549 757 1654 825 audita,
1679 757 1753 814 istud
1776 769 1821 814 est

190 864 316 922 nebrosis
326 862 448 918 indicant
458 859 676 930 semermemque
686 858 765 915 estin
779 872 863 914 cursu
875 866 980 927 tempo·
1029 849 1206 923 Evangelium
1218 868 1267 923 per
1281 868 1378 909 omnes
1391 853 1501 923 linguas
1515 851 1696 908 enuntiatum.

192 957 302 1014 ratium.
318 955 375 1012 lloc
393 963 485 1012 auteur
508 970 572 1010 cum
587 954 636 1011 liat
650 954 769 1010 multum
794 952 923 1019 discrete,
949 949 980 1007 ur
1066 940 1120 999 Sed
1134 943 1281 1000 audiamus
1291 943 1423 1000 attentius
1444 958 1476 998 ea
1505 959 1568 1014 quas
1579 941 1739 999 summatim
1756 956 1821 1014 per·

192 1049 275 1105 etiarn
311 1047 391 1103 ralde
431 1044 549 1102 mirifice
585 1060 620 1102 ac
654 1025 810 1116 magnifice.
849 1040 979 1110 llirilce,
1030 1033 1125 1090 stricta
1141 1043 1216 1090 sune
1235 1036 1387 1092 Audiamus
1405 1035 1545 1106 apestolus
1571 1043 1702 1105 tanquam
1717 1030 1821 1089 summi

191 1141 256 1212 qur,
1029 1126 1104 1199 regis
1118 1126 1219 1184 milites
1241 1126 1366 1198 eiusdem
1390 1127 1434 1184 sui
1461 1126 1535 1197 regis
1557 1138 1654 1183 contm
1677 1125 1821 1183 diabolum

228 1230 311 1287 lans.
323 1230 354 1286 l.
371 1227 434 1285 Nm
445 1238 507 1285 aaut
528 1227 641 1300 teqeelo
663 1228 692 1284 in
706 1226 823 1284 dirersis
835 1223 981 1300 generilms
1030 1219 1178 1291 pugnaturi
1202 1219 1351 1276 adrentum
1377 1218 1597 1292 evangelizantes
1625 1226 1654 1273 et
1674 1217 1822 1276 rieteriaur

192 1322 360 1395 linguarum,
371 1336 453 1392 neque
470 1335 604 1376 sermones
632 1318 662 1374 in
676 1317 836 1375 diuersitate
861 1315 982 1372 idioma·
1030 1308 1220 1380 prmdicuntes.
1248 1308 1347 1365 Dicunt
1369 1309 1443 1366 enim
1459 1328 1467 1364 r
1482 1307 1542 1365 Rex
1565 1308 1823 1366 nosteradreniena

193 1422 252 1470 tum
264 1412 484 1482 uniuscujusque
511 1410 623 1479 liuguae,
637 1424 749 1482 gererem
772 1423 824 1463 rrerr
836 1407 983 1461 audientur
1031 1398 1159 1456 Christus
1170 1415 1221 1472 pro
1230 1400 1310 1457 uoltis
1329 1412 1500 1473 pugnaturus
1512 1401 1540 1456 tn
1562 1399 1617 1456 sele
1631 1401 1720 1472 peseit
1733 1403 1823 1454 reter-

194 1523 266 1564 ueces
283 1522 384 1573 cerum,
411 1504 448 1561 lta
461 1513 491 1561 ut
504 1520 537 1561 ex
553 1503 628 1560 omni
643 1503 764 1569 natione,
775 1516 837 1574 qum
847 1501 900 1557 sub
911 1500 982 1557 coelo
1032 1491 1156 1546 ”ticulum
1169 1508 1258 1559 ruem,
1275 1492 1339 1564 (ritis
1354 1493 1446 1548 carnis
1458 1500 1607 1563 assumo&
1619 1490 1823 1547 talernaculum

193 1608 245 1663 est,
259 1597 428 1654 admirantes
440 1596 534 1652 dicant
546 1594 653 1666 aliqui:
679 1612 688 1646 ι
705 1591 802 1649 Nonne
816 1607 912 1648 omues
923 1590 981 1658 isti,
1032 1585 1273 1655 postillatorem
1289 1595 1332 1643 est
1346 1587 1374 1642 in
1386 1585 1471 1641 llario
1486 1584 1609 1658 Virgine,
1632 1601 1695 1658 qoae
1704 1586 1747 1642 sol
1765 1601 1822 1642 non

193 1691 241 1763 qui
254 1690 414 1762 loquuntur,
437 1686 541 1744 Galilaei
552 1695 627 1754 sunt,
638 1694 665 1743 et
678 1686 817 1758 quomodo
832 1699 882 1741 uos
897 1700 984 1741 unus·
999 1649 1256 1734 Binconvenienier
1270 1676 1380 1746 dieitur,
1395 1693 1429 1733 εο
1448 1677 1523 1748 quod
1538 1677 1597 1735 sola
1609 1677 1823 1734 intermulieres

194 1783 312 1854 quisque
334 1781 457 1851 linguam
482 1789 606 1837 nostram
632 1777 799 1845 audirimus,
815 1778 843 1833 in
858 1792 913 1848 qua
926 1776 983 1832 usti
1034 1768 1166 1840 singulari
1188 1768 1378 1825 benedictione
1401 1768 1590 1841 resplendetis
1612 1768 1750 1840 Siquidem
1771 1782 1825 1824 ¹¹0⁰

195 1873 310 1930 sumusl
332 1892 341 1926 ι
362 1871 433 1942 (det.
452 1886 483 1939 rr,
495 1870 511 1924 7
523 1880 551 1927 et
564 1869 604 1940 8.)
627 1868 661 1925 Et
681 1883 744 1926 cum
773 1867 815 1925 sic
835 1868 985 1924 audiuntur
1034 1860 1249 1939 primasimiiem
1266 1860 1325 1916 visa
1346 1868 1388 1916 est
1403 1875 1454 1916 nec
1467 1859 1568 1917 halem
1583 1868 1764 1932 sequentem:
1783 1858 1824 1914 si-

195 1966 242 2021 isti
262 1964 323 2020 coeli
350 1971 512 2022 enarrantes
537 1961 654 2033 gloriam
666 1958 716 2016 liei
738 1959 855 2016 mirifice
879 1958 908 2014 in
928 1975 985 2016 uno
1034 1960 1082 2007 cut
1099 1952 1140 2006 sel
1155 1951 1207 2007 iste
1217 1951 1370 2008 materialis
1381 1950 1492 2020 dicitur,
1503 1967 1535 2007 ee
1548 1952 1622 2023 quod
1642 1949 1825 2008 soluslucere

196 2035 297 2124 templo
308 2068 355 2109 sen
377 2051 532 2121 coenaculo,
558 2052 708 2107 audiuntur
723 2049 903 2109 nihilominus
925 2064 986 2105 ma·
1035 2042 1170 2099 videatur·
1186 2040 1252 2110 0¹¹ae
1264 2044 1374 2114 quidem
1385 2043 1464 2102 stelle
1476 2045 1558 2100 meris
1570 2044 1680 2111 dicitnr,
1699 2045 1825 2100 sedeon-

195 2148 293 2221 gnilice
305 2148 331 2201 in
344 2153 402 2201 toto
415 2145 529 2201 mundo.
542 2142 677 2216 Equidem
1036 2132 1161 2205 cipiendu
1173 2142 1201 2188 et
1213 2133 1346 2205 gestando
1358 2134 1385 2189 in
1404 2149 1435 2190 se
1448 2132 1542 2189 Solem
1555 2133 1670 2206 justitiae
1682 2135 1765 2207 digna
1782 2145 1825 2191 est

231 2236 316 2295 Vens.
330 2237 357 2293 5.
375 2235 410 2291 ιιι
437 2251 538 2291 enarrem
553 2243 652 2289 terrena
661 2233 831 2289 salvittones
845 2248 948 2299 cerum,
961 2240 986 2287 et
1036 2233 1118 2289 etiam
1136 2233 1194 2303 ipsa
1217 2233 1284 2289 solis
1307 2232 1428 2302 nomine,
1450 2233 1489 2289 ita
1502 2241 1534 2288 ιιι
1551 2240 1624 2289 recte
1646 2232 1736 2304 ipsam
1749 2232 1825 2289 onrni

195 2330 224 2388 ιιι
232 2331 298 2402 pinea
311 2328 382 2385 erlis
396 2325 566 2384 terrereris
581 2342 684 2382 eorum.
1036 2325 1118 2383 laude
1128 2324 1319 2396 dignissimam
1331 2324 1511 2394 praedicantss
1524 2323 1553 2379 in
1572 2323 1633 2394 elus
1648 2325 1826 2383 veneratione

230 2422 324 2479 Primo
338 2421 390 2493 ipsi
411 2419 526 2492 apostoli
539 2434 596 2476 une
617 2415 762 2475 coenucule
785 2415 885 2474 inclusi
900 2434 910 2471 ι
929 2432 987 2475 ιω·
1037 2417 1182 2474 dicamus:
1214 2434 1223 2469 ι
1239 2414 1306 2484 Quae
1329 2425 1372 2472 est
1384 2415 1452 2485 ista,
1478 2432 1541 2488 quae
1556 2416 1679 2473 aseendit
1690 2417 1764 2474 sicut
1776 2434 1826 2474 au-

196 2523 298 2588 perunt
310 2512 386 2586 loqui
401 2532 411 2566 ι
427 2511 566 2585 magnalia
585 2510 634 2568 liei
652 2528 662 2563 ι
678 2508 762 2566 uariis
779 2509 893 2582 linguis,
904 2518 986 2581 prout
1038 2524 1101 2566 rora
1119 2523 1301 2580 consurgens,
1317 2508 1433 2580 pulclrra
1457 2518 1487 2563 ut
1512 2508 1596 2577 luna,
1620 2507 1707 2564 electa
1734 2519 1765 2566 ut
1785 2510 1826 2566 sol

198 2607 318 2679 Spiritus
330 2614 444 2664 sanctus
456 2605 541 2662 dabat
559 2604 652 2676 eloqui
676 2603 732 2660 illis
752 2602 843 2676 (illd,
858 2604 897 2674 l).
914 2622 925 2658 ι
953 2601 988 2660 Et
1039 2606 1131 2680 (Ceut.
1148 2622 1189 2676 rr,
1204 2605 1244 2677 9).
1263 2623 1273 2660 r
1307 2603 1340 2661 lu
1357 2605 1412 2662 boc
1434 2603 1490 2659 sele
1512 2604 1602 2676 pessit
1624 2604 1827 2664 talernaculum

197 2709 364 2775 praeceptum
381 2698 434 2768 luit
444 2700 486 2756 eis
511 2714 545 2755 ne
558 2697 738 2769 loquerentur
752 2697 781 2753 in
797 2698 909 2755 nomine
921 2698 986 2766 isto,
1038 2713 1127 2764 suum,
1139 2696 1205 2768 quia
1222 2695 1281 2765 ipse
1290 2693 1374 2763 licus,
1391 2694 1438 2750 liei
1450 2691 1582 2763 Verium,
1606 2694 1652 2750 liei
1668 2702 1770 2750 aterna
1782 2710 1828 2750 sa·

197 2792 245 2851 sed
258 2791 372 2849 rerlrum
379 2788 427 2847 oet
442 2806 495 2848 non
507 2789 559 2847 luit
570 2789 779 2859 alligatum,nec
786 2790 876 2862 potuit
884 2789 987 2846 includi
1038 2787 1152 2860 pientia,
1169 2786 1300 2858 splendor
1310 2794 1431 2858 paternae
1447 2786 1551 2856 gloriae,
1565 2787 1613 2858 qui
1635 2786 1726 2858 ignem
1743 2788 1829 2843 aetite

198 2882 383 2954 apostolorum
397 2880 538 2947 doctrina,
552 2879 601 2937 sed
622 2881 650 2933 ιιι
672 2894 775 2935 emnem
792 2888 890 2935 terrem
906 2879 988 2935 scivit
1039 2893 1118 2936 reum
1132 2876 1236 2949 pridem
1251 2856 1388 2933 laiissime
1401 2875 1530 2933 diffusum
1544 2885 1643 2946 quarm
1654 2878 1698 2933 die
1719 2878 1830 2950 collegit

199 2988 277 3031 serres
288 2986 378 3029 serum
391 2984 440 3042 per
452 2972 538 3043 ipsos,
556 2978 584 3028 et
593 2986 642 3043 per
657 2986 752 3030 eorum
766 2971 917 3045 discipulos
938 2983 1024 3043 ιιι-ο
1040 2969 1262 3043 atqueaduuarit
1273 2968 1302 3025 in
1316 2968 1407 3027 solare
1419 2983 1532 3040 cerpus,
1548 2967 1611 3027 inde
1619 2970 1700 3042 quasi
1710 2970 1745 3028 de
1753 2969 1830 3028 lente

200 3065 256 3121 dite
275 3062 424 3135 Evangelio
451 3062 479 3119 in
496 3070 555 3120 toto
569 3064 694 3131 mundo,
724 3074 780 3120 tam
794 3079 845 3136 per
868 3064 990 3122 sonitum
1040 3060 1133 3118 radios
1156 3060 1325 3118 emissurum
1344 3074 1393 3131 per
1411 3059 1545 3115 mundum
1559 3060 1826 3129 universum,etiam

200 3154 280 3212 iamre
292 3169 374 3227 quam
386 3170 435 3226 per
445 3154 527 3211 rerba
539 3154 680 3212 doctrinar.
693 3154 786 3213 Primo
796 3156 906 3229 quidem
923 3175 934 3211 ι
950 3156 992 3215 ia·
1041 3153 1163 3225 seipsum
1186 3151 1278 3225 ignem
1292 3151 1418 3208 divinum
1432 3159 1461 3208 et
1474 3150 1642 3209 immensum
1654 3152 1736 3225 quasi
1750 3167 1831 3210 cear-

200 3253 261 3301 crus
286 3251 330 3300 est
350 3251 463 3315 repente
479 3242 514 3300 ds
536 3243 607 3300 coelo
633 3259 721 3301 senus
749 3254 881 3317 tanquam
908 3245 993 3304 adre-
1041 3244 1126 3303 ctarit
1143 3245 1172 3301 in
1187 3259 1287 3316 corpus
1300 3243 1452 3301 humanum
1466 3260 1515 3302 sen
1527 3253 1682 3301 maternum
1699 3258 1748 3300 seu
1764 3259 1831 3317 pro·

200 3332 302 3390 olentis
326 3332 441 3404 spiritus
465 3333 635 3390 uehementis
653 3333 732 3406 (illd.
750 3333 791 3406 E),
810 3353 820 3387 ι
845 3342 874 3392 ει
896 3345 993 3407 postea
1040 3337 1133 3409 prium
1151 3336 1186 3393 de
1196 3333 1283 3390 ilaue
1297 3333 1402 3406 uirgine
1415 3343 1568 3407 sumptum,
1592 3334 1622 3389 in
1634 3349 1691 3407 quo
1706 3350 1771 3391 eum
1785 3334 1831 3389 in·

200 3425 267 3482 risse
288 3433 353 3481 suut
380 3424 482 3496 linguas
502 3425 653 3496 dispertitae
669 3433 800 3496 tanquam
812 3424 901 3499 ignis,
927 3426 992 3500 quia
1042 3427 1148 3485 habitet
1173 3426 1265 3484 omnis
1286 3425 1428 3498 plenitudo
1452 3425 1610 3483 divinitatis
1633 3426 1829 3498 corporaliter,

201 3518 242 3575 sic
265 3530 461 3587 processurum
476 3523 536 3572 erat
558 3514 749 3590 Evangelium,
764 3526 795 3574 ut
807 3528 994 3589 precurrente
1042 3518 1114 3576 sicut
1128 3517 1269 3591 plenitudo
1289 3517 1361 3589 ignis
1387 3515 1498 3574 aetherei
1515 3525 1607 3573 manet
1626 3516 1655 3572 in
1675 3515 1759 3573 solari
1771 3531 1833 3572 αιι·

202 3622 272 3665 sono
297 3606 378 3664 lamas
407 3616 539 3679 tanquam
565 3607 681 3680 spiritus
705 3608 877 3665 vehementis
898 3620 993 3681 postca
1043 3625 1121 3684 pore,
1139 3618 1214 3667 certe
1225 3608 1315 3680 ipsius
1338 3607 1464 3666 diuinum
1486 3621 1589 3679 cerpus
1610 3620 1712 3679 cerpus
1730 3616 1774 3663 est
1787 3621 1834 3663 se-

202 3699 303 3773 linguar
321 3699 471 3770 dispertitas
486 3714 536 3770 per
560 3713 658 3757 omnes
677 3698 849 3757 diversitates
866 3700 994 3757 humana
1043 3701 1112 3771 iare,
1127 3702 1155 3757 in
1172 3714 1228 3772 que
1245 3700 1357 3756 velutin
1370 3698 1426 3754 sele
1439 3699 1498 3769 ipse
1515 3698 1587 3771 ignis
1601 3706 1721 3753 astemus
1743 3688 1834 3769 pessit

203 3790 319 3864 loquelae
332 3801 464 3862 tanquam
486 3791 558 3865 ignis
583 3791 771 3849 illuminarent
793 3800 820 3847 et
840 3790 995 3848 inflamma·
1045 3790 1246 3848 talernaculum
1256 3805 1348 3857 seam,
1365 3788 1393 3844 id
1408 3797 1451 3845 est
1472 3787 1564 3859 ipsum
1586 3786 1640 3843 tale
1653 3785 1836 3858 corpuslecit

203 3890 265 3938 rent
275 3880 445 3937 audientium
460 3890 489 3938 et
508 3882 679 3941 credentium
693 3882 778 3939 cerda
800 3881 892 3939 sonitu
914 3880 996 3939 lamae
1045 3883 1171 3942 sibiesse
1184 3880 1402 3939 tabernaculum.

204 3972 331 4041 attonita,
354 3982 384 4028 et
404 3972 540 4030 instructa
555 3989 603 4046 per
618 3973 696 4028 nerle
721 3973 908 4041 rationabilia,
933 3989 996 4047 quae
1080 3973 1168 4030 Etiam
1188 3973 1237 4028 ille
1246 3971 1330 4029 modo
1337 3971 1424 4042 posuit
1432 3970 1523 4026 trrsele
1533 3969 1734 4027 talernaculum
1744 3986 1835 4036 raum,

204 4065 234 4120 ιιι
242 4065 308 4135 fines
318 4063 390 4119 erbis
401 4074 478 4120 terre
492 4075 634 4133 uenerunt,
644 4067 709 4136 quia
721 4065 803 4121 etiarn
818 4065 995 4122 ultimoster·
1045 4064 1112 4137 quia
1130 4064 1223 4121 earnis
1237 4062 1381 4119 lucernam
1403 4075 1458 4118 nen
1471 4061 1506 4117 ad
1521 4061 1575 4117 lree
1598 4060 1733 4125 accendit,
1762 4070 1794 4116 ut
1808 4061 1836 4116 in

204 4171 299 4213 rarum
312 4158 428 4228 angulos
439 4165 652 4225 penetraverunt
671 4164 700 4212 et
718 4158 870 4227 replerunt.
898 4156 933 4211 Et
949 4174 995 4213 re·
1046 4157 1208 4215 abscondite
1217 4165 1343 4228 poneret,
1355 4154 1404 4211 sed
1415 4169 1498 4226 super
1508 4153 1715 4221 candelabrum,
1727 4153 1757 4207 in
1770 4154 1836 4220 soie,

205 4264 270 4305 nera
284 4247 392 4320 grande·
400 4247 453 4304 iuit
468 4247 647 4314 miraculum,
674 4249 747 4320 quod
764 4249 798 4305 ad
821 4249 994 4307 dilatandum
1047 4246 1143 4315 idest,
1158 4246 1187 4302 in
1198 4243 1356 4302 manifesto.
1369 4242 1462 4301 Voluit
1475 4249 1548 4301 euim
1563 4245 1649 4300 rideri
1660 4244 1695 4299 ab
1706 4245 1837 4301 omuibus

207 4337 327 4395 Verbum
339 4338 387 4394 llei
401 4348 467 4394 tunc
483 4354 556 4396 unus
570 4339 654 4394 homo
664 4339 831 4411 loquebatur
841 4340 925 4396 rariis
941 4341 996 4396 lin·
1012 4328 1034 4385 D
1048 4338 1165 4395 militare
1176 4337 1362 4393 habitaculum
1380 4333 1556 4403 Divinitatis,
1581 4351 1643 4407 qoae
1662 4336 1739 4406 prius
1750 4335 1838 4391 laten·

207 4428 270 4501 guis
286 4446 295 4495 ;
310 4443 384 4485 nuuc
396 4440 488 4484 autern
500 4430 633 4501 grandius
646 4438 675 4487 et
693 4430 790 4488 utilius
814 4441 857 4489 est
874 4432 996 4489 miracu·
1046 4438 1089 4487 ter
1101 4449 1111 4483 r
1121 4436 1181 4485 erat
1200 4428 1228 4484 iu
1252 4427 1367 4500 mundo,
1384 4435 1412 4483 et
1425 4428 1546 4483 mundus
1559 4442 1620 4483 eam
1638 4443 1694 4483 non
1708 4430 1839 4500 cognorit

208 4521 275 4589 lum,
296 4522 371 4595 qued
383 4521 440 4593 jam
456 4521 541 4578 dilato
562 4520 610 4579 osi
632 4524 714 4581 rerbo
733 4541 788 4581 una
803 4524 925 4582 Ecclesia
948 4542 997 4582 ca·
1048 4521 1141 4594 (leon.
1156 4536 1177 4589 r,
1196 4518 1252 4591 to).
1272 4538 1282 4573 r
1298 4519 1352 4576 Sed
1367 4518 1402 4574 ad
1416 4518 1469 4575 lroc
1484 4517 1683 4574 talernaculum
1702 4536 1838 4589 erumpe

208 4612 349 4671 tlroiicaet
367 4613 517 4685 apostolica
532 4613 559 4670 ln
575 4615 699 4672 sehabet
712 4618 803 4673 rar-las
817 4617 937 4690 linguas,
957 4618 996 4673 irs
1048 4610 1102 4666 arrr't
1125 4610 1152 4664 r'n
1168 4609 1233 4677 sele,
1252 4608 1334 4665 idest
1355 4609 1382 4663 in
1411 4607 1573 4677 manilesto,
1588 4617 1619 4665 ιιι
1636 4622 1700 4664 curu
1721 4609 1749 4663 in
1766 4610 1840 4664 mili·

209 4710 240 4760 ut
252 4704 280 4760 in
294 4719 349 4761 nne
366 4719 481 4777 corpere
495 4704 711 4763 uniusettotius
723 4704 854 4764 Ecclesia
880 4725 889 4762 ι
906 4708 999 4764 omnis
1049 4704 1132 4761 tando
1146 4710 1281 4776 pugnaret
1291 4711 1387 4759 centra
1406 4702 1558 4769 diabolum,
1575 4702 1678 4773 grande
1692 4700 1765 4758 leret
1780 4718 1841 4774 spe·

209 4795 488 4868 linguaconllteatur,
503 4797 571 4869 qnia
586 4796 813 4857 llominuslesus
827 4797 955 4857 Christus
970 4800 999 4856 in
1049 4795 1186 4853 naculum
1209 4794 1314 4868 angelis
1326 4802 1355 4851 et
1378 4794 1537 4852 hominibus
1558 4794 1586 4850 in
1608 4793 1739 4849 alterutra
1764 4802 1841 4865 perte

210 4887 354 4962 gloriaest
372 4885 421 4945 oei
439 4887 530 4949 Petris
542 4888 655 4962 (Philip.
673 4907 705 4959 n,
731 4891 786 4961 ll).
805 4909 815 4944 r
842 4889 910 4958 Quae
934 4897 1000 4948 suut
1049 4886 1199 4946 ioederatis.
1216 4885 1251 4943 Et
1263 4887 1324 4944 ideo
1347 4887 1523 4943 tabernaculo
1534 4901 1585 4943 suo
1602 4885 1661 4958 jam
1686 4894 1839 4958 preparato

215 4984 310 5033 autern
322 4975 420 5044 rerba,
445 4991 508 5048 qua
521 4977 549 5033 in
569 4977 637 5034 lines
662 4979 740 5037 erlris
754 4991 835 5037 terrm
852 4979 1002 5036 reneruntl
1050 4980 1221 5039 uoluitintos
1234 4980 1331 5049 latere,
1343 4978 1390 5036 sed
1405 4979 1540 5051 processit
1557 4979 1586 5035 in
1601 4978 1752 5050 publicum.
1765 4977 1841 5046 Qua·

212 5062 301 5125 Verba
314 5065 440 5127 videlieet
449 5077 608 5125 sanctornm
624 5068 662 5125 ita
673 5068 823 5127 dicentium
836 5087 845 5125 ι
1049 5074 1131 5143 litari
1142 5071 1397 5147 Ennqaernrperrsas
1406 5073 1547 5145 precedere
1558 5071 1591 5126 de
1600 5070 1718 5128 thalem
1728 5086 1787 5126 erre.

247 5156 331 5217 Esau.
346 5158 374 5215 6.
403 5156 438 5214 ιιι
457 5157 513 5215 sele
527 5160 616 5232 pessit
641 5160 840 5218 talernaculum
861 5177 940 5218 auem
952 5176 1003 5234 per
1088 5145 1237 5237 languent,
1265 5163 1294 5219 iu
1323 5161 1377 5219 ltee
1393 5162 1454 5219 loco
1470 5176 1525 5220 non
1552 5170 1608 5218 tam
1633 5160 1840 5219 similitudinem

212 5248 377 5323 mysterium
394 5248 599 5310 lucernalienls
620 5246 788 5323 assumendo
802 5253 1002 5312 carnistalrer-
1052 5272 1135 5330 quam
1159 5255 1302 5312 veritatem
1326 5253 1475 5327 signifieat,
1502 5253 1574 5311 sieut
1601 5253 1639 5309 ilri
1665 5271 1674 5310 e
1701 5253 1764 5309 ιΕι
1785 5251 1842 5309 ridi

213 5343 445 5415 naeuiumetipae
459 5352 585 5417 turquens
598 5360 711 5417 mensas
731 5347 873 5418 precedens
892 5346 925 5403 de
942 5347 1004 5403 rire-
1052 5364 1155 5423 agnmn
1172 5357 1306 5420 tanquam
1318 5347 1441 5405 oeeisum
1460 5346 1555 5419 (Apes.
1574 5361 1603 5416 r,
1624 5345 1692 5418 6).»
1722 5344 1757 5402 Et
1770 5344 1841 5401 ridl-

213 5431 347 5489 lerrrearre
360 5441 498 5492 natusest
511 5433 672 5508 devirgine.
687 5434 787 5494 Postea
808 5437 951 5494 mnsam
972 5449 1003 5494 arr
1053 5457 1116 5499 urus
1133 5441 1248 5514 gloriam
1271 5439 1344 5512 eius,
1362 5438 1478 5513 gloriam
1496 5439 1576 5511 quasi
1602 5439 1737 5511 unigeniti
1760 5437 1843 5496 ala·

215 5523 289 5592 giges
315 5523 351 5578 ed
377 5525 535 5581 currendum
557 5525 628 5582 niem
649 5526 815 5597 perficiendo
839 5527 868 5583 in
891 5527 1004 5600 triginta
1054 5531 1234 5602 uellentes,
1249 5532 1331 5605 lli.»
1359 5529 1454 5598 erear’,
1481 5532 1555 5602 qued
1570 5539 1613 5589 est
1628 5531 1788 5588 aesernium
1805 5531 1844 5589 si·

218 5610 306 5667 trilrus
320 5613 523 5674 anniacursum
535 5630 593 5674 snae
605 5617 778 5692 obedientias,
793 5633 849 5688 quo
878 5634 927 5692 per
940 5633 1005 5697 pas·
1054 5622 1237 5694 militudiuis,
1252 5623 1299 5683 ute
1319 5621 1533 5696 significativum
1556 5631 1600 5681 est
1620 5623 1754 5693 veritatis,
1778 5623 1844 5695 quia
