3817 6000
335 237 442 293 763

1296 237 1600 298 cantioni
1637 239 2022 298 PnAEt’ost'rt
2060 231 2613 299 nsstcnssttst‘nnci

3469 240 3586 298 'fat

334 350 538 419 quibus
567 350 678 406 itur
703 350 771 406 ad
793 358 1046 418 mortem,
1093 349 1145 406 id
1178 360 1261 407 est
1309 353 1378 409 ad
1413 354 1586 425 ipsam
1636 356 1908 413 carnalem
1941 363 1988 421 Α
2016 356 2070 413 id
2099 365 2184 413 est
2217 356 2271 411 in
2307 355 2651 412 fraudulento
2700 355 2964 423 consilio,
2997 372 3085 428 pes
3106 399 3121 424 ,
3169 355 3219 413 id
3270 367 3352 414 est
3406 375 3591 425 amor,

332 443 768 498 delectationem.

411 533 455 589 tJ
462 543 481 588 t
505 537 814 589 annuntiem
840 551 1018 591 omnes
1039 536 1374 594 laudationes
1398 550 1519 595 tuas
1549 541 1605 594 in
1652 542 1818 612 portis
1845 542 1915 611 fi-

333 626 424 681 12·oe
445 624 597 681 Sion.
653 624 780 681 Sion
823 627 1047 699 antiqua
1089 639 1173 684 est
1198 628 1917 696 Ecclesia,Cliristiadven-

337 728 450 775 tum
476 720 530 775 in
567 721 897 791 patriarchis
947 724 1319 794 et!proplretis
1339 724 1406 780 de
1429 725 1587 796 longe
1616 728 1910 797 speculata.

336 809 472 865 Filia
504 809 634 866 Sion
681 808 1015 866 Testamenti
1051 810 1182 867 Novi
1212 822 1295 868 est
1319 811 1561 869 Ecclesia
1595 856 1611 879 ,
1642 832 1766 884 nuae
1814 833 1918 871 nu·

339 903 471 956 trita
508 900 771 957 uberibus
830 902 1033 972 prioris
1075 902 1331 959 Ecclesiae
1375 906 1573 962 similis
1604 906 1678 961 illi
1729 916 1814 962 est
1859 910 1915 963 in

342 997 442 1045 fida
478 997 618 1049 wint
662 997 767 1048 tilia.
815 997 967 1049 matri
999 1012 1127 1051 snae.
1177 995 1354 1053 Portae
1405 998 1570 1070 hujus
1621 999 1752 1070 filim
1786 999 1918 1056 Sion

342 1097 466 1139 sunt
498 1089 771 1141 :inditum-5
799 1089 943 1141 rut-lii
979 1088 1068 1142 thri
1090 1087 1358 1157 benevoli,
1382 1090 1587 1147 dociles
1610 1100 1664 1146 el.
1695 1094 1916 1163 all-enti,

342 1181 578 1245 quibus,
622 1185 674 1233 rt
743 1197 999 1249 prmnnos
1055 1180 1186 1235 bene
1212 1179 1401 1236 laudes
1439 1179 1655 1237 Domini
1703 1199 1921 1238 annun·

342 1273 542 1321 tizintni
590 1310 602 1329 ..
670 1273 795 1321 tium
847 1285 951 1321 πι-ῡιι
987 1270 1165 1337 porcis
1189 1270 1340 1326 verbi
1385 1270 1554 1327 divini
1597 1274 1921 1344 margaritas

342 1364 715 1426 calcantibus,
767 1374 855 1414 :int
887 1366 1116 1416 caninus
1165 1362 1333 1417 verbo
1366 1362 1461 1418 Dei
1520 1365 1920 1423 oblatrantibus

346 1466 590 1506 nztnt'rtnm
638 1458 815 1516 datur,
851 1458 943 1510 fiet!
971 1455 1307 1510 :traditoribus
1322 1455 1551 1523 devotis,
1579 1457 1921 1513 auditoribus

346 1550 578 1602 unianimo
626 1550 711 1602 liis
743 1550 831 1618 [pn
863 1550 971 1602 sint
995 1548 1170 1602 idonei
1204 1557 1260 1603 et
1295 1548 1431 1604 alios
1460 1549 1658 1605 docere
1679 1590 1697 1616 ,
1741 1559 1801 1606 ut
1825 1566 1923 1621 per

346 1658 442 1694 *ens
474 1644 626 1710 qnasi
678 1658 771 1710 prr
796 1654 979 1714 portas
1015 1646 1212 1696 intrent
1245 1642 1300 1696 in
1331 1640 1677 1712 Ecclesiam,
1730 1645 1784 1700 id
1839 1653 1924 1702 est

2016 448 2411 520 comprehensus
2441 458 2691 505 tenetur:
2723 448 2849 520 quia
2866 465 2991 504 eum
3036 450 3322 506 delectatio
3350 454 3598 510 carnalis

2015 540 2149 594 adeo
2171 540 2316 610 ligat,
2347 548 2409 594 ut
2442 539 2486 593 si
2517 547 2744 595 conetur
2764 539 3076 603 abscedere,
3100 540 3257 595 dolor
3284 556 3390 596 non
3419 537 3597 599 sinat.

2015 630 2141 688 Haec
2165 640 2294 687 sunt
2312 632 2525 688 occulta
2556 630 2697 687 Filii.
2718 630 2842 687 liaee
2863 641 2994 688 sunt
3018 642 3226 689 secreta
3236 633 3439 704 judicia
3470 632 3599 705 nei,

2015 740 2137 793 quae
2163 724 2216 778 in
2241 723 2344 780 hac
2363 724 2473 779 vita
2495 731 2903 794 cognoscuntur
2948 739 2978 777 a
3010 725 3217 794 paucis.
3277 722 3481 780 Verum
3529 723 3598 781 in

2016 814 2203 871 futuro
2233 816 2466 871 adventu
2529 813 2774 881 ludiciS,
2818 814 2913 885 qui
2970 824 3031 870 ut
3088 813 3270 886 fulgur
3314 815 3595 883 adveniet,

2087 907 2253 963 Vens.
2282 906 2369 962 t7.
2431 906 2784 978 Coqnoscetnr
2808 906 3062 961 Dominus
3118 906 3326 977 judicia
3368 907 3598 978 [aciens.

2020 1000 2173 1057 Tune
2195 1001 2266 1056 ab
2284 1000 2541 1056 omnibus
2561 1010 2923 1072 cognoscetur
2947 1000 3111 1070 judex
3128 1001 3339 1071 judicia
3368 1001 3598 1071 [aciens.

2021 1091 2175 1149 Tunc
2198 1092 2491 1157 videbitur,
2524 1091 2669 1163 quod
2698 1092 3005 1147 modolatet
3026 1131 3042 1154 ,
3087 1092 3360 1163 quomodo
3389 1093 3444 1146 in
3473 1108 3606 1162 ope-

2021 1183 2164 1240 ribus
2208 1200 2462 1239 mannum
2503 1200 2723 1238 suarum
2773 1186 3170 1254 comprehensus
3203 1192 3278 1238 est
3308 1194 3551 1254 peccator
3578 1224 3602 1247 ,

2020 1292 2118 1347 per
2150 1292 2271 1347 quae
2319 1292 2484 1346 opera
2520 1286 2886 1332 secernuntur
2913 1277 3003 1332 bic
3032 1293 3063 1331 a
3093 1276 3254 1332 bonis
3284 1275 3503 1340 affectu,
3534 1275 3599 1329 in

2022 1369 2206 1423 mturo
2235 1376 2415 1422 autem
2434 1375 2796 1422 secernuntur
2817 1366 2979 1421 etiam
3004 1365 3181 1437 poenis
3201 1364 3595 1430 exterioribnS,

2022 1462 2242 1534 quando
2267 1461 2503 1532 separati
2540 1460 2756 1531 ajustis
2787 1460 3072 1515 mittentur
3123 1460 3177 1515 in
3210 1461 3464 1515 tenebras
3500 1474 3607 1515 ex-

2021 1554 2273 1620 teriores,
2306 1552 2397 1608 ubi
2426 1551 2532 1608 erit
2559 1553 2739 1615 fletus,
2768 1561 2820 1607 et
2845 1551 3049 1607 stridor
3075 1550 3344 1607 dentium.

2096 1644 2232 1700 Nota
2268 1644 2415 1715 quod
2439 1659 2549 1699 non
2593 1643 2835 1707 aliunde,
2876 1642 2980 1699 ulsi
3009 1641 3078 1698 ab
3122 1641 3256 1713 ipsis
3298 1639 3608 1713 peecatori-

345 1733 403 1789 in
450 1742 765 1789 sanctorum
823 1734 1286 1802 communionem,
1320 1735 1412 1805 qui
1446 1735 1515 1791 ab
1549 1734 1658 1793 iilis
1694 1737 1925 1792 audiunt
1953 1723 1997 1779 Β
2028 1739 2133 1795 bus
2161 1738 2404 1809 procedit
2425 1751 2710 1809 poenarum
2738 1735 2995 1807 qualitas,
3019 1743 3114 1791 aut
3149 1733 3447 1804 quantitas,
3476 1731 3609 1804 qui-

346 1840 680 1881 sermonem.

415 1921 605 1976 Aliter.
640 1918 820 1975 Porta·
839 1920 1025 1975 mortis
1059 1929 1188 1975 sunt
1217 1922 1462 1992 corporei
1491 1937 1710 1990 sensus,
1742 1938 1773 1978 a
1802 1924 1929 1994 qui·

347 2012 451 2067 bus
487 2011 795 2067 exaltantur
838 2011 932 2082 qni
980 2020 1235 2083 quaerunt
1262 2053 1279 2079 ,
1339 2028 1447 2069 non
1489 2029 1612 2084 quze
1650 2014 1927 2084 videntur,

349 2105 444 2159 sed
471 2120 594 2174 quae
620 2120 727 2159 non
758 2105 1029 2160 videntur.
1054 2103 1122 2160 Et
1145 2104 1322 2164 Portoe
1358 2107 1490 2178 filice
1515 2106 1643 2163 Sion
1670 2118 1802 2164 sum
1839 2124 1931 2165 sa-

349 2206 629 2250 cramenta
653 2194 808 2267 legis,
830 2205 884 2251 et
913 2195 1065 2251 initia
1090 2196 1234 2264 iidei,
1265 2213 1389 2268 quae
1419 2199 1768 2269 pulsantibus
1799 2216 1932 2271 ape-

351 2285 586 2352 riuntur,
611 2293 671 2339 ut
692 2286 1010 2355 perveniant
1044 2288 1111 2343 ad
1143 2289 1359 2344 occulta
1401 2288 1525 2344 Filii
1555 2290 1928 2362 intelligenda,

349 2392 474 2446 qnae
499 2395 519 2428 t
557 2377 752 2433 oculus
803 2392 913 2433 non
944 2379 1112 2448 vidit,
1164 2396 1265 2438 nec
1285 2382 1437 2437 auris
1463 2382 1672 2438 audivit
1718 2382 1773 2456 (1
1801 2383 1927 2439 Gor.

353 2485 416 2536 n,
445 2470 524 2541 9).
565 2488 587 2525 ι

424 2564 615 2619 Aliter.
658 2561 839 2618 Portoe
883 2562 1068 2621 mortis
1108 2574 1237 2621 sunt
1266 2565 1349 2621 vel
1379 2566 1604 2639 maligni
1658 2568 1930 2636 homines,

352 2658 439 2712 vel
475 2655 774 2724 daemones,
807 2657 899 2727 qui
936 2657 1153 2728 aliquos
1203 2657 1583 2725 introducunt,
1641 2658 1727 2715 vel
1753 2660 1932 2716 intro-

354 2752 581 2807 mittunt
608 2750 677 2806 ad
705 2760 960 2807 mortem.
996 2748 1176 2805 Porta·
1205 2750 1335 2823 filioe
1387 2749 1519 2807 Sion
1567 2763 1698 2809 sunt
1751 2752 1931 2825 angeli

353 2842 721 2899 Ecclesiarum
752 2843 1035 2898 visibiliter
1069 2851 1165 2900 aut
1189 2842 1527 2901 invisibiliter
1573 2845 1628 2900 in
1684 2846 1934 2902 ministe-

357 2935 501 2989 rium
556 2934 752 2990 salutis
802 2934 1055 2989 humanae
1103 2950 1136 2989 a
1192 2933 1302 2991 Deo
1331 2935 1506 2991 missi.
1536 2935 1674 2990 Cum
1715 2951 1846 3010 ergo
1876 2936 1931 2990 in

2026 1831 2156 1898 bns,
2189 1832 2507 1901 punientur,
2528 1829 2748 1901 quando
2779 1828 2832 1883 in
2873 1828 3127 1884 tenebras
3153 1826 3449 1884 exteriores
3477 1824 3611 1881 mit-

2029 1931 2229 1979 tentur.
2268 1921 2327 1978 ln
2367 1931 2577 1977 tantum
2619 1921 2765 1977 enim
2790 1928 2920 1976 tunc
2950 1919 3149 1975 invitos
3176 1918 3454 1974 involvent
3505 1934 3611 1975 ex-

2030 2014 2262 2071 teriores
2283 2012 2521 2069 tenebrae
2559 2027 2873 2084 poenarum,
2928 2011 2983 2066 in
3024 2019 3288 2083 quantum
3340 2024 3609 2067 nunceos

2030 2108 2274 2163 volentes
2295 2106 2563 2162 delectant
2589 2105 2879 2162 interiores
2901 2104 3137 2160 tenebrae
3183 2103 3491 2173 culparum.

2102 2197 2203 2255 Hic
2224 2197 2593 2268 interponitur
2645 2196 2924 2252 canticum
2966 2195 3338 2266 diapsalmatis
3387 2202 3612 2265 propter

2030 2291 2298 2347 occultam
2321 2289 2562 2346 laetitiam
2586 2287 2969 2360 separationis,
2998 2302 3121 2360 qnae
3145 2286 3207 2344 iit
3242 2286 3383 2342 iuter
3408 2286 3584 2341 bonos

2030 2386 2295 2443 etmalOS.

2102 2477 2269 2535 Vens.
2297 2476 2384 2533 18.
2420 2476 2811 2533 Convertuntur
2868 2481 3163 2544 peccatores
3222 2474 3279 2529 in
3300 2470 3608 2541 [infernum.

2032 2570 2203 2640 Quasi
2228 2571 2402 2628 dieat:
2437 2568 2779 2635 Peccatores,
2823 2567 2916 2637 qui
2949 2564 3328 2637 comprehensi
3378 2572 3508 2620 sunt
3553 2564 3611 2618 in

2032 2664 2293 2735 operibns
2311 2663 2447 2728 suis,
2471 2676 2704 2733 quorum
2726 2674 2823 2731 pes
2852 2666 2937 2714 est
2965 2658 3291 2729 illaqueatus
3316 2656 3371 2710 in
3391 2655 3610 2726 laqueo,

2032 2772 2193 2829 quem
2221 2756 2645 2822 absconderunt,
2677 2752 2803 2824 quia
2832 2752 3025 2808 nolunt
3046 2750 3290 2807 converti
3311 2750 3380 2808 ad
3408 2749 3605 2815 Deum,

2034 2850 2090 2905 in
2121 2850 2224 2905 bac
2249 2849 2382 2915 vita,
2435 2856 2806 2904 convertantur
2832 2846 3051 2907 ,saltem
3084 2843 3236 2900 tarda
3273 2840 3613 2914 poenitentia,

2034 2950 2096 2997 ut
2120 2940 2307 3007 Judas,
2347 2940 2441 3012 qui
2482 2939 2645 2996 dixit:
2693 2958 2714 2990 r
2752 2937 2974 2994 Peccavi
3026 2936 3246 2992 tradens
3293 2933 3614 3006 sanguinem

357 3033 652 3096 conspectu
705 3027 1022 3097 angelorum
1047 3026 1358 3098 psallimuS,
1377 3028 1459 3084 vel
1490 3028 1547 3083 in
1586 3027 1805 3085 silentio
1833 3045 1935 3083 au·
1959 3063 2006 3126 C
2030 3034 2237 3105 Justum
2264 3032 2480 3105 (Manli.
2513 3049 2684 3101 xxvn,
2716 3032 2793 3095 t).
2832 3051 2850 3085 ι
2877 3030 3023 3087 Talis
3054 3042 3341 3085 conversio
3367 3042 3475 3082 non
3512 3025 3618 3082 erit

354 3119 631 3175 dientibus
649 3118 856 3191 angelis
895 3118 1280 3185 invisibilibus,
1318 3121 1402 3176 vel
1448 3130 1632 3191 aperte
1664 3120 1937 3177 audienti·
2036 3128 2103 3184 de
2144 3125 2358 3183 inferno
2387 3125 2455 3183 ad
2510 3125 2705 3193 Deum,
2760 3125 2852 3181 sed
2893 3125 2949 3179 in
2992 3122 3277 3193 infernum,
3308 3135 3378 3176 ne
3401 3133 3619 3193 semper

357 3214 462 3269 bus
511 3212 719 3283 angelis
745 3212 1137 3281 visibilibus,id
1165 3223 1249 3269 est
1283 3214 1597 3273 bominibus
1629 3216 1684 3270 in
1716 3215 1940 3286 angelo·
2036 3235 2263 3292 peccare
2291 3219 2362 3276 sit
2388 3217 2641 3286 liberum,
2698 3234 2765 3274 ne
2813 3231 3028 3288 semper
3073 3220 3359 3271 teneantur
3380 3212 3617 3268 delecta-

359 3318 487 3358 rnm
516 3305 801 3359 consortio
828 3304 1123 3378 deputatis,
1173 3313 1305 3362 tunc
1332 3307 1385 3360 in
1434 3308 1604 3377 portis
1648 3307 1779 3378 filice
1807 3305 1939 3362 Sion

357 3397 747 3452 annuntiamus
805 3398 991 3453 laudes
1014 3396 1225 3453 Domini
1261 3397 1432 3468 (Psoi,
1457 3415 1675 3455 cxxxvn
1698 3441 1714 3465 ‚
1748 3399 1822 3470 l).
1874 3398 1943 3454 Et

358 3486 488 3555 qnia
520 3497 602 3553 tu,
628 3486 772 3544 Deus
793 3487 974 3555 Pater,
1009 3505 1108 3565 pet·
1136 3490 1348 3548 occulta
1372 3489 1494 3550 Filii
1525 3490 1603 3548 tui
1629 3490 1836 3547 exaltas
1859 3506 1942 3546 me

357 3579 424 3633 de
442 3581 609 3650 portis
639 3583 844 3649 mortis,
878 3583 1002 3638 ideo

410 3719 417 3726 .
438 3674 598 3731 Vsus.
612 3674 697 3730 16.
719 3674 1011 3733 Exsultabo
1027 3694 1082 3733 m
1101 3677 1330 3738 satutari
1343 3688 1454 3737 tuo.
1470 3677 1528 3734 ln
1546 3693 1614 3735 eo
1634 3677 1941 3745 exsultabo,

358 3768 504 3839 qnod
528 3766 698 3824 Filius
725 3779 853 3824 tuus
881 3785 979 3842 per
1002 3771 1219 3829 occulta
1255 3771 1450 3828 salutis
1504 3772 1757 3845 mysteria
1796 3771 1946 3827 salu-

361 3864 499 3921 taris
525 3875 610 3920 est
646 3865 780 3920 mibi
812 3875 866 3921 et
894 3866 1184 3941 propitiuS,
1217 3869 1311 3938 qui
1337 3868 1600 3927 terribilis
1624 3878 1681 3923 et
1702 3867 1946 3924 insuavis

360 3965 447 4012 est
485 3957 738 4029 gentibus
793 3959 1070 4015 interitum
1128 3959 1434 4017 animarum
1509 3961 1593 4017 vel
1652 3974 1943 4031 corporum

364 4049 710 4109 facientibus.
766 4051 971 4111 Etideo
1000 4054 1181 4124 infixo:
1207 4064 1329 4109 sunt
1361 4055 1493 4125 ipsae
1532 4063 1708 4124 gentes
1760 4055 1818 4111 in
1861 4055 1948 4108 in·-

365 4143 547 4211 teritu,
601 4159 754 4216 quem
811 4146 1065 4214 fecerunt,
1105 4145 1325 4215 quando
1367 4154 1461 4200 aut
1503 4144 1719 4215 aliquos
1751 4158 1781 4201 a
1840 4143 1948 4199 fide

366 4244 674 4292 avertentes
705 4236 759 4290 in
793 4236 975 4292 anima
1031 4234 1424 4292 interfecerunt
1445 4277 1461 4302 ,
1491 4246 1584 4291 aut
1637 4236 1851 4307 aliquos
1889 4237 1946 4294 in

368 4326 475 4382 ilde
520 4325 784 4382 solidatos
813 4326 1191 4399 corporalibus
1218 4326 1507 4384 tormentis
1534 4326 1946 4391 interemerunt,

2040 3311 2188 3367 tione
2215 3307 2516 3365 mortifera.

2114 3403 2304 3461 Omnes
2328 3414 2522 3476 gentes,
2558 3419 2676 3475 qnoe
2706 3401 3087 3457 obliviscuntur
3107 3400 3297 3468 Deam,
3329 3414 3455 3465 uuae
3476 3397 3621 3455 sicut

2041 3513 2148 3552 non
2170 3497 2535 3568 probaverunt
2564 3495 2731 3551 Deum
2761 3495 2958 3551 babere
2985 3495 3041 3550 in
3079 3494 3309 3556 notitia.'
3328 3513 3347 3546 t
3394 3489 3620 3547 tradidit

2042 3589 2163 3645 illas
2194 3590 2336 3645 Deus
2385 3589 2437 3643 in
2480 3588 2771 3660 reprobum
2820 3588 3077 3657 sensumi,
3134 3595 3198 3643 ut
3227 3585 3452 3657 taciany
3494 3599 3620 3655 quae

2043 3696 2151 3736 non
2178 3682 2507 3738 conveniunt
2530 3681 2703 3752 (Rom.
2730 3698 2768 3748 r,
2794 3680 2911 3753 28),
2943 3699 2963 3733 ι
2996 3688 3051 3735 et
3083 3693 3142 3736 ut
3167 3679 3311 3746 sint,
3341 3679 3522 3749 infime
3561 3677 3620 3730 in

2044 3773 2262 3828 interitu
2288 3788 2439 3844 quem
2468 3772 2725 3843 fecerunt,
2754 3780 2809 3829 et
2851 3788 2939 3840 pes
2982 3787 3172 3828 earum
3216 3772 3364 3828 sitin
3407 3771 3615 3840 laqueo.

2046 3866 2153 3923 Sed
2175 3882 2244 3923 ne
2271 3881 2485 3938 semper
2508 3867 2784 3924 exsultent
2819 3867 2873 3923 in
2903 3867 3066 3923 rebus
3104 3865 3377 3938 pessimis,
3397 3862 3615 3918 tandem

2045 3959 2305 4026 concedo,
2334 3968 2389 4014 et
2414 3959 2621 4030 judicio
2646 3959 2833 4017 divino
2859 3962 3208 4017 consentiens
3238 3958 3363 4014 volo
3401 3966 3454 4013 et
3489 3965 3619 4026 opto

2046 4062 2108 4106 ut
2132 4060 2503 4107 convertantur
2546 4061 2884 4122 peccatores,
2938 4068 3007 4108 ne
3053 4051 3323 4124 gaudeant
3372 4049 3426 4104 in
3469 4048 3616 4103 volu-

2046 4151 2213 4214 ptate,
2238 4143 2429 4199 saltem
2460 4144 2513 4198 in
2555 4142 2791 4200 inferno.
2824 4144 3036 4201 Dictum
3057 4155 3141 4201 est
3170 4146 3276 4201 boc
3312 4143 3619 4210 manifeste,

2048 4252 2115 4293 ne
2143 4252 2203 4293 se
2241 4236 2370 4294 alibi
2395 4245 2584 4310 putent
2620 4237 2935 4304 mittend0S,
2992 4254 3061 4295 ne
3096 4240 3275 4295 locum
3300 4247 3620 4309 exspectent

2048 4331 2105 4387 in
2132 4332 2296 4395 coelo‚
2337 4330 2542 4401 quibus
2587 4330 2742 4388 locus
2784 4340 3007 4404 paratus
3054 4340 3138 4387 est
3179 4332 3235 4387 in
3279 4329 3517 4398 inferno,
3567 4330 3620 4384 in

367 4417 453 4471 vei
479 4418 642 4471 etiam
667 4417 1001 4473 substantias
1030 4433 1218 4472 eornm
1250 4417 1316 4472 ad
1350 4417 1626 4474 inuetitum
1677 4417 1949 4491 perduxe-
1984 4417 2026 4474 D
2048 4441 2210 4499 quem
2262 4426 2480 4482 tandem
2523 4425 2750 4481 abibunt
2781 4467 2796 4492 ‚
2852 4424 3187 4482 sicutJudas
3235 4424 3516 4480 festinavit
3564 4440 3622 4481 se

369 4516 520 4563 rnnt.
545 4507 604 4564 ln
657 4509 762 4566 boc
792 4510 1014 4565 interitu
1044 4509 1172 4580 ipsae
1201 4519 1387 4581 gentes
1422 4509 1602 4566 inssxae
1629 4521 1776 4578 sunt,
1808 4511 1939 4582 qnia

370 4601 776 4673 unicuiquesua
795 4603 1012 4675 propria
1042 4604 1305 4679 iniqnitas
1331 4615 1413 4662 est
1434 4621 1616 4678 poena.
1644 4614 1698 4661 et
1725 4615 1939 4672 catena,

370 4696 500 4751 dum
527 4711 749 4752 suorum
787 4705 1132 4768 peecatorum
1168 4697 1390 4756 funibus
1419 4699 1814 4772 constringitur
1837 4698 1943 4756 ini-

370 4804 535 4860 quus.
569 4786 721 4845 Unde
742 4792 1025 4862 seqnitur:

444 4877 510 4936 In
541 4877 726 4950 laqueo
746 4880 850 4934 isto
877 4921 893 4948 ,
916 4896 1070 4951 quem
1093 4880 1497 4948 absconderunt,
1545 4882 1943 4952 comprehensus

369 4981 450 5028 est
471 4988 559 5042 pes
606 4989 807 5029 eornm.
844 4972 1096 5044 Laqueus
1143 4975 1393 5031 occultus
1441 4983 1528 5031 est
1576 4974 1767 5031 dolosa
1791 4976 1946 5049 cogi-

383 5066 519 5120 tatio
544 5108 557 5121 .
607 5081 696 5136 pes
725 5067 921 5121 animae
978 5074 1063 5122 est
1111 5082 1288 5134 amor,
1310 5066 1474 5139 quisi
1504 5082 1708 5138 pravus
1724 5076 1839 5135 est,
1863 5068 1950 5123 di-

371 5160 516 5215 citur
536 5158 823 5228 cupiditas,
861 5158 906 5213 si
933 5167 1112 5215 rectus
1136 5168 1240 5226 est,
1260 5160 1463 5217 dicitur
1485 5169 1540 5216 et
1575 5170 1660 5217 est
1681 5161 1946 5217 charitas.

377 5250 455 5306 Eo
480 5251 618 5321 pede
647 5265 743 5321 per
786 5251 1052 5321 quosdam
1101 5266 1297 5320 passus
1324 5252 1720 5309 desideriorum
1766 5255 1949 5310 anima

374 5351 623 5398 movetur
659 5343 815 5415 quasi
845 5343 910 5398 ad
935 5344 1138 5410 iocum,
1165 5360 1275 5415 quo
1321 5344 1492 5403 tendit
1516 5345 1604 5414 ,id
1624 5354 1708 5402 est
1743 5345 1811 5400 ad
1852 5344 1943 5401 de·

374 5431 716 5488 lectatiouem
759 5433 956 5488 bonam
977 5432 1061 5489 vel
1090 5434 1288 5489 malam
1317 5452 1332 5488 t
1358 5450 1469 5505 quo
1541 5435 1586 5491 si
1620 5435 1951 5506 pervenerit,

377 5523 621 5591 instatur,
682 5525 730 5580 si
758 5540 865 5580 non
903 5526 1229 5596 pervenerit,
1259 5527 1635 5594 contristatur;
1669 5528 1752 5584 vel
1777 5528 1825 5584 si
1847 5530 1954 5586 boc

383 5616 637 5682 adeptum
689 5619 1002 5687 perdiderit,
1050 5619 1282 5690 amplius
1307 5620 1451 5675 dolet
1513 5637 1677 5693 quam
1730 5622 1776 5677 si
1811 5638 1954 5679 nun·

384 5720 552 5773 quam
581 5707 849 5766 habuerit.
877 5710 1020 5783 Ergo
1046 5712 1321 5784 intumum,
1358 5731 1509 5785 quem
1541 5715 1947 5785 absconderant,

2040 4517 2219 4589 ipsum
2245 4517 2440 4589 laqueo
2454 4516 2804 4588 suspendere,
2839 4537 2858 4570 t
2896 4527 2955 4575 ut
2977 4518 3152 4574 abiret
3170 4517 3224 4573 in
3251 4517 3428 4572 locum
3462 4532 3620 4573 suum

2047 4609 2192 4681 (Act.
2221 4627 2261 4676 t,
2284 4610 2403 4681 28),
2435 4629 2455 4664 ι
2489 4617 2545 4665 et
2566 4609 2969 4682 derelinqueret
2996 4611 3151 4666 alteri
3202 4611 3621 4682 episcopatum&

2041 4715 2102 4757 se
2118 4699 2338 4772 indigne
2353 4709 2699 4774 occupatum.
2723 4700 2815 4756 Sic
2833 4700 2922 4757 sset
2935 4701 3322 4773 reliquisludae
3331 4701 3618 4758 similibus·

2041 4791 2227 4864 Neque
2248 4793 2350 4851 boc
2374 4793 2427 4848 in
2457 4793 2678 4865 longum
2711 4792 2977 4848 differtur.

2117 4881 2284 4939 Vsus·
2311 4883 2398 4939 19.
2425 4882 2690 4949 Quoniam
2742 4900 2848 4938 non
2877 4885 2932 4938 in
2961 4884 3117 4954 finem
3157 4885 3347 4940 oblivio
3368 4885 3468 4940 erit
3495 4901 3624 4956 pon·

2045 4976 2202 5049 peris.
2229 4974 2344 5032 Etsi
2376 4974 2625 5033 videatur
2658 4990 2785 5033 esse
2821 4977 3069 5048 quaedam
3121 4977 3312 5032 oblivio
3358 4977 3620 5048 pauperis,

2046 5070 2176 5125 dum
2203 5068 2398 5125 florent
2423 5069 2550 5125 mali
2576 5070 2783 5126 divitiis
2811 5088 2825 5125 ε
2862 5078 3044 5127 tamen
3071 5087 3172 5126 non
3198 5071 3253 5126 in
3293 5070 3453 5140 finem
3495 5069 3624 5124 obti-

2048 5165 2131 5218 vio
2159 5162 2259 5218 erit
2286 5164 2551 5234 pauperis.
2581 5162 2720 5219 Ante
2746 5164 2927 5233 finem,
2954 5171 3080 5219 ante
3093 5162 3463 5220 omnimodam
3492 5178 3623 5234 pau-

2050 5255 2195 5328 peris
2212 5254 2571 5312 defectionem
2625 5255 3008 5312 recordabitur
3067 5254 3331 5313 Dominus
3382 5255 3623 5328 pauperis

2050 5352 2105 5408 in
2153 5367 2252 5408 sua
2317 5357 2636 5422 paupertate
2685 5350 3004 5420 patientiam
3038 5350 3313 5417 habentis,
3362 5350 3617 5421 quoniam

2051 5445 2308 5517 patientia
2328 5457 2618 5513 pauperum
2646 5458 2749 5496 non
2767 5443 2956 5513 peribit
2983 5443 3038 5498 in
3061 5443 3241 5513 finem.
3269 5441 3395 5499 llaec
3420 5443 3625 5514 patien—

2055 5539 2131 5590 tia
2166 5532 2500 5603 permaxima
2522 5538 2606 5587 est
2625 5548 2790 5587 causa
2814 5532 3009 5588 divinae
3055 5532 3424 5588 miserationis
3456 5551 3472 5588 :
3501 5530 3625 5603 quin

2054 5627 2100 5682 si
2124 5639 2326 5698 pauper
2377 5624 2432 5678 in
2464 5638 2566 5679 sna
2602 5632 2919 5696 paupertate
2958 5624 3251 5696 impatiens
3306 5624 3490 5692 suerit,
3543 5624 3624 5680 vel

2056 5718 2293 5787 tardum,
2316 5717 2401 5774 rel
2432 5716 2641 5775 nullum
2674 5717 2765 5775 Dei
2795 5717 3052 5776 solatium
3080 5717 3147 5774 de
3175 5735 3273 5776 sua
3313 5724 3624 5791 paupertate
