3817 6000
330 129 438 187 0⁰7

1278 126 1587 187 ct-:nnom
1620 127 2017 188 PRAEPOSt‘rt
2058 128 2601 192 nsstcnssnsvssnc.

3457 137 3584 194 60⁸

332 243 475 316 justo
503 241 867 309 discernatur,
911 251 967 300 et
997 258 1127 313 erga
1174 242 1326 315 ipsos
1370 260 1591 316 quoque
1635 254 1899 301 nocentes
1928 249 1974 307 A
2001 252 2152 301 stans
2172 243 2275 301 fuit
2300 245 2392 301 illa
2420 245 2541 316 ejus
2567 245 2879 316 promissio,
2900 263 3007 318 qna
3026 247 3243 305 dixerat
3265 248 3334 305 ad
3361 248 3538 306 David
3561 271 3582 309 ε

332 344 484 390 tanto
514 332 921 389 misericordius
940 342 1153 405 agatur,
1176 341 1381 404 quanto
1402 334 1710 391 evidentius
1728 352 1899 406 appa·

331 436 432 496 ret,
463 442 578 491 eos,
603 426 699 497 qui
717 425 1017 483 Ecclesiam
1040 425 1523 483 dehonoraverunt
1551 443 1748 484 manus
1775 429 1896 485 vio-

330 522 503 576 lentas
550 518 893 576 immittendo
942 520 999 576 in
1053 521 1231 576 virum
1283 518 1585 587 falsarium,
1630 537 1898 594 pauperes

330 609 523 677 fuisse,
553 627 617 667 ac
646 609 791 668 fame
827 612 998 669 nimia
1033 623 1259 670 vexatos
1308 614 1441 670 illud
1483 616 1761 687 poeticum
1783 617 1899 673 elo-

329 688 475 777 giam
500 703 797 762 incidisse:

542 792 726 849 Nescit
748 794 889 864 plebs
900 795 1092 866 jejuna
1140 797 1341 852 timere.

329 887 774 944 Honorabiliores
807 899 988 944 autem
1021 888 1166 946 illius
1206 891 1358 946 urbis
1405 890 1551 947 cives
1578 900 1633 946 et
1660 893 1895 948 maxima

329 981 514 1052 populi
564 981 854 1037 multitudo
886 983 1146 1038 innocens
1184 984 1457 1038 invenitur
1497 984 1566 1040 ab
1600 984 1693 1040 ino
1721 986 1897 1043 sacri-

328 1072 491 1144 legio,
518 1073 662 1145 quod
693 1074 746 1128 in
776 1074 1005 1131 ecclesia
1045 1083 1128 1131 est
1165 1076 1545 1141 commissum,
1581 1093 1897 1149 quanquam

328 1166 511 1237 plures
544 1175 668 1238 post
701 1168 1053 1222 commissum
1088 1167 1433 1238 sacrilegium
1465 1184 1525 1225 se
1561 1169 1900 1227 miscuerunt

327 1257 606 1329 sacrilegis
627 1259 815 1328 paucis
835 1256 905 1313 ad
923 1258 1341 1327 perpetrandum
1364 1258 1736 1316 homicidium.
1758 1259 1898 1318 Cum

326 1362 457 1419 ergo
486 1347 595 1403 duo
624 1348 853 1404 crimina
890 1346 999 1402 illic
1035 1358 1341 1419 perpetrata
1371 1351 1516 1419 sint,
1552 1353 1897 1426 sacrilegium

326 1448 381 1495 et
407 1439 783 1507 homicidium,
814 1441 882 1496 de
928 1440 1215 1513 utriusque
1263 1445 1747 1515 perpetratoribus,
1807 1462 1899 1502 no·

326 1530 571 1585 minatim
618 1532 953 1602 perquisitis,
1003 1541 1216 1603 poterat
1244 1533 1359 1589 fieri
1390 1546 1705 1606 competens
1748 1536 1897 1608 judi-

1999 335 2076 391 De
2096 337 2272 408 [ructu
2308 339 2500 393 ventris
2523 339 2601 392 tui
2638 355 2829 409 ponam
2853 355 3010 411 super
3039 343 3211 396 sedem
3240 350 3386 396 tuam
3414 342 3582 414 (ibid.

1995 429 2215 500 (τηεψ
2244 440 2299 487 ει
2325 431 2521 487 iterum
2553 450 2569 486 :
2607 429 2795 488 duravi
2841 432 3015 488 David
3043 451 3189 489 servo
3232 450 3364 501 meo,
3409 453 3588 507 usque

1996 522 2053 576 in
2088 532 2343 576 oeternum
2365 524 2673 594 praeparabo
2693 526 2869 581 sedem
2900 535 3045 580 tuam
3077 526 3252 596 (Psal.
3279 530 3582 596 Lxxxvm).

1996 613 2392 672 (mnditia-alis
2412 626 2593 672 autem
2622 616 2724 672 fuit
2757 617 2846 672 ilia
2881 618 3191 688 promissio,
3224 634 3331 690 qua
3360 619 3585 677 dictum

1994 717 2080 762 est
2114 705 2392 762 Salomoni
2419 727 2433 762 :
2465 706 2527 764 Si
2574 708 2924 767 ambulaveris
2970 712 3026 766 in
3072 712 3170 767 viis
3208 712 3360 776 meis,
3393 722 3448 767 et
3477 729 3589 770 cn-

1997 798 2242 853 stodieris
2282 810 2541 872 proeeepta
2577 818 2693 857 mea
2719 812 2769 858 et
2805 803 3061 858 mandata
3100 820 3235 871 mea,
3263 805 3401 860 sicut
3454 821 3587 860 am—

1997 889 2197 944 bulavit
2225 901 2377 962 pater
2397 900 2538 959 tuus,
2565 891 2745 965 lonqos
2777 895 2976 964 facium
3001 895 3112 949 dies
3145 904 3262 953 tuos
3293 894 3415 969 (111
3443 895 3583 970 Rea.

1998 980 2103 1049 m).
2144 979 2278 1036 Item
2311 981 2516 1037 dictum
2547 992 2630 1038 est
2654 981 2855 1040 Judaeis
2883 1003 2896 1039 ε
2928 985 2975 1038 si
3004 983 3274 1041 volueritis
3308 996 3360 1042 et
3386 988 3587 1044 audio-

1999 1070 2119 1125 ritt‘s
2152 1086 2251 1138 me,
2279 1070 2416 1125 bona
2448 1083 2601 1126 εει-ηε
2627 1073 2905 1128 comedetis
2939 1073 3097 1146 (lsai.
3131 1075 3193 1146 t).

2069 1160 2228 1229 Quod
2273 1178 2400 1220 cum
2437 1162 2514 1219 ita
2552 1164 2643 1232 sit,
2679 1179 3018 1237 quascunque
3068 1165 3210 1224 Deus
3260 1177 3585 1226 constanter

1996 1254 2270 1325 promisit,
2307 1254 2382 1311 ita
2420 1271 2646 1312 necesse
2687 1265 2772 1313 est
2806 1257 3040 1328 impleri,
3071 1268 3150 1327 ut,
3195 1259 3339 1316 sicut
3370 1261 3586 1333 impos·

1999 1343 2156 1399 sibile
2192 1351 2279 1399 est
2312 1343 2483 1401 Deum
2511 1360 2634 1401 esse
2665 1353 2722 1400 et
2747 1347 2863 1401 tier-i
2892 1348 3232 1417 mendacem,
3258 1349 3340 1407 sic
3365 1351 3583 1421 impos-

1999 1436 2156 1492 sibile
2183 1436 2275 1505 sit,
2298 1437 2538 1508 aliquam
2568 1439 2636 1494 de
2667 1440 3047 1496 constantibus
3070 1439 3165 1498 Dei
3192 1444 3585 1512 promissioni·

1998 1526 2101 1582 bus
2125 1544 2246 1584 esse
2269 1529 2352 1585 vel
2369 1530 2487 1585 lieri
2503 1530 2855 1601 inefficacem,
2880 1532 3092 1588 etiamsi
3113 1535 3338 1589 omnino
3353 1535 3586 1590 videan-

326 1620 492 1686 cium,
519 1623 663 1693 quod
697 1638 803 1678 non
838 1623 1135 1679 involveret
1156 1631 1329 1680 totum
1353 1626 1501 1682 illius
1531 1628 1766 1684 civitatis
1796 1644 1896 1699 po·
1925 1599 1970 1656 Β
1998 1624 2088 1672 ἱῑΙΙ·
2141 1633 2264 1675 8⁸80
2309 1628 2499 1676 contra
2536 1630 2814 1691 naturam·
2841 1639 2971 1695 (1¹¹ae
3012 1623 3157 1681 ”0¹¹⁸
3196 1626 3449 1697 Ρΐθῐῑῑῑθῑῑ
3481 1644 3585 1699 ΡΘΙ·

325 1712 536 1782 pulum,
564 1712 667 1770 nisi
706 1713 844 1771 forte
870 1717 1101 1787 populus
1134 1716 1250 1787 ipse
1282 1717 1545 1773 voluisset
1570 1717 1896 1775 criminosos

325 1817 512 1862 contra
534 1808 801 1878 justitiam
828 1808 1118 1866 defendere
1143 1828 1156 1865 ε
1182 1810 1324 1866 sicut
1345 1810 1567 1882 quaudo
1583 1811 1898 1868 Gabaonitae

323 1896 652 1954 criminosos
703 1914 907 1969 paucos
954 1898 1295 1957 defendendo
1343 1909 1664 1957 meruerunt
1694 1901 1896 1957 involvi

322 2001 515 2043 omnes
554 1990 756 2060 pariter
781 1991 837 2045 in
869 2006 979 2046 uno
1006 1991 1378 2048 damnationis
1401 1993 1631 2064 judicio.
1670 1992 1789 2051 Non
1812 2003 1898 2051 est

324 2090 506 2136 autem
537 2081 813 2150 credibile,
845 2084 1209 2142 omnes-cives
1249 2083 1675 2143 Ratisbonenses
1698 2087 1770 2141 ita
1797 2087 1896 2142 de·

323 2172 521 2242 siperc,
573 2183 634 2229 ut
682 2189 744 2230 se
798 2174 1085 2232 manifeste
1135 2187 1414 2247 opponant
1455 2178 1699 2249 justitiae.
1745 2178 1897 2236 Unde

322 2264 719 2323 consulendum
780 2276 863 2324 est
917 2270 1139 2326 domino
1190 2271 1489 2344 episcopo,
1535 2288 1607 2330 ne
1657 2273 1898 2330 involvat

320 2357 531 2430 justum
569 2374 695 2414 cum
734 2359 921 2432 impio.

394 2447 600 2506 Coetera
621 2451 864 2508 videntur
891 2453 948 2508 in
974 2454 1153 2511 codice
1180 2454 1375 2512 deesse.

741 2566 1081 2628 ΕΡιετοωι
1117 2569 1288 2626 xxvl
1334 2571 1471 2645 (et).

320 2655 494 2724 Idem,
536 2667 596 2713 ut
640 2661 864 2724 videtur,
908 2663 978 2717 ad
1025 2665 1454 2720 sanctimoniales
1497 2664 1892 2734 Admontenses,

389 2729 746 2855 quibus-illud
775 2730 982 2816 Psalmi
1011 2750 1042 2788 1.
1071 2753 1090 2787 s
1113 2745 1168 2789 ut
1186 2735 1503 2807 justificeris
1542 2736 1599 2791 in
1646 2740 1897 2793 sermoni·

426 2817 486 2854 us
518 2811 645 2867 tuts,
675 2820 694 2854 s
727 2813 961 2871 expontt.

1995 1708 2378 1766 constantiam.
2423 1709 2574 1767 Sicut
2594 1710 2694 1767 fuit
2721 1723 2910 1770 contra
2933 1724 3208 1783 naturam,
3237 1725 3298 1773 ut
3335 1715 3468 1773 Sara
3493 1720 3587 1773 in-

1995 1809 2239 1857 veterata
2267 1810 2322 1857 et
2349 1802 2550 1860 sterilis
2594 1804 2661 1860 de
2702 1814 2961 1862 veterano
3003 1806 3279 1863 Abraham
3319 1808 3588 1880 concipe-

1996 1900 2116 1949 ret:
2150 1893 2296 1964 quod
2344 1902 2522 1951 tamen
2569 1896 2697 1967 quia
2738 1897 2882 1953 Deus
2931 1907 3247 1955 constanter
3297 1901 3583 1971 promisit,

1998 1984 2223 2040 omnino
2258 1985 2539 2057 adimpleri
2571 2002 2795 2045 necesse
2841 1988 2963 2044 fuit.
3003 1986 3342 2046 Promittenti
3387 2000 3578 2048 autent

1997 2072 2111 2132 Deo
2148 2077 2380 2134 credidit
2405 2078 2704 2145 Abraham,
2743 2088 2798 2135 et
2827 2079 2932 2136 hoc
2956 2079 3133 2150 ipsum
3158 2082 3378 2137 credere
3405 2099 3577 2153 repu-

1999 2175 2172 2221 tatum
2204 2177 2288 2224 est
2332 2168 2382 2224 ei
2431 2169 2501 2224 ad
2542 2169 2832 2240 iustitiam,
2885 2171 3014 2242 quia
3059 2171 3307 2228 videlicet
3345 2173 3581 2230 credidit

1997 2255 2111 2312 Deo
2132 2258 2436 2328 possibilia,
2469 2260 2636 2316 etiam
2683 2277 2807 2332 qnae
2835 2261 3156 2318 videbantur
3183 2273 3374 2321 contra
3419 2275 3579 2321 natu·

1996 2366 2136 2407 ram.
2179 2350 2366 2407 Fidem
2409 2351 2552 2408 hanc
2584 2353 2844 2425 praedicat
2883 2356 3178 2427 Apostolus
3219 2356 3274 2411 in
3302 2373 3390 2426 eo,
3425 2359 3577 2429 quod

1995 2440 2115 2514 ipse
2138 2443 2414 2500 Abrabam
2432 2461 2548 2502 non
2573 2454 2656 2502 εει
2678 2446 2985 2506 infirmatus
3009 2450 3062 2505 in
3085 2450 3211 2517 fide,
3231 2460 3286 2506 et
3306 2466 3414 2506 non
3440 2468 3575 2508 con-

1996 2535 2258 2591 sideravit
2284 2553 2485 2608 corpus
2506 2553 2666 2594 suum
2694 2550 3008 2597 emortuum
3034 2550 3090 2598 et
3111 2554 3417 2599 emortuam
3447 2544 3576 2600 vnl-

1994 2642 2119 2682 vam
2157 2626 2327 2698 Sarae,
2358 2629 2540 2686 sciens
2575 2631 2727 2702 quia,
2754 2648 2876 2703 quae
2902 2632 3047 2690 Deus
3068 2636 3340 2705 promisit,
3381 2646 3572 2708 potens

1993 2730 2140 2776 esset
2163 2729 2218 2777 et
2237 2721 2434 2779 facere.
2451 2722 2775 2795 Quicunque
2803 2726 2944 2781 banc
2965 2726 3124 2782 fidem
3149 2727 3433 2784 imitantur
3453 2745 3574 2785 cre·

1994 2811 2174 2870 dendo
2206 2812 2301 2870 Dei
2343 2816 2828 2885 promissionibus,
2876 2817 2978 2889 ipsi
3020 2828 3406 2890 computantur
3432 2821 3576 2878 inter

390 2908 744 2968 Chal-issimis
773 2911 827 2967 in
848 2911 1068 2970 cbristo
1094 2915 1379 2973 sororibus
1407 2915 1889 2986 Admontensibus,
1920 2955 1967 3020 C
1996 2904 2137 2962 filios
2164 2906 2496 2975 Abra11ae‚et
2522 2907 2822 2965 affirmante
2853 2910 3132 2981 Apostoto,
3158 2913 3421 2983 quoniam
3444 2924 3574 2973 suut

316 3001 490 3059 frater
513 3004 602 3073 G„
621 3004 873 3061 devotam
893 3007 1198 3064 orationem
1223 3017 1277 3065 et
1305 3018 1618 3081 perpetuam
1649 3012 1707 3067 in
1731 3012 1894 3068 Chri·
1993 3015 2061 3055 ex
2085 2997 2210 3067 fide·
2241 2999 2627 3056 benedicentur
2658 3017 2783 3057 cum
2823 3002 2967 3057 fideli
2994 3002 3289 3061 Abraham·

318 3104 407 3152 sto
436 3094 800 3153 dilectionem.

389 3188 816 3247 «iucundissimis
851 3191 1049 3248 vestris
1085 3191 1531 3264 inquisitionibus
1577 3211 1685 3251 non
1740 3195 1893 3267 potui

322 3282 387 3337 ad
408 3286 626 3355 pienum
661 3282 974 3338 salissam-re
998 3294 1302 3342 enar-clatus
1334 3283 1497 3348 eu'ndi
1522 3286 1889 3344 festinatione.

318 3370 493 3441 Quam
525 3386 701 3426 tanum
745 3374 1144 3430 festinatimtuffl
1198 3377 1422 3432 forsitan
1471 3376 1615 3434 Deus
1656 3380 1892 3449 punivit,

317 3465 417 3537 qui
449 3470 549 3518 itt-r
573 3486 749 3518 tut-utu
785 3470 1180 3534 :tliqttttttlltlfflll
1214 3470 1506 3542 impedivit,
1539 3482 1593 3529 el
1620 3475 1890 3530 volentem

317 3558 537 3615 &vobis
585 3558 837 3610 instillare
886 3574 1050 3626 {arripe
1098 3574 1190 3610 rus
1238 3559 1550 3631 aliquandiu
1597 3563 1790 3619 tenuit.
1833 3563 1891 3619 Si

319 3665 449 3722 ergo
481 3662 697 3719 [uruntur
725 3666 817 3703 vus
850 3654 1116 3719 vapulat-i,
1158 3653 1283 3723 quia
1316 3652 1544 3709 forsitan
1593 3655 1889 3726 plurimum

320 3756 353 3796 a
386 3743 537 3797 volitis
585 3743 886 3795 festinantia]
938 3743 1174 3811 pru-ati,
1221 3758 1375 3813 spero
1418 3745 1554 3800 mihi
1596 3744 1765 3801 Deum
1797 3762 1892 3817 per

317 3848 420 3889 vos
445 3851 601 3903 pua-fist:
629 3835 850 3903 placari,
874 3839 918 3887 Si
950 3851 1046 3903 pm
1074 3855 1158 3891 tun
1186 3836 1409 3891 [arabitis
1441 3854 1454 3891 ε
1479 3837 1626 3909 quod
1654 3838 1892 3910 idipsum

320 3938 453 3998 rogo
481 3939 533 3979 ul.
559 3927 785 3991 'latiur-[5.
825 3939 982 3995 :liquis
1014 3931 1110 3983 lum.-
1146 3929 1402 3998 sul‘t'plum
1428 3928 1481 3984 in
1510 3945 1894 4002 recompensa·

319 4017 521 4075 tionem
557 4019 866 4091 suscipiatis
905 4039 1002 4091 pru
1038 4039 1122 4087 ω,
1162 4019 1308 4091 quod
1355 4020 1538 4077 minus
1562 4020 1698 4089 dixi,
1725 4036 1892 4093 quam

318 4117 644 4179 congrueret
688 4110 1051 4165 sanctissimis
1085 4109 1533 4181 inquisitionibus
1568 4112 1782 4168 vestris.

387 4201 749 4269 Quaesivistis,
769 4217 803 4256 o
830 4201 1185 4270 cbarissimae,
1210 4203 1278 4258 de
1304 4202 1390 4260 bis
1412 4204 1756 4259 sermonibus
1784 4204 1893 4260 Do-

2066 3088 2253 3161 Usque
2276 3090 2412 3146 adeo
2439 3099 2620 3147 autem
2652 3091 2804 3148 solus
2833 3090 2978 3147 Deus
2999 3101 3082 3148 est
3108 3107 3292 3162 verax,
3309 3102 3365 3151 et
3392 3096 3572 3155 omnis

1992 3182 2160 3238 homo
2185 3182 2436 3248 mendax,
2469 3182 2695 3237 utnulla
2720 3198 2959 3253 unquam
2986 3183 3279 3252 promissio
3301 3184 3441 3240 facta
3470 3187 3572 3243 sub

1994 3273 2329 3339 conditione,
2353 3288 2448 3345 per
2477 3273 2752 3329 bominem
2779 3272 3067 3342 servanda,
3093 3273 3403 3331 inveniatur
3423 3292 3578 3333 com-

1993 3367 2157 3438 pleta,
2189 3368 2320 3438 quia
2349 3367 2599 3424 videlicet
2641 3382 2857 3439 semper
2905 3368 3058 3423 irrita
3086 3370 3302 3426 inventa
3332 3380 3416 3427 est
3444 3388 3576 3429 con·

1992 3458 2150 3525 ditio,
2181 3474 2344 3530 quam
2376 3458 2488 3515 Deo
2527 3459 2695 3515 bomo
2734 3458 2940 3528 debuit,
2970 3461 3114 3515 sicut
3144 3469 3290 3532 patet
3318 3462 3372 3518 in
3415 3461 3571 3521 Salo-

1993 3566 2176 3619 mone,
2200 3550 2289 3608 cui
2317 3550 2461 3609 Deus
2492 3551 2685 3623 longos
2711 3552 2829 3608 dies
2853 3552 3106 3622 promisit
3137 3555 3240 3610 sub
3261 3554 3354 3610 tali
3376 3556 3574 3611 condi-

1993 3643 2162 3710 tione,
2193 3644 2239 3699 εἰ
2270 3643 2388 3715 ipse
2411 3644 2716 3700 ambularet
2740 3644 2797 3699 in
2823 3645 2926 3701 viis
2955 3644 3072 3713 Dei,
3102 3646 3245 3703 sicut
3274 3649 3575 3707 ambulavit

1993 3746 2147 3807 pater
2175 3736 2315 3807 ejus.
2356 3734 2495 3804 Quia
2518 3752 2649 3807 ergo
2677 3736 2793 3807 ipse
2815 3752 2922 3792 non
2958 3738 3355 3796 institutionem
3379 3742 3569 3798 condi-

1994 3828 2252 3884 tionalem
2290 3828 2466 3884 tenuit
2492 3828 2824 3884 ambulando
2851 3829 2904 3883 in
2946 3829 3047 3886 viis
3072 3829 3262 3900 David,
3293 3833 3441 3888 salva
3472 3848 3570 3890 sua

1992 3922 2220 3977 veritate
2251 3919 2394 3976 Deus
2421 3920 2499 3976 illi
2526 3920 2716 3992 longos
2742 3920 2858 3978 dies
2885 3921 3152 3994 denegare
3178 3923 3354 3995 potuit
3379 3944 3392 3980 :
3425 3924 3568 3997 quod

1993 4021 2048 4069 ει
2073 4013 2280 4070 factum
2307 4020 2428 4069 est:
2461 4010 2594 4069 Cum
2628 4013 2768 4067 enim
2800 4015 2913 4080 ium
2937 4023 3077 4069 esset
3102 4031 3278 4084 senex,
3319 4016 3582 4087 deprava-

1995 4115 2106 4161 tum
2131 4116 2209 4161 est
2235 4122 2330 4177 per
2351 4105 2594 4162 mulieres
2617 4122 2708 4161 cor
2731 4107 2863 4178 ejus,
2888 4117 2944 4161 ut
2973 4122 3271 4180 sequeretur
3295 4111 3421 4166 deos
3442 4112 3570 4167 alie-

1992 4215 2108 4266 nos,
2164 4215 2257 4254 nee
2302 4207 2419 4254 erat
2470 4214 2562 4253 cor
2604 4198 2717 4269 ejas
2752 4200 3037 4271 perfectum
3082 4202 3140 4255 in
3178 4201 3406 4258 Domino
3440 4203 3573 4272 Deo,

319 4292 475 4360 mini,
504 4292 558 4346 in
597 4292 798 4363 quibus
818 4290 1202 4362 justificandus
1248 4303 1333 4349 est
1361 4292 1503 4350 Deus
1529 4295 1684 4366 juxta
1713 4294 1887 4352 illud:
1921 4318 1969 4379 D
1993 4291 2130 4346 sicut
2161 4307 2252 4344 cor
2293 4289 2467 4345 David
2510 4292 2682 4361 patris
2711 4290 2845 4361 ejus.
2893 4290 3051 4346 Dixit
3090 4293 3270 4364 itaque
3313 4292 3567 4350 Dominus

317 4392 376 4438 ut
387 4383 703 4454 justificeris
728 4384 785 4438 iu
809 4384 1135 4440 sermonibus
1160 4386 1263 4441 tuis
1291 4386 1464 4458 (Psal.
1494 4388 1569 4458 ι).
1618 4387 1889 4447 Noveritis

317 4492 448 4549 orgo
478 4476 605 4547 quia
632 4492 912 4534 sermones
953 4478 1041 4535 isti
1077 4489 1205 4536 sunt
1256 4480 1652 4554 promissiones
1691 4483 1887 4553 ipsius,

316 4577 381 4627 ut
413 4584 514 4624 uos
547 4583 614 4624 ex
646 4578 801 4642 parte
836 4569 1130 4643 tetigimus.
1171 4571 1287 4631 Hoc
1333 4583 1511 4629 autem
1559 4583 1644 4630 est
1685 4576 1890 4631 cautis-

319 4666 454 4724 sime
500 4669 822 4738 notandum,
850 4678 902 4725 et
926 4668 1032 4726 hoc
1054 4667 1157 4723 fuit
1182 4668 1336 4725 vobis
1362 4683 1457 4739 per
1502 4683 1601 4724 nos
1627 4668 1889 4724 determi-

318 4761 582 4829 nandum,
608 4761 869 4833 quoniam
896 4760 1016 4817 aliae
1040 4771 1168 4819 sunt
1184 4760 1583 4833 ,promissiones
1611 4757 1726 4824 Dei,
1748 4776 1889 4832 quas

317 4852 595 4925 adimplet,
621 4863 682 4910 ut
708 4856 824 4925 ipse
840 4853 1187 4925 justificetur.
1226 4850 1443 4910 Iustum
1464 4854 1664 4923 quippe
1693 4862 1778 4909 est
1806 4863 1885 4919 ut,

316 4944 467 5016 quod
513 4959 680 5001 verax
721 4943 994 5016 promisit,
1042 4960 1324 5015 nunquam
1371 4943 1704 5002 falsificetur.
1755 4946 1889 5002 Aliae

318 5054 447 5095 vero
471 5045 601 5095 sunt
624 5038 1018 5111 promissiones
1063 5038 1259 5110 ipsius,
1287 5052 1424 5109 quas
1469 5037 1634 5094 etiam
1681 5039 1727 5094 si
1776 5054 1886 5095 non

318 5132 631 5204 adimpleat,
663 5132 849 5201 justus
876 5141 1058 5188 tamen
1088 5141 1141 5188 et
1178 5147 1340 5187 verax
1372 5133 1487 5203 ipse
1512 5141 1795 5203 permanet
1830 5132 1886 5188 in

318 5225 407 5281 his
429 5225 566 5297 ipsis
587 5224 1064 5297 promissionibus,
1089 5241 1226 5298 quas
1254 5241 1360 5281 non
1390 5224 1666 5296 adimplet.
1697 5222 1767 5281 Ut
1788 5242 1888 5281 au·

319 5324 429 5370 tem
448 5316 752 5373 evidentius
785 5315 897 5383 ssat,
920 5316 1066 5388 quod
1092 5316 1347 5381 dicimus,
1384 5316 1725 5374 diversitates
1755 5331 1886 5387 pro-

320 5405 644 5463 missionum
671 5406 766 5463 Dei
792 5408 1211 5479 distinguamus.
1246 5408 1442 5479 Aliqua
1482 5407 1625 5464 Deus
1655 5407 1886 5479 promit-

324 5495 387 5553 tu
439 5506 753 5553 constanter
787 5517 801 5554 :
843 5499 1023 5571 aliqua
1068 5513 1197 5556 vero
1248 5499 1700 5556 conditionaliter.
1738 5499 1885 5556 Con-

396 5605 507 5679 (st)
541 5607 617 5668 Ex
650 5611 769 5669 cod.
797 5610 1123 5685 Uonseensi,
1153 5625 1213 5673 ut
1237 5623 1290 5673 ct
1318 5630 1569 5688 sequens.

1995 4383 2301 4441 Salomoni:
2321 4383 2462 4450 Quia
2484 4383 2718 4439 habuisti
2741 4384 2851 4439 ltoee
2876 4384 3018 4457 apud
3041 4393 3110 4452 te,
3135 4393 3184 4439 et
3213 4402 3315 4440 non
3338 4387 3569 4442 custodi·

1992 4480 2062 4533 sti
2085 4487 2297 4549 pactum
2329 4495 2502 4533 meum
2526 4486 2577 4534 et
2601 4488 2862 4550 proecepta
2901 4495 3034 4545 ntea,
3062 4479 3395 4550 disrumpens
3427 4481 3573 4535 scin-

1990 4570 2113 4625 dam
2156 4585 2370 4642 requam
2430 4578 2600 4637 tuum,
2650 4579 2755 4624 etc.
2803 4565 2926 4641 (111
2956 4568 3088 4641 Req.
3116 4570 3214 4641 xl).
3257 4568 3407 4626 Dicta
3451 4569 3565 4626 haec

1990 4660 2086 4718 Dei
2122 4660 2469 4717 manifestam
2505 4659 2814 4731 significant
2852 4660 3312 4716 abbreviationem
3353 4660 3570 4718 dierum

1993 4753 2320 4821 Salomonis,
2349 4753 2606 4825 quamvis
2636 4758 2820 4823 postea
2848 4769 2947 4823 per
2984 4754 3357 4825 poenitentiam
3390 4755 3566 4811 salva·

1989 4855 2079 4902 tus
2113 4846 2366 4903 credatur
2403 4862 2435 4902 a
2466 4845 2769 4912 nonnullis,
2797 4847 2946 4917 quod
2980 4856 3162 4904 tamen
3204 4856 3409 4905 certam
3457 4865 3563 4907 non

1989 4937 2156 4994 habet
2190 4939 2568 5010 auctoritatem
2604 4939 2659 4993 in
2697 4936 3019 5010 scripturis.

2057 5031 2260 5088 Judaeis
2288 5032 2473 5099 etiam,
2507 5031 2710 5103 quibus
2740 5031 2948 5087 dictum
2974 5039 3059 5087 est
3086 5050 3101 5086 ε
3128 5030 3192 5086 Si
3219 5032 3486 5088 voluer-itis
3513 5041 3565 5087 et

1989 5124 2266 5181 audieritis
2304 5141 2405 5191 me,
2450 5126 2589 5180 bona
2628 5134 2781 5179 εει-τω
2810 5123 3090 5179 comedetis
3121 5123 3279 5197 (lsai.
3309 5125 3371 5193 t),
3418 5126 3561 5196 juste

1986 5219 2249 5291 denegata
2281 5227 2410 5276 sunt
2427 5219 2580 5275 'bona
2625 5225 2799 5287 terrae,
2828 5234 2922 5289 qui
2958 5217 3248 5275 Dominum
3274 5218 3563 5275 noluerunt

1986 5312 2194 5369 audire.

2056 5407 2309 5463 Attamen
2333 5406 2617 5464 sciendum
2642 5414 2745 5475 est,
2780 5406 2836 5462 in
2871 5407 3187 5480 hujusmodi
3217 5406 3558 5464 conditiona-

1987 5501 2134 5561 libus
2160 5500 2644 5572 promissionibus,
2669 5501 2814 5574 quod
2836 5502 2884 5559 si
2911 5503 3240 5560 conditionis
3266 5501 3349 5558 vis
3369 5500 3482 5558 fion
3502 5500 3565 5558 in
