3817 6000
158 316 194 374 ‘ih

159 433 255 494 nrntris
270 420 442 498 despicienti
454 417 542 486 Quam
554 424 609 472 non
624 400 761 459 immerito
771 406 867 451 corum
880 399 953 458 quo·

159 542 213 601 que
225 532 338 579 rnatrenr
353 514 482 576 dicimus,
494 506 558 577 quia
575 500 609 555 de
621 498 680 568 ipsa
698 494 808 549 exeunt,
823 481 871 553 qui
881 492 949 534 con·

160 629 201 676 trs
226 631 286 671 carn
312 614 474 681 loquuntur,
498 597 603 653 Joarrne
622 590 769 645 attestante
790 576 836 648 rpri
851 573 890 627 ait
905 589 912 625 :
927 568 949 623 d

477 709 509 748 ort
525 693 600 745 oront
614 698 646 737 ea
659 677 745 733 nohis.
766 670 837 726 Norat
850 667 874 722 si
884 664 953 735 iais-

164 1177 241 1238 corri
253 1171 343 1230 ruenti
358 1174 433 1231 sunt,
445 1161 511 1234 quia
526 1160 700 1225 nequaquam
720 1142 753 1197 de
768 1134 882 1209 justitiae
896 1130 958 1184 luce

166 1266 338 1340 superbiunt,
352 1257 399 1314 scd
411 1268 460 1326 per
470 1243 632 1305 iruntiiitatis
643 1235 770 1309 gratiam,
782 1230 957 1300 peccatorum

168 1363 195 1417 in
211 1376 241 1415 se
257 1352 425 1427 nigredinem
437 1342 610 1401 cantitentur.
628 1328 704 1385 Unde
713 1324 797 1381 ctiam
810 1318 845 1373 ab
859 1315 960 1370 circiu-

170 1468 230 1508 rum
243 1445 363 1504 Ecclesia
372 1439 472 1496 dicitur
485 1451 492 1490 ε
508 1429 672 1501 Nigrorum,
687 1417 731 1474 seri
739 1415 855 1486 foenora
868 1403 958 1477 (Cant.

169 1565 190 1615 r,
202 1546 241 1617 5).
257 1541 291 1596 Et
306 1537 426 1595 ioannes
441 1528 479 1584 ait
499 1544 507 1580 ι
529 1521 560 1578 Si
574 1515 720 1573 dixerimus
738 1507 801 1579 prtia
823 1507 965 1573 peccatam,

170 1658 223 1697 rtoo
243 1635 378 1696 hahemus,
393 1642 440 1681 tros
453 1624 524 1694 ipsos
537 1611 686 1672 seducimus
707 1601 798 1675 (domi.
812 1612 832 1659 t,
847 1593 887 1663 8).
908 1586 961 1656 Qui

173 1730 299 1789 uidelicet
317 1720 391 1780 corti
405 1705 600 1774 subsannantis
615 1697 726 1756 oculum
736 1689 879 1751 effodiunt,
898 1679 962 1754 quia

173 1833 319 1898 pratorum
330 1831 363 1873 ac
373 1804 553 1884 pertinacium
564 1794 707 1853 hominurn
715 1782 893 1843 intentionem
904 1773 964 1828 rin-

467 2007 582 2072 caput
603 2000 670 2061 titt.

457 2127 491 2167 ae
509 2112 687 2164 srnururoue.

178 2221 213 2283 ts
242 2219 382 2287 Scriptura
401 2222 479 2265 sacro
505 2193 663 2258 struthionis
692 2184 797 2241 rrerrtine
824 2172 969 2249 aiiorrorrrio

213 2290 321 2366 quilibet
338 2279 486 2354 irypocrita,
502 2262 645 2341 aliquando
660 2259 811 2330 Syrrapogo,
825 2243 970 2317 aiiqaarrdo

216 2360 361 2438 gentilitus,
377 2345 521 2422 aliquando
536 2334 682 2411 hypocrisis
699 2327 862 2396 designatur.

218 2478 292 2555 (lib)
313 2462 483 2528 struthionis
504 2454 616 2513 nomine
635 2442 777 2519 hypocrita
801 2433 971 2504 designatur,

183 2578 255 2634 sicut
271 2581 337 2626 rore
349 2557 490 2618 homiuica
501 2550 536 2607 ad
551 2549 659 2603 heatrrrn
672 2538 725 2595 ioh
740 2532 840 2589 dicitur
856 2545 862 2580 :
879 2523 973 2578 Perrno

183 2659 339 2723 struthionis
361 2648 457 2708 similis
477 2652 516 2698 est
542 2649 634 2711 pertore
658 2626 760 2685 herodii
781 2630 806 2675 et
837 2611 974 2684 accipitris

185 2756 246 2828 (ioh
257 2749 363 2818 xxxta).
372 2719 786 2810 Quisherodiurnctaccipitrenr
799 2707 976 2766 nesciatares

186 2849 317 2916 reliquas,
330 2846 432 2911 quanta
445 2827 551 2883 roiatus
562 2818 604 2875 sui
616 2801 823 2875 reiectanea
835 2809 977 2854 transcen·

187 2939 270 3000 darrti
298 2925 421 2988 Strutlrio
445 2932 509 2975 tero
529 2924 626 2984 penna
646 2916 741 2961 eorum
770 2888 978 2953 similitudinem

189 3034 282 3094 habet,
307 3022 354 3080 scd
380 3017 487 3072 volatus
502 3018 598 3063 eorurn
613 2991 779 3056 celeritatem
804 3000 859 3042 non
886 2979 978 3036 habet.

191 3126 213 3181 h
231 3133 301 3177 terra
326 3111 426 3184 quippe
450 3097 550 3160 elcrari
564 3109 620 3150 uon
632 3088 716 3153 salet,
738 3091 767 3138 et
780 3079 839 3135 aias
851 3071 931 3147 quasi
943 3066 978 3123 ad

190 3216 310 3272 relaturo
334 3202 505 3276 specietenus
532 3187 623 3261 erigit,
649 3181 696 3239 sed
723 3188 813 3234 minen
837 3178 979 3236 nunquam

193 3324 223 3364 se
244 3321 260 3360 a
281 3312 352 3358 terra
373 3290 492 3349 rolando
523 3276 674 3356 suspendit.
701 3270 741 3325 lta
763 3262 892 3321 ninrirum
917 3261 981 3310 sunt

194 3410 291 3455 orrrrres
311 3385 472 3462 hypocritae,
494 3375 552 3447 qui,
570 3373 637 3426 dunt
650 3368 784 3422 honorum
799 3353 883 3408 ritatn
896 3347 983 3403 simu·

195 3495 268 3556 iant,
286 3478 466 3540 inuitationenr
490 3476 592 3526 sarretae
619 3448 838 3515 conversationis
870 3438 982 3501 lrabeat,

197 3584 245 3641 sed
266 3578 407 3635 ueritatem
433 3571 536 3622 stinctae
564 3552 679 3612 actionis
701 3560 757 3602 non
785 3537 898 3595 habent.
927 3526 984 3583 tta·

794 3634 799 3643 ’
885 3621 934 3682 teti
957 3621 985 3674 ἰιι

201 3855 353 3919 sarrctitutis
376 3843 536 3905 etoerrduot,
568 3832 616 3888 sed
644 3833 791 3883 causarum

202 3954 319 4029 pondere
348 3933 509 4016 praegravati
529 3928 683 3985 nuliatenus
707 3932 723 3972 a
747 3920 820 3968 terra
844 3903 989 3962 suideran-

203 4063 257 4106 tur.
279 4040 356 4098 iirrde
368 4044 395 4091 et
408 4030 527 4103 speciem
558 4016 760 4074 Pharisaeorum
774 3998 923 4072 reprobans
934 3992 989 4047 tto-

204 4144 296 4202 minus
321 4129 399 4207 quasi
415 4117 576 4181 struthionis
589 4120 706 4182 pennam
728 4092 878 4165 redarguit,
892 4084 991 4158 quaein

205 4249 287 4311 opere
309 4225 382 4285 aliud
404 4213 537 4276 exercuit,
563 4215 590 4260 et
606 4203 632 4256 in
654 4196 747 4253 colore
771 4183 845 4243 aliud
873 4176 993 4236 ostendit

206 4333 323 4387 dicens:
350 4316 396 4371 Vae
418 4308 501 4370 robis,
524 4297 624 4355 Scribe
638 4301 662 4345 et
685 4280 817 4341 Pharisrei
839 4271 993 4345 hypocrite,

427 4401 459 4456 tis
476 4390 603 4466 sepulcris
625 4377 765 4442 dealbatis,
780 4384 839 4444 pace
856 4365 922 4437 loos
935 4362 995 4433 qni-

433 4487 581 4546 honrinihns
604 4475 732 4548 speciosa,
746 4469 818 4522 intas
831 4468 946 4516 autema

953 4547 998 4600 ho·

641 4841 690 4899 sed
716 4838 745 4892 in
770 4828 871 4889 inhmis
886 4839 934 4878 vos
951 4820 1001 4873 de·

214 4967 309 5042 primit
328 4957 434 5031 pondus
454 4949 525 5002 rita.
549 4940 587 4995 tte
611 4947 666 5006 quo
680 4926 798 5002 pondere
813 4935 862 4992 per
880 4911 1002 4982 Prophe-

215 5074 272 5122 taro
283 5055 381 5112 dicitur
395 5066 403 5102 z
419 5040 486 5098 r'ittt
501 5033 646 5091 terminato,
671 5030 803 5092 amoram
814 5009 887 5083 praei
906 5001 1004 5059 corde?

215 5151 306 5230 (Psoi.
331 5163 369 5212 tr,
385 5141 426 5212 h.)
446 5135 584 5191 ilabemus
600 5121 689 5180 adbuc
712 5109 787 5186 quod

221 5250 294 5305 tione
319 5228 483 5296 struthionis
522 5220 603 5292 liujus
622 5212 657 5268 de
678 5201 808 5275 accipitre
837 5204 864 5251 ct
890 5195 959 5246 bero

221 5335 350 5397 attentius
368 5320 578 5400 perpendamus.
603 5298 748 5373 Accipitris
772 5291 873 5365 quippe
885 5292 913 5340 ct
924 5283 1006 5336 hero-

222 5432 259 5490 dii
281 5438 363 5500 parra
389 5424 454 5475 sunt
472 5418 598 5478 corpora,
621 5395 669 5453 scd
699 5387 798 5463 pennis
828 5373 1007 5436 densioribus

223 5524 312 5581 luite:
332 5510 479 5572 etidcirco
498 5513 562 5557 curn
589 5490 725 5550 eeleritate
749 5474 920 5538 transvolant
943 5465 1008 5539 quia

796 5570 864 5626 itum
886 5560 960 5635 quod
974 5560 1012 5615 le·

262 5725 336 5796 (115)
356 5721 396 5775 Er
408 5719 456 5773 lib.
472 5725 536 5769 xxxa
551 5708 578 5760 in
589 5700 652 5762 lob,
663 5711 723 5766 cap.
739 5708 764 5755 r,
777 5689 804 5742 ii.

262 5796 335 5869 riti)
356 5790 457 5857 Etiih.
485 5798 549 5839 tuat
572 5778 599 5832 in
628 5769 688 5835 iob,
708 5782 732 5821 c.
757 5778 784 5826 a,
806 5754 926 5812 rrtcdiunt
957 5746 1013 5804 cir·

620 278 774 348 osunen!
792 271 873 333 Chii.
895 266 975 326 REG.
995 262 1027 320 S.
1048 250 1208 314 ttcronts
1226 245 1339 303 PthS.

965 385 1057 442 hest.
1084 374 1119 428 Αι
1132 377 1227 428 contra
1252 359 1372 420 struthio
1395 354 1467 412 raris
1495 346 1594 423 pennis
1616 343 1749 406 induitur,
1761 350 1792 396 et

1752 219 1790 275 80

1001 465 1114 525 immani
1138 473 1252 531 corpore
1268 460 1405 528 graratur,
1423 456 1453 502 ιιι
1473 454 1500 500 et
1512 444 1536 499 si
1550 440 1643 496 volare
1670 442 1792 508 appetat,

1002 565 1061 634 ipsa
1085 567 1236 629 pennarum
1258 545 1382 619 paucitas
1404 538 1504 594 ntalem
1527 533 1594 589 tanti
1623 527 1747 598 corperis
1763 526 1794 579 ln

997 650 1067 712 'aera
1097 665 1151 706 nou
1172 640 1330 714 suspendat.
1357 635 1430 690 Bene
1455 631 1482 685 in
1504 624 1617 683 herodio
1638 630 1666 677 ct
1692 618 1797 688 aecipi-

944 794 951 807 .
1004 756 1046 802 tre
1076 741 1223 797 electorum
1252 741 1370 802 persono
1392 723 1527 795 signatur,
1551 712 1601 785 qui
1617 709 1738 784 quandiu
1765 707 1797 762 in

1010 1202 1174 1278 hypocrita,
1197 1193 1249 1249 etsi
1277 1189 1342 1244 iacit
1364 1198 1451 1256 pauca
1474 1193 1537 1250 quae
1562 1176 1679 1237 cierent,
1703 1181 1800 1239 perpe·

1010 1293 1162 1354 tratrnulta
1187 1302 1248 1358 quse
1271 1286 1393 1354 gravent.
1415 1272 1508 1343 Neque
1527 1268 1601 1326 euim
1631 1263 1705 1319 nulla
1729 1260 1802 1314 iona

1011 1390 1066 1461 agit
1092 1382 1243 1458 hypocrita,
1261 1376 1308 1433 sed
1324 1371 1425 1444 quihus
1438 1382 1470 1422 ca
1489 1365 1549 1435 ipse
1562 1358 1697 1430 deprimat
1716 1353 1803 1408 nonita

1012 1493 1141 1555 perversa
1173 1468 1330 1530 committit.
1368 1461 1425 1535 84
1451 1459 1548 1515 Paucae
1570 1466 1636 1524 ergo
1659 1462 1755 1520 pcanae
1775 1452 1808 1499 et

1013 1589 1114 1646 corpus
1137 1562 1307 1656 ⁸struthionis
1333 1573 1388 1613 noo
1412 1554 1566 1617 subierant,
1595 1543 1660 1615 quia
1688 1551 1807 1612 parrum

1014 1671 1116 1726 honum
1131 1658 1281 1736 hypocritae
1293 1649 1441 1710 multitudo
1462 1658 1553 1718 pratae
1567 1635 1685 1695 actionis
1698 1638 1806 1705 grarat.
1871 1676 1872 1679 ,

1015 1761 1078 1818 ilaec
1091 1768 1200 1829 quoque
1226 1751 1285 1822 ipsa
1299 1741 1461 1804 struthionis
1485 1748 1574 1809 perrrra
1589 1732 1623 1788 ad
1638 1742 1742 1800 pennas
1757 1724 1810 1780 he·

1016 1853 1084 1910 rodii
1102 1857 1129 1905 ct
1151 1842 1287 1916 accipitris
1308 1833 1512 1895 similitudinem
1528 1824 1629 1884 coloris
1646 1820 1737 1885 habet,
1754 1816 1812 1873 rir-

1017 1945 1083 2000 tutis
1103 1954 1167 1995 sero
1183 1929 1391 1992 similitudinem
1416 1919 1576 1979 nonhabet.
1603 1913 1714 1971 iliorum
1730 1922 1811 1963 nam-

1018 2052 1072 2108 que
1096 2028 1237 2087 conclusae
1258 2030 1285 2078 et
1304 2018 1440 2075 iirotieres
1464 2019 1539 2078 suot,
1555 2016 1582 2064 et
1601 2005 1692 2060 rolatu
1716 2013 1810 2056 aerem

1019 2137 1144 2199 prenrere
1162 2110 1333 2173 virtutesuae
1359 2103 1506 2164 soliditatis
1530 2104 1655 2172 possunt.
1683 2092 1718 2148 ht
1740 2104 1812 2147 con-

1021 2231 1062 2276 tra
1090 2208 1253 2273 struthionis
1279 2217 1375 2276 penna
1398 2197 1540 2255 dissoluta
1562 2206 1596 2248 eo
1615 2188 1736 2245 rolatum
1763 2198 1814 2240 su·

1021 2325 1097 2368 mere
1111 2313 1259 2376 nequeunt,
1285 2313 1341 2371 quo
1354 2295 1388 2349 ah
1403 2292 1464 2363 ipso
1479 2302 1560 2359 quent
1576 2294 1701 2354 premere
1711 2277 1815 2334 debue-

1023 2413 1086 2462 rnut
1110 2416 1172 2458 aere
1198 2392 1439 2454 transcenduntur.
1467 2379 1537 2450 Quid
1560 2389 1625 2449 ergo
1639 2372 1723 2430 iobis
1740 2369 1818 2439 aspi·

1023 2499 1125 2562 cimus,
1138 2490 1191 2547 nisi
1206 2485 1280 2560 quod
1306 2483 1454 2538 electorum
1469 2475 1585 2528 etr-tures
1605 2464 1699 2523 solidae
1711 2462 1817 2526 rolant,

1026 2596 1056 2644 nt
1069 2595 1163 2641 rentes
1180 2576 1291 2636 humani
1307 2571 1408 2629 iurans
1435 2562 1581 2638 premant?
1605 2555 1818 2631 hypocritarum

1027 2676 1201 2741 saroardo,
1226 2667 1374 2744 quamlibet
1401 2668 1475 2717 recia
1498 2657 1632 2719 rideatur,
1649 2649 1742 2706 volare
1760 2661 1820 2700 rron

1029 2771 1145 2836 scilicit,
1160 2765 1225 2838 quia
1248 2758 1373 2817 rideiicet
1390 2753 1471 2809 ssutre
1496 2746 1603 2804 rirtutis
1626 2755 1743 2816 perinarn
1764 2738 1803 2792 hu

1028 2880 1117 2922 nraoae
1134 2858 1222 2916 laudis
1235 2868 1302 2910 aura
1318 2844 1475 2922 pertransit.
1501 2838 1554 2896 Sed
1571 2852 1634 2893 eece
1650 2849 1714 2890 cum
1730 2845 1817 2887 uuurn

1030 2958 1210 3019 eumdemque
1222 2951 1355 3005 bonorum
1380 2939 1570 3006 uralorumque
1585 2930 1709 2985 habitum
1728 2923 1822 2979 cerni·

992 3084 1013 3141 ο
1033 3069 1103 3117 nrus,
1116 3062 1178 3104 corn
1192 3045 1280 3115 ipsam
1299 3040 1326 3094 io
1341 3034 1435 3092 electis
1451 3045 1483 3086 ac
1496 3025 1622 3098 reprobis
1639 3015 1823 3093 professionis

1031 3144 1148 3219 speciem
1163 3139 1299 3202 sitiemus,
1320 3130 1390 3186 unde
1415 3120 1600 3193 intelligentia·
1625 3124 1730 3171 nostra
1754 3125 1822 3178 sup·

1032 3249 1117 3313 petat,
1133 3244 1164 3290 ut
1182 3233 1283 3287 clectos
1305 3242 1320 3281 a
1336 3220 1470 3294 reprobis,
1489 3226 1546 3272 eta
1565 3210 1642 3266 iaisis
1663 3217 1825 3262 rarescunt-

1033 3326 1225 3406 prebcndcodo
1238 3323 1389 3378 discernat.
1413 3309 1491 3380 Quod
1506 3316 1596 3364 tannen
1611 3304 1691 3358 citius
1702 3294 1826 3369 agnosci·

1034 3443 1107 3493 ntus,
1128 3427 1152 3480 si
1166 3423 1328 3476 intemerata
1350 3411 1378 3465 iu
1392 3404 1554 3464 memoriam
1574 3391 1753 3464 Prampmris
1772 3403 1825 3443 no·

1036 3520 1085 3577 stri
1097 3515 1178 3572 rerba
1193 3511 1346 3583 signamus,
1360 3500 1424 3574 quia
1438 3499 1497 3553 ait:
1515 3493 1557 3549 iia
1584 3488 1714 3562 [ructibus
1734 3497 1825 3538 eorarn

1036 3606 1196 3681 cognoscetis
1215 3618 1258 3658 eos
1274 3595 1384 3671 (uarro.
1400 3609 1450 3658 ru,
1469 3589 1527 3658 to).

1234 3701 1257 3748 st
1269 3693 1360 3745 autem
1375 3678 1536 3740 struthionis
1555 3670 1666 3728 nornine
1685 3666 1827 3738 synagoga

1040 3889 1094 3945 mis
1124 3893 1220 3952 repens
1247 3883 1387 3942 nunquam
1409 3877 1474 3920 sea
1497 3869 1568 3913 terra
1591 3849 1752 3910 subierarit.
1778 3842 1828 3898 Per

1041 3972 1185 4034 herodium
1200 3976 1264 4020 rere
1279 3967 1306 4016 ct
1317 3953 1473 4024 accipitrem
1491 3944 1596 4015 antiqui
1620 3939 1714 3995 Patres
1737 3932 1829 4006 capria

1043 4075 1165 4129 uruntur,
1181 4057 1229 4128 qni
1244 4053 1278 4109 ad
1294 4066 1337 4114 ca,
1351 4061 1412 4119 quae
1423 4038 1598 4109 intelligendo
1609 4035 1756 4104 potueruut
1769 4041 1829 4097 per·

1044 4160 1159 4232 spicere,
1174 4149 1319 4206 valuerunt
1336 4140 1418 4197 etiam
1432 4131 1547 4190 rirerrdu
1561 4129 1664 4182 volare.
1679 4120 1773 4179 Panna
1783 4119 1831 4190 igi·

1044 4262 1088 4308 tur
1098 4240 1262 4305 struthionis
1285 4232 1383 4292 similis
1395 4236 1438 4285 est
1450 4238 1545 4298 prerrrras
1564 4216 1669 4275 herodii
1683 4224 1711 4270 et
1733 4211 1831 4282 accipi·

1044 4346 1105 4411 tris,
1135 4338 1201 4411 quia
1225 4332 1374 4404 synagogae
1400 4336 1453 4376 uox
1469 4318 1589 4389 primunr
1615 4307 1767 4366 doctrinata
1792 4302 1831 4357 lo·

949 4462 996 4508 nnt
1013 4434 1155 4511 uneudo
1177 4425 1274 4492 tenuit,
1302 4420 1349 4477 sed
1373 4411 1490 4472 virendo
1504 4405 1628 4464 rrescirit.
1660 4398 1738 4456 Unde
1761 4396 1832 4466 rius-

1048 4537 1108 4592 dcm
1140 4527 1290 4601 Syrragogae
1313 4514 1429 4590 populos
1451 4510 1485 4566 de
1508 4503 1654 4560 Ptrartsoets
1674 4514 1706 4555 ac
1732 4494 1832 4552 Scribis

1049 4626 1156 4684 Veritas
1166 4621 1295 4677 admonet
1309 4612 1404 4668 dicens
1417 4625 1424 4663 :
1437 4603 1523 4674 Srprr
1534 4597 1685 4655 cathedram
1699 4589 1784 4661 hioysi
1795 4604 1834 4641 se·

1234 4727 1257 4766 cc
1268 4718 1293 4764 et
1306 4699 1437 4761 Phoriroei
1454 4713 1464 4751 :
1479 4696 1570 4751 onnia
1588 4705 1647 4762 aare
1664 4685 1754 4740 dicant
1766 4682 1833 4736 reiis

1052 4813 1148 4886 irritu
1164 4803 1307 4862 secernant
1337 4810 1417 4867 opero
1444 4805 1502 4844 aero
1526 4798 1617 4840 eorum
1649 4775 1731 4832 nolite
1752 4774 1835 4840 iecere

1053 4901 1163 4979 iidotth.
1178 4911 1255 4958 ιιιιιι,
1269 4893 1309 4961 9.).

1090 4995 1164 5066 (ilbi
1182 4982 1352 5045 Strrrthionis
1376 4976 1488 5033 nonr'nc
1510 4965 1647 5042 gentilitas
1668 4959 1833 5031 designatur,

1057 5278 1184 5334 dracones
1203 5277 1228 5322 et
1242 5259 1400 5319 struthiones
1414 5251 1484 5324 (isa.
1501 5260 1579 5309 xurrt,
1645 5279 1652 5294 .
1727 5236 1733 5247 '

1058 5382 1112 5440 que
1127 5362 1196 5436 agri,
1216 5355 1243 5413 id
1266 5360 1320 5418 est,
1352 5348 1486 5403 dracones
1506 5346 1534 5393 ct
1556 5329 1727 5390 struthiones
1753 5322 1839 5377 ttoni-

1059 5473 1126 5517 num
1147 5448 1310 5528 glorificant,
1326 5455 1387 5498 curo
1413 5434 1493 5490 iideru
1507 5442 1568 5499 oum
1580 5422 1636 5496 85
1653 5421 1680 5475 in
1695 5417 1742 5471 iiio
1751 5422 1838 5479 estes

1060 5566 1121 5625 quae
1137 5549 1165 5603 in
1180 5544 1233 5599 hoe
1247 5535 1349 5594 mundo
1365 5528 1468 5586 dudum
1483 5519 1636 5578 membrum
1656 5506 1759 5568 diaboii
1783 5503 1839 5562 ius·

1062 5678 1174 5810 mihis)
1194 5729 1231 5788 ex
1248 5725 1296 5782 trs.
1323 5737 1387 5777 ιιι)
1412 5716 1439 5770 ιιι
1459 5710 1518 5773 ιι),
1542 5721 1601 5776 esp.
1628 5716 1654 5764 ι,
1669 5701 1696 5754 a.
