3817 6000
457 217 595 273 {bl-'2

1406 213 1709 300 cunnotu
1747 213 2136 270 rnAErosirt
2179 199 2723 269 natcnssnsrssn‘c.

3562 216 3685 271 15ss

454 347 600 388 mus.
641 328 799 412 Vivat
828 345 972 386 nune
1009 330 1163 386 radix
1194 339 1403 396 nostra,
1436 345 1505 384 ne
1547 327 1830 399 proveniat
1867 327 2024 383 nobis
2054 332 2099 388 Α
2126 328 2240 398 gidi
2263 337 2318 383 et
2339 326 2634 393 infecundi,
2664 340 2804 396 quos
2834 325 2889 380 in
2934 334 3006 393 te,
3034 341 3066 380 o
3100 325 3291 394 David,
3322 343 3356 382 o
3404 331 3688 398 poenitens.

454 439 641 480 amara
666 437 837 488 mors,
870 422 1030 492 cujus
1052 423 1472 478 amaritudinem
1492 420 1641 475 nulla
1664 419 1857 475 saltem
1880 434 2021 489 prae-

457 515 629 572 sentis
653 513 1016 585 jucunditatis
1055 523 1315 585 temperet
1342 513 1548 569 laetitia.
1583 510 1730 566 Mors
1759 510 1834 565 ita
1860 509 2024 565 nimis

455 618 643 661 amara
670 612 775 670 est,
802 619 923 674 quae
951 620 981 659 a
1008 604 1228 660 miseria
1256 603 1508 674 praescnti
1531 602 1599 657 ad
1633 611 1894 658 aeternam
1923 600 2025 657 du-

455 712 555 751 rus
592 695 859 752 transitus
892 708 991 752 cst.
1039 695 1237 753 Sancte
1274 694 1435 763 Deus,
1468 703 1654 752 sancte
1682 693 1859 761 fortis,
1895 708 2025 748 sau-

463 798 543 842 rte.
587 798 635 842 et
683 790 992 842 miseris-m
1044 794 1306 856 mirator,
1348 789 1476 843 huic
1512 801 1712 842 amarae
1752 786 1916 841 morti
1958 800 2026 840 nc

467 882 643 934 trullas
675 894 792 934 Γιιιξ.
828 878 928 934 Fue
960 882 1136 946 [mlius
1158 887 1219 933 ut
1247 880 1303 933 in
1328 879 1593 933 charitate
1618 875 1867 942 radicati,
1890 883 1946 930 et
1970 875 2025 930 in

467 974 767 1026 inmunitate
824 974 1052 1034 l'ttmlnli,
1108 974 1348 1028 vivamus
1389 972 1536 1026 inlus
1562 985 1747 1026 coram
1785 977 1859 1037 te,
1900 968 2028 1025 licet

463 1066 579 1118 sinc*
603 1066 872 1118 frondium
908 1066 1178 1118 tin-immo
1205 1062 1356 1119 flore.

531 1154 647 1208 ris-n
703 1166 884 1210 tamt-n
928 1169 1241 1211 fortwinus
1289 1170 1506 1210 omnem
1547 1153 1757 1221 florem,
1802 1151 1897 1208 sed
1925 1150 2027 1206 sso-

463 1266 571 1301 ιιειιι
631 1250 992 1318 splendidum,
1040 1247 1253 1314 illuuiem
1329 1247 1382 1301 in
1445 1244 1572 1302 feno
1636 1230 1907 1309 sitiemus,
1973 1250 2028 1297 et

463 1342 643 1394 liorem
671 1342 848 1394 allium
872 1342 952 1394 wi
972 1355 1207 1406 summm,
1230 1339 1445 1410 qualem
1469 1339 1522 1392 in
1547 1337 1701 1408 spina
1728 1336 2024 1392 cernimus.

459 1430 591 1486 Nam
619 1442 667 1486 ιιι
715 1434 932 1486 ιΙίι-ἱιιᾱιιι
988 1429 1261 1502 spalunidide
1289 1431 1547 1486 vestitum
1605 1438 1660 1485 et
1713 1428 2028 1500 epulantem

459 1524 1000 1595 numidiaspionilitle
1046 1534 1187 1579 riu-te
1231 1521 1358 1578 feno
1383 1521 1576 1576 florido
1621 1534 2025 1589 comparamuS,

459 1627 507 1671 *Ji
539 1615 866 1671 [danismam
900 1619 1212 1683 glut-iunium
1232 1614 1422 1686 spinae,
1445 1612 1858 1677 floresinvidos,
1884 1626 2031 1666 ama-

463 1727 551 1763 rus
579 1719 759 1763 autem
776 1711 980 1763 fructus
1016 1707 1228 1763 hulundi
1254 1706 1643 1762 assimilamus.
1666 1703 1854 1775 Neque
1880 1705 2027 1760 enim

459 1803 523 1859 tir]
567 1803 739 1875 Spinis
772 1803 1080 1871 hujusmodi
1108 1800 1367 1872 eolligunt
1433 1799 1590 1867 fith,
1637 1798 1705 1854 de
1753 1798 1892 1853 rubo
1938 1797 2032 1853 tali

463 1899 796 1951 rindmnisnt
820 1915 972 1951 ιιιίιιι,
1012 1895 1096 1947 Est
1128 1894 1273 1949 :iliud
1295 1907 1468 1964 genus
1501 1891 1832 1960 florentium„
1865 1889 2030 1948 flores

459 1987 723 2043 uliscuros
763 1999 816 2039 ot
844 1989 1044 2039 [rm-ius
1080 1987 1251 2040 tomos
1292 1981 1609 2038 facientium
1652 1983 1793 2038 sicut
1820 1982 1947 2037 vitis
1979 1991 2032 2036 et

459 2083 607 2151 spica
639 2091 687 2135 ι-,ι
719 2083 908 2147 [nulius.
948 2075 1267 2147 liujusmodi
1290 2073 1473 2143 flores,
1504 2075 1633 2146 quia
1663 2073 1875 2131 fructus
1896 2089 2021 2144 par-

459 2175 687 2235 turiunt,
719 2187 816 2223 nnec
844 2183 1020 2223 ιιιιιιιῑειι
1076 2166 1343 2239 splendidi
1386 2174 1534 2235 sunt,
1581 2175 1730 2238 peto,
1774 2165 2026 2234 Domine,

459 2275 519 2319 ut.
547 2267 599 2319 in
627 2283 711 2319 niu
735 2263 900 2319 furias
948 2263 1251 2333 germinare
1280 2256 1625 2314 sufficienter.
1673 2257 1812 2314 Nolo
1866 2256 2031 2313 flores

459 2355 688 2411 nimium
725 2351 1038 2424 splendidos
1063 2360 1117 2407 et
1145 2349 1536 2406 infructuosos.

529 2448 732 2519 Nempe
756 2447 847 2503 ille
866 2445 1175 2502 Pharisaeus
1204 2443 1411 2512 multiS,
1460 2450 1520 2498 ut
1561 2439 1809 2513 putabat,
1858 2438 2031 2495 virtu-

460 2554 575 2599 tum
618 2540 849 2597 floribus
896 2536 1202 2595 venustatis
1243 2536 1491 2593 ascendit
1531 2535 1587 2590 in
1636 2533 1923 2605 templum,
1970 2541 2031 2589 ut

459 2641 659 2701 oraret,
685 2631 781 2689 sed
804 2646 917 2688 non
944 2630 1137 2686 habuit
1156 2628 1543 2696 humilitatem,
1582 2641 1706 2698 quae
1743 2635 1834 2682 tua
1857 2626 2030 2685 virtus

458 2732 561 2793 est,
590 2739 757 2794 quam
784 2722 941 2778 valde
988 2721 1338 2778 commendas
1393 2719 1487 2775 ubi
1516 2718 1685 2774 dicis:
1719 2736 1737 2770 ‹
1773 2717 1974 2774 Discite
1998 2733 2032 2774 a

457 2803 707 2877 me,ouia
729 2815 878 2870 mitis
902 2826 1025 2870 sum
1046 2823 1101 2870 et
1124 2812 1347 2870 humilis
1361 2811 1525 2869 corde
1542 2809 1760 2882 (ΜαιιΙι.
1779 2810 1983 2882 ιιι,29).
2007 2829 2026 2862 ι

457 2905 542 2963 llli
575 2920 794 2976 quoque
832 2903 985 2960 dives
1014 2917 1124 2959 non
1155 2902 1459 2974 intelligens
1494 2914 1832 2956 marcescere
1883 2915 1943 2955 se
1975 2899 2032 2954 in

2123 435 2159 476 o
2180 419 2490 476 Christiane
2516 417 2766 474 Christus
2794 433 2903 474 non
2919 419 3167 489 requirit.
3182 417 3395 476 idcirco
3418 422 3518 477 :ibi
3541 423 3689 478 dicit:

2130 529 2148 563 ‹
2182 510 2263 566 Tu
2291 519 2495 578 autem,
2513 524 2635 565 cum
2654 509 2787 564 facis
2802 509 3452 582 eleemosynam,nesciat
3481 513 3688 569 sinistra

2124 609 2239 665 tua,
2274 600 2403 672 quid
2423 599 2589 657 faciat
2611 599 2832 655 dextera
2864 608 2958 654 tua
2982 598 3206 671 (ΜαιιΙι.
3235 617 3318 668 ιιι,
3346 602 3461 667 17).
3506 622 3527 654 ι
3562 603 3689 658 Cum

2119 693 2453 764 jejunaveris
2485 712 2503 746 ‹
2542 708 2684 764 unge
2709 701 2875 763 caput
2901 701 3056 748 tuum
3074 694 3216 761 oleo,
3250 710 3319 750 ne
3336 695 3581 752 videaris
3604 698 3688 751 ho·

2125 784 2368 840 minibus
2412 784 2690 855 jejunans.
2722 783 2860 840 Cum
2894 785 3156 852 oraveris,
3199 785 3340 841 intra
3377 788 3438 841 in
3478 789 3691 843 cubicu-

2126 874 2237 929 lum
2272 882 2446 941 tuum,
2476 883 2530 931 et
2558 875 2745 931 clauso
2774 876 2918 931 ostio
2937 891 3034 929 ora
3051 874 3267 931 Patrem
3315 888 3474 934 tuum
3524 881 3692 952 (ι’ὸῐά..

2127 967 2204 1035 6).
2244 987 2262 1018 ι
2291 966 2350 1023 ln
2372 968 2714 1039 eleemosyna
2740 967 2833 1022 tali
2867 983 3000 1023 usus
3031 967 3366 1037 divitiarum,
3411 970 3470 1024 iu
3495 970 3695 1042 jejunio

2128 1066 2220 1121 tali
2251 1072 2594 1136 contemptus
2615 1064 2949 1129 divitiarum,
2995 1063 3052 1118 in
3094 1064 3340 1118 oratione
3366 1065 3465 1120 tali
3493 1065 3698 1144 doeide5

2126 1160 2270 1214 rium
2298 1167 2622 1214 aeternarum
2654 1157 2965 1212 divitiarum
2990 1159 3147 1228 quasi
3178 1156 3341 1213 flores
3380 1159 3515 1213 boni
3558 1174 3699 1213 com·

2129 1250 2472 1306 mendantur.
2515 1250 2796 1320 Appetitus
2842 1264 2970 1303 vero
3019 1258 3072 1304 et
3129 1265 3284 1303 amor
3322 1251 3701 1320 temporalium

2127 1343 2442 1399 divitiarum
2485 1341 2649 1397 ssores
2672 1341 2802 1396 vani
2830 1348 2884 1395 et
2907 1340 3208 1395 transitorii
3257 1350 3411 1407 sunt,
3472 1358 3612 1397 usus
3656 1352 3705 1396 et

2129 1440 2472 1503 contemptus
2506 1445 2695 1486 earum
2725 1428 2958 1495 fructus,
2983 1437 3038 1483 et
3066 1429 3240 1484 virtus
3294 1446 3539 1485 manens
3564 1446 3704 1484 com·

2128 1535 2370 1598 putatur.

2198 1618 2372 1690 Hujus
2400 1616 2615 1672 virtutis
2652 1615 2906 1671 conscius
2937 1614 3040 1670 sibi
3068 1613 3272 1671 Paulus
3315 1616 3616 1686 apostolus
3638 1617 3709 1669 di·

2131 1714 2238 1769 cit:
2267 1731 2285 1765 ‹
2327 1691 2453 1766 S'cio
2472 1709 2769 1774 abundare,
2799 1717 2855 1764 et
2878 1707 3163 1779 penuriam
3189 1708 3322 1779 pati,
3348 1708 3473 1764 scio
3502 1709 3708 1774 satiari,

2132 1802 2249 1859 scio
2285 1800 2498 1856 esurire
2546 1796 2777 1870 (Philip.
2820 1798 2913 1868 tv).
2947 1816 2965 1849 ι
2999 1797 3176 1868 Atque
3215 1806 3276 1852 ut
3326 1798 3452 1853 haec
3490 1799 3639 1853 seire
3658 1814 3706 1852 ac

2130 1908 2291 1966 posse
2330 1906 2440 1946 non
2472 1891 2539 1946 de
2584 1890 2823 1944 humana
2874 1874 2969 1944 sed
3019 1889 3087 1944 de
3139 1890 3320 1945 divina
3374 1889 3597 1946 virtute
3644 1891 3708 1945 illi

2132 1988 2276 2046 scias
2310 1985 2502 2053 fuisse,
2534 1984 2640 2039 ait:
2679 2003 2700 2036 ι
2736 1981 2932 2038 Omnia
2962 1997 3188 2053 possum
3222 1984 3279 2038 in
3323 1999 3422 2048 eo,
3478 1985 3585 2055 qui
3636 2001 3709 2038 me

2130 2077 2399 2136 confortat
2424 2077 2601 2149 (ibim,
2633 2076 2742 2147 15).
2764 2095 2783 2130 ι
2821 2075 2924 2133 Ubi
2951 2078 3126 2132 virtus
3160 2075 3274 2131 haec
3300 2076 3581 2142 abundat,
3614 2094 3706 2131 non

2131 2169 2288 2226 obest
2321 2169 2570 2236 homini,‘
2585 2167 2631 2223 si
2661 2166 2826 2224 flores
2853 2160 3169 2223 divitiarum
3198 2166 3419 2237 perdat,
3448 2168 3590 2238 quia
3610 2168 3709 2221 vir-

2130 2270 2220 2318 tus
2250 2262 2366 2333 ipsa
2402 2261 2586 2316 divina
2616 2259 2670 2314 in
2701 2259 2992 2330 semetipsa
3028 2268 3261 2323 constat,
3285 2258 3438 2314 sicut
3467 2260 3542 2313 de
3566 2259 3710 2314 beato

2130 2353 2233 2410 «lob
2265 2353 2519 2426 legimus,
2572 2352 2730 2422 cujus
2775 2351 2949 2422 patuit
2997 2349 3170 2406 virtus
3200 2365 3312 2404 non
3364 2351 3562 2405 solum
3600 2366 3710 2406 eun

2131 2447 2446 2505 divitiarum
2481 2444 2642 2501 flores
2682 2444 2934 2500 habendo
2983 2459 3212 2515 magnus
3257 2452 3313 2498 e'.
3355 2458 3564 2498 eoram
3617 2443 3711 2499 Deo

2132 2539 2435 2596 laudandus
2460 2536 2688 2604 exstitit,
2715 2538 2810 2592 sed
2837 2536 3004 2591 etiam
3062 2551 3188 2591 cum
3221 2534 3438 2590 eisdem
3491 2535 3712 2592 mribus

2131 2631 2510 2689 decidentibus
2539 2629 2714 2701 major
2746 2629 2802 2684 in
2841 2643 2910 2684 eo
2937 2628 3116 2683 virtus
3164 2628 3385 2695 enituit,
3437 2644 3563 2700 qna
3617 2645 3712 2683 non

2133 2725 2311 2782 solum
2344 2723 2644 2790 abundare,
2675 2721 2769 2778 sed
2791 2721 2953 2776 etiam
3003 2720 3290 2792 penuriam
3321 2730 3383 2776 et
3433 2722 3713 2778 miseriam

2133 2818 2244 2888 pati
2270 2816 2430 2872 scivit
2472 2823 2527 2871 et
2573 2815 2747 2885 potuit
2798 2814 2854 2868 in
2889 2829 2976 2881 eo,
3006 2813 3164 2884 cujus
3214 2813 3373 2868 illum
3441 2815 3635 2871 virtus
3659 2816 3713 2869 ad

2135 2918 2427 2978 utrumque
2451 2904 2779 2961 confortavit
2806 2913 2969 2976 atque
3017 2920 3047 2959 a
3081 2904 3294 2961 caeteris
3317 2905 3610 2964 divitibus
3633 2908 3714 2962 Ιο-

458 2997 743 3055 itineribus
768 2996 904 3063 suis,
932 2994 1138 3051 divitiis
1184 2993 1535 3052 affluentibus
1577 3002 1838 3063 tanquam
1874 2991 2026 3048 flori-
2058 3017 2100 3076 C
2134 2999 2380 3055 rentibus
2411 2997 2487 3053 ita
2536 2997 2826 3068 separavit,
2869 3005 3072 3052 utnon
3123 3006 3268 3052 esset
3306 2997 3362 3053 ei
3409 2999 3631 3057 similis
3668 3003 3714 3053 ἰιι

460 3092 564 3147 bus
590 3098 840 3145 ornatum
858 3103 916 3144 se
943 3088 1225 3159 gloriatur.
1258 3086 1365 3144 Sed
1390 3104 1503 3145 nou
1527 3089 1720 3146 habuit
1740 3103 1868 3159 erga
1895 3104 2031 3159 pau-

460 3196 643 3251 perem
671 3181 932 3235 Lazarum
979 3178 1327 3246 charitatem,
1380 3195 1503 3250 quae
1548 3193 1640 3236 tua
1695 3182 1868 3235 virtus
1923 3189 2027 3245 est,

460 3290 627 3348 quam
651 3271 922 3346 praecipue
958 3271 1310 3327 commendas
1322 3271 1414 3327 ubi
1430 3272 1599 3328 dicis:
1631 3291 1652 3324 ι
1682 3270 1806 3328 ilaec
1828 3272 2029 3328 mando

458 3366 635 3435 vobiS,
665 3375 726 3422 ut
758 3363 993 3437 diligatis
1040 3363 1273 3420 invicem
1318 3362 1499 3435 (Ιοαη.
1542 3381 1632 3429 xv,
1663 3364 1773 3436 17).
1812 3384 1831 3419 ι
1862 3364 2027 3420 ltcm:

461 3477 484 3514 ι
520 3458 579 3514 ln
601 3461 708 3515 hoc
739 3464 1070 3529 cognoscent
1108 3470 1320 3525 omnes,
1350 3458 1479 3527 quia
1535 3458 1642 3513 mei
1678 3457 1811 3514 estis
1858 3458 2027 3514 disci-

457 3551 593 3624 puli,
618 3551 666 3606 si
694 3550 1036 3606 dilectionem
1085 3549 1387 3606 habueritis
1428 3550 1496 3607 ad
1553 3551 1813 3607 invicem:
1844 3550 2026 3624 (loun.

457 3656 581 3706 xm,
610 3639 722 3710 55).
748 3658 767 3691 ι
793 3638 960 3697 item:
996 3660 1016 3694 ι
1039 3638 1155 3696 Hoc
1177 3650 1260 3696 est
1278 3650 1606 3712 praeceptum
1630 3656 1833 3707 meum,
1864 3653 1924 3697 ut
1946 3642 2030 3696 ‹li-

456 3736 639 3808 ligatis
662 3735 893 3791 invicem
924 3734 1105 3807 (loen.
1132 3750 1223 3801 xv,
1249 3734 1359 3805 ¹2).
1411 3752 1432 3788 »
1463 3733 1592 3791 Item
1621 3755 1634 3789 :
1667 3754 1686 3787 ι
1717 3734 2030 3791 Mandatum

457 3845 661 3889 novum
698 3830 770 3886 do
792 3830 966 3889 vobis.
999 3838 1057 3885 ut
1106 3829 1343 3901 diligatis
1382 3829 1612 3885 invicem
1667 3829 1849 3903 (loun.
1906 3846 2028 3897 xut,

459 3922 574 3989 st).
612 3940 631 3973 ι
659 3918 835 3992 Atque
871 3929 931 3976 ut
959 3920 1104 3977 hanc
1143 3920 1320 3992 ipsam
1370 3920 1715 3976 dilectionem
1758 3922 2028 3992 intelligas

456 4014 633 4086 ipsius
653 4011 858 4068 Christi
889 4012 1164 4083 propriam
1189 4013 1469 4080 virtutem,
1494 4013 1727 4069 addidit:
1752 4012 1901 4068 Sicut
1940 4013 2026 4067 ‹ti-

456 4104 564 4159 lexi
592 4118 701 4157 vos.
739 4100 899 4167 Nam,
923 4101 1019 4173 qui
1050 4102 1208 4159 aliter
1227 4117 1287 4158 se
1317 4102 1549 4159 invicem
1590 4104 1838 4175 diligunt,
1863 4121 2026 4175 quam

454 4197 605 4253 illius
653 4196 979 4255 documenta
1028 4206 1081 4253 et
1135 4197 1383 4269 exempla
1436 4207 1766 4267 monstrant,
1807 4200 2027 4257 illorum

456 4286 680 4342 dilectio
693 4286 883 4341 titium
902 4292 986 4340 est
1019 4300 1125 4340 non
1157 4287 1357 4363 virtus..

526 4375 692 4448 Ergo,
716 4371 945 4432 Domine
970 4375 1254 4443 virtutum,
1280 4374 1396 4429 Rex
1423 4376 1630 4447 gloriae,
1648 4377 1703 4432 in
1722 4378 2022 4436 virtutetua
2054 4358 2102 4418 D

451 4466 640 4538 judica
666 4481 745 4520 me
779 4464 1139 4522 discernendo
1179 4481 1211 4521 a
1241 4465 1497 4538 ziphaeis.
1527 4466 1646 4523 Non
1689 4484 1877 4540 quaero
1929 4471 2029 4527 sso-

458 4570 548 4611 res
574 4554 781 4625 absque
801 4551 1003 4622 fructu,
1035 4555 1129 4611 sed
1153 4555 1379 4612 virtutes
1394 4556 1451 4612 in
1472 4556 1675 4614 fructu.
1699 4557 1819 4614 Non
1838 4576 2027 4631 quaero

457 4645 620 4701 flores
648 4645 878 4699 nimium
907 4643 1142 4715 fulgidos
1166 4654 1221 4704 et
1245 4646 1643 4718 infructuosoS,
1699 4650 1890 4721 quales
1927 4651 2026 4707 ha·

454 4746 547 4802 bet
573 4746 728 4817 spina
749 4755 803 4803 et
830 4746 1100 4804 zizanium
1126 4767 1142 4817 ;
1171 4749 1267 4805 sed
1290 4765 1476 4821 quaero
1498 4752 1661 4809 ssores
1706 4751 1918 4825 fulgore
1961 4769 2026 4811 ac

456 4840 635 4896 nitore
656 4848 903 4896 carentes
942 4849 997 4896 et
1023 4839 1234 4899 fructus
1275 4844 1661 4914 parturientes.
1715 4843 1811 4903 Vis
1857 4861 2024 4904 nosse

456 4932 640 4999 flores,
671 4932 766 5003 qui
795 4931 1007 4989 fructus
1049 4932 1223 4990 bonos
1252 4934 1596 5005 parturiunt?
1648 4936 1794 4994 Audi
1854 4939 2026 5011 magi-

456 5033 633 5083 strum
659 5026 920 5082 virtutum
957 5024 1119 5083 flores
1163 5025 1398 5099 fulgidos
1445 5027 1787 5100 Ziphaeorum
1834 5046 2026 5104 repro-

457 5115 700 5185 bantem,
724 5127 781 5174 et
810 5116 974 5175 flores
1025 5117 1309 5176 obscurosv
1342 5119 1627 5178 vinearum
1678 5122 2023 5180 laudantem:

463 5227 483 5262 ι
522 5208 682 5278 Cum,
716 5230 735 5263 ι
785 5210 981 5282 inquit,
1019 5210 1208 5268 «facis
1252 5212 1678 5285 eleemosynam,
1733 5215 1845 5271 noli
1895 5217 2027 5273 tuba

456 5317 652 5359 canere
683 5322 703 5356 ι
755 5304 895 5360 sicut
942 5304 1256 5375 hypocritae.
1310 5301 1483 5360 Item:
1519 5322 1537 5356 ‹
1576 5304 1716 5361 Cum
1762 5306 2025 5377 jejunatis

455 5394 623 5450 nolite
649 5395 768 5454 fleri
788 5396 931 5451 sicut
950 5395 1442 5468 hypocritaetristes
1457 5414 1473 5465 ;
1490 5398 1857 5454 exterminant
1876 5400 2023 5455 enim

456 5484 623 5542 facies
647 5501 775 5543 suas
806 5497 868 5544 ut
891 5497 1188 5557 appareant
1204 5487 1520 5545 hominibus
1545 5487 1875 5559 ieiunantes.
1895 5487 2025 5547 Om-

458 5576 548 5629 nia
572 5578 716 5632 enim
746 5593 909 5648 opera
942 5593 1040 5633 sua
1068 5578 1294 5648 faciunt,
1326 5590 1387 5637 ut
1413 5582 1697 5637 videantur
1723 5582 1791 5638 ab
1845 5584 2025 5640 homi-

458 5664 847 5733 nibusfflatm.
888 5668 1036 5738 vna,
1065 5668 1174 5739 16).
1215 5688 1234 5723 ι
1267 5669 1405 5730 Ecce
1447 5671 1609 5730 flores
1654 5673 1882 5730 nimium
1915 5674 2023 5731 ful--

2132 3101 2297 3157 terra,
2318 3091 2478 3162 cnjus
2509 3090 2682 3145 virtus
2726 3089 2913 3144 virtuti
2962 3089 3084 3161 ejus
3133 3101 3280 3146 esset
3315 3092 3716 3161 comparanda,

2133 3181 2288 3239 Unde
2315 3182 2592 3254 signanter
2629 3180 2786 3253 quasi
2813 3197 2844 3236 a
2893 3182 3093 3238 virtute
3133 3184 3214 3237 vir
3268 3182 3637 3250 nominatur,
3677 3195 3719 3237 et

2130 3275 2235 3341 vir,
2266 3288 2375 3330 nou
2398 3273 2813 3345 qualiscunque,
2850 3273 2941 3329 sed
2984 3291 3003 3324 ‹
3049 3273 3133 3327 vir
3158 3272 3497 3342 simplex->et
3546 3284 3720 3330 rectus

2131 3382 2196 3424 ac
2224 3368 2422 3423 timens
2447 3364 2619 3421 Deum
2646 3373 2702 3421 et
2722 3366 2983 3421 recedens
3011 3380 3044 3421 a
3075 3366 3216 3420 malo
3241 3363 3368 3434 (Iob
3408 3382 3450 3433 ι,
3474 3366 3570 3436 2),
3610 3388 3630 3419 ι
3666 3383 3717 3420 ae

2131 3460 2371 3518 retinens
2407 3460 2773 3516 innocentiam
2802 3460 2966 3514 etiam
3019 3457 3160 3513 inter
3187 3459 3448 3524 adversa,
3503 3462 3723 3530 quande

2131 3571 2232 3612 nec
2246 3554 2522 3625 prosperis
2550 3552 2933 3618 alludentibus,
2958 3565 3059 3606 nec
3081 3550 3326 3605 adversis
3366 3549 3722 3606 irritantibus

2131 3648 2418 3706 imminuta
2453 3646 2546 3703 sed
2564 3645 2810 3716 magisac
2837 3644 3015 3716 magis
3029 3651 3187 3699 aucta
3214 3643 3513 3700 estvirtus
3531 3644 3719 3715 ipsius

2137 3740 2272 3798 Vere
2301 3755 2411 3795 uon
2433 3745 2550 3795 erat
2571 3737 2622 3795 ei
2653 3737 2848 3793 similis
2874 3738 2932 3792 in
2968 3746 3115 3791 terra
3151 3736 3294 3791 inter
3320 3736 3628 3804 homines,
3654 3741 3722 3790 vi·

2131 3832 2325 3889 delicet
2352 3830 2625 3887 radicatos
2657 3837 2712 3885 et
2729 3827 2985 3885 florentes
3021 3828 3268 3896 interra,
3296 3845 3562 3899 quorum
3605 3847 3722 3901 pes·

2132 3926 2258 3982 simi
2289 3924 2506 3980 fuerunt
2525 3921 2720 3991 Judaei,
2751 3922 2847 3993 qui
2870 3932 3118 3977 amantes
3144 3921 3380 3987 caduca,
3411 3932 3477 3978 et
3504 3934 3722 3979 terrena
3802 3980 3803 3987 χ

2131 4026 2294 4087 atque
2332 4016 2390 4070 in
2409 4015 2496 4070 his
2521 4013 2775 4070 florentes
2799 4012 3081 4068 Christum
3115 4029 3306 4068 verum
3359 4013 3473 4070 Job
3509 4015 3721 4072 derise-
3802 3998 3803 4053 ἶ

2135 4119 2280 4177 runt,
2299 4110 2580 4180 sicutipse
2612 4109 2725 4164 ait:
2765 4126 2785 4160 ι
2820 4106 2978 4165 Nunc
3003 4117 3184 4165 autem
3206 4110 3472 4165 derident
3532 4128 3629 4169 me
3645 4113 3724 4183 j·-

2130 4202 2316 4257 niores
2354 4210 2616 4271 tempore,
2641 4214 2876 4271 quorum
2897 4200 3074 4257 virtus
3099 4216 3365 4257 manuum
3421 4212 3560 4259 erat
3601 4206 3722 4260 aiibi

2133 4308 2232 4365 pro
2264 4293 2436 4348 nihilo
2459 4291 2582 4363 (Iob
2614 4280 2746 4359 xix,
2775 4292 2851 4363 i).
2892 4310 2911 4343 ι
2942 4290 3126 4364 igitur,
3175 4308 3242 4348 ne
3277 4294 3471 4363 virtus
3505 4313 3723 4367 quoque
3802 4341 3803 4347 ,

2128 4394 2392 4440 manuum
2438 4397 2687 4439 mearum
2727 4384 2801 4439 sit
2834 4400 2934 4455 pro
2958 4385 3151 4451 nihilo,
3177 4394 3256 4451 tu,
3287 4384 3547 4444 Domine
3593 4388 3722 4445 Deus

2129 4477 2411 4541 virtutum,
2443 4484 2699 4533 converte
2721 4490 2830 4543 me,
2861 4484 3024 4547 atque
3055 4478 3109 4532 in
3132 4478 3327 4533 virtute
3387 4487 3496 4535 tua
3542 4482 3722 4553 judu

2129 4584 2231 4634 me,
2256 4577 2316 4623 ut
2347 4568 2522 4624 virtus
2565 4578 2660 4623 tua
2683 4582 2914 4623 manens
2954 4570 3012 4623 iu
3056 4584 3144 4625 me
3198 4570 3269 4625 ab
3290 4570 3392 4627 his
3436 4575 3721 4632 discet-2⁸

2130 4685 2238 4734 me,
2263 4684 2494 4740 quorum
2530 4669 2707 4726 virtus
2752 4685 3014 4725 manuum
3039 4678 3124 4727 est
3144 4686 3244 4741 pro
3266 4674 3483 4742 nihilo,
3511 4680 3721 4733 etiamsi
3802 4664 3803 4678 ¹

2127 4760 2226 4818 ssos
2266 4775 2457 4817 eorum
2494 4760 2745 4817 videatur
2769 4775 2869 4832 pro
2894 4777 3111 4834 magno.
3141 4760 3269 4819 Flos
3331 4780 3558 4823 eorum
3586 4769 3722 4823 deei-

2128 4853 2240 4918 det,
2271 4852 2371 4909 ilos
2393 4867 2524 4909 vero
2551 4868 2707 4909 meus
2735 4853 2792 4909 in
2820 4862 2963 4909 terra
2992 4854 3290 4920 marciduS,
3339 4857 3400 4911 in
3433 4860 3726 4916 atr-iistis»

2128 4960 2256 5002 mus
2278 4944 2495 5000 Domini
2538 4945 2722 5001 virens
2776 4955 3111 5016 permaneat.
3148 4945 3300 5001 Dixi:
3337 4947 3503 5005 Dens
3554 4954 3621 5006 ὶι
3644 4968 3728 5005 ιο·
3802 4942 3803 4949 '

2127 5037 2376 5091 minemo
2399 5034 2604 5090 salvum
2634 5051 2714 5091 me
2754 5037 2861 5107 sac,
2899 5044 2950 5091 et
2969 5038 3024 5091 in
3045 5037 3238 5093 virtute
3271 5048 3371 5092 tua
3391 5040 3615 5110 judica
3635 5060 3728 5098 ιε.

2128 5128 2334 5200 Repeto
2361 5129 2559 5185 iterum
2597 5145 2792 5185 nomeu
2823 5130 3103 5201 potentias,
3128 5146 3194 5186 ac
3219 5130 3385 5187 dico:

2203 5219 2363 5277 Vsus.
2394 5223 2450 5278 t.
2483 5221 2644 5289 Deus,
2674 5221 2870 5277 exaudi
2891 5221 3182 5277 orationem
3208 5236 3414 5291 meam,
3456 5243 3586 5299 qua
3612 5239 3735 5301 με»

2127 5328 2159 5369 a
2182 5321 2235 5369 te
2273 5328 2383 5368 non
2410 5312 2571 5369 flores
2631 5311 2995 5384 Ziphaeorum,
3020 5313 3114 5370 sed
3139 5314 3406 5372 virtutem
3444 5327 3646 5377 tuam.
3678 5321 3737 5375 Ει

2128 5421 2237 5461 non
2271 5406 2446 5461 solum
2491 5406 2711 5462 tacitam
2758 5406 2941 5463 cordis
2980 5406 3173 5462 exaudi
3223 5410 3589 5479 orationem,
3646 5415 3737 5471 sed

2126 5497 2291 5552 etiam
2311 5497 2465 5552 verba
2491 5498 2599 5551 oris
2622 5499 2722 5552 mei
2749 5498 2966 5553 auribus
3013 5500 3238 5571 percipe.
3282 5498 3538 5577 Percipe
3579 5508 3742 5563 nuri-

2126 5588 2250 5655 bus,
2279 5589 2486 5645 scilicet
2512 5588 2811 5648 clementiae
2836 5605 2902 5646 ac
2922 5592 3192 5659 potentiae,
3228 5601 3289 5647 ut
3312 5593 3598 5654 videlieet
3629 5600 3745 5653 de-

2129 5689 2337 5737 menter
2364 5696 2427 5736 ac
2466 5689 2715 5753 potenter
2742 5682 2918 5740 salves
2968 5697 3074 5740 me.
3121 5681 3201 5736 Tu
3253 5687 3501 5757 percipe
3559 5691 3749 5746 veria
3802 5703 3803 5724 ³
