3817 6000
110 152 163 221 Sili
839 154 1032 213 EPlSTOLAE.
1693 164 1747 225 ιω

111 272 314 338 doctrioasua,
331 273 405 346 quud
425 276 460 330 ab
476 275 519 331 his
540 274 674 342 dissonat,
696 290 758 346 quae
773 275 908 331 catholico
922 281 946 336 Α
961 290 1009 344 per
1035 273 1216 346 ignorantiam
1242 276 1283 331 vel
1307 277 1496 348 negligentiam
1521 278 1588 338 laisa
1604 299 1653 354 pro
1677 286 1750 340 veria

109 365 237 423 Ecclesia
252 375 280 423 et
305 377 387 435 tenet,
408 377 437 425 et
461 370 582 427 conciuit
606 369 687 427 laude
700 370 851 443 symbolica
875 371 909 426 dc
961 367 1083 437 recipiat.

110 458 248 515 Christo:
275 459 401 532 AEqaolir
426 462 515 526 Porri,
537 473 601 529 etc,
617 464 770 519 admiratus
794 479 867 530 suna,
883 471 911 519 et
996 460 1179 528 Quamobrem
1194 476 1249 518 uon
1266 463 1386 520 doctoris
1409 476 1455 520 aut
1477 468 1640 524 correctoris
1656 480 1752 526 aucto·

111 551 179 610 licet
198 553 291 609 miuus
312 555 410 612 doctus
426 563 455 611 et
477 556 588 626 sapiens
609 557 805 624 communi,ut
822 557 910 615 verhis
961 554 1070 610 ritatem
1095 565 1270 626 usurpantes,
1296 558 1342 613 sed
1366 560 1574 616 commonitoris
1597 560 1686 617 olhciu
1702 580 1752 633 pro
1838 579 1843 590 ·

111 648 175 704 auis
189 656 324 717 parceret,
336 663 388 705 nec
408 648 449 706 sic
462 650 611 706 ablactaret
621 664 682 717 uus,
697 659 728 705 ιιι
755 658 809 705 mm
829 664 845 704 a
866 664 910 706 so·
951 646 1074 702 -rnoduto
1098 657 1193 704 nostru
1216 649 1359 722 iungentes
1380 653 1505 722 quaedam
1529 654 1676 723 eiusmodi,
1690 672 1753 726 quae

112 740 245 797 lidoeibo
259 757 342 813 qurum
357 742 393 798 ab
407 742 468 814 ipsu
483 742 609 814 piissimo
637 742 723 799 latere
742 741 838 798 llatris
856 740 910 797 Ec·
952 754 1014 795 »uos
1037 746 1065 794 ct
1086 739 1155 796 alios
1172 741 1357 808 reverberant,
1381 742 1408 797 in
1431 745 1542 816 scriptis
1569 747 1751 817 quurrrmdam

112 833 206 889 clesiae
220 834 370 901 divelleret,
391 850 455 891 eum
472 835 544 890 idem
559 844 586 891 et
608 835 650 890 lae
672 833 860 905 parvulorum,
884 842 912 889 et
952 830 1078 886 -lratrum
1092 847 1178 901 nuper
1200 841 1318 903 reperta,
1338 833 1371 888 ad
1386 832 1489 891 l'estrae
1512 834 1670 893 sanctitatis
1688 854 1753 893 cerr·

111 927 223 982 solidus
238 927 419 998 perlectorum
435 928 514 985 cibus
526 928 573 984 sit.
600 927 686 1000 blagis
703 936 794 983 aumrn
806 943 838 983 ac
852 942 912 981 ma·
962 938 1055 978 suram
1081 923 1236 980 trutinanda
1258 932 1285 978 et
1305 923 1470 981 eliminanda
1483 926 1604 997 perlerre
1628 927 1752 983 decroni·

112 1017 156 1088 gis
169 1031 204 1072 co
218 1017 362 1074 laborante
376 1019 403 1085 in
415 1019 474 1076 suis
486 1018 703 1089 probationibus,
718 1034 781 1074 curu
797 1018 912 1073 adduce-
961 1030 1045 1072 mus:
1061 1024 1087 1071 et
1102 1016 1129 1071 id
1141 1016 1251 1087 quidem
1265 1031 1320 1071 nou
1343 1017 1377 1071 ad
1400 1026 1522 1073 nostram
1545 1019 1670 1090 gloriam,
1695 1035 1752 1075 ιιοιι

113 1111 291 1166 returabeu
316 1111 351 1166 ad
375 1111 739 1183 improbandumveritatem
755 1108 911 1182 ipsiuslle·
964 1109 999 1165 ad
1014 1108 1143 1177 lratmm,
1167 1125 1287 1181 quorum
1321 1111 1423 1183 scripta
1450 1121 1524 1180 sunt,
1558 1112 1752 1169 verecundiam

112 1201 207 1258 ritatis
221 1200 427 1257 testimouium:
443 1200 541 1258 Omnia
555 1202 621 1258 otili
635 1201 738 1256 trudito
751 1210 814 1257 runt
828 1218 844 1255 o
856 1199 912 1254 Po·
962 1211 1010 1258 aut
1021 1202 1160 1274 iujuriam.
1176 1202 1205 1258 Si
1220 1204 1294 1260 cuim
1310 1204 1343 1260 ad
1354 1220 1404 1262 vos
1415 1214 1545 1276 tanquam
1555 1205 1589 1261 ad
1600 1205 1752 1277 sapientem

113 1307 155 1349 tre
172 1310 229 1349 oreo
242 1293 319 1364 (bae.
333 1294 374 1364 xl,
388 1303 415 1350 et
429 1303 528 1350 caetera
552 1293 618 1351 huie
643 1294 755 1359 similia,
771 1295 806 1348 ad
827 1292 912 1349 deac-
965 1295 1145 1351 architectum
1159 1297 1311 1352 recurritur
1325 1312 1408 1368 super
1428 1296 1471 1354 his
1488 1314 1550 1369 quar
1572 1298 1606 1353 ad
1624 1299 1752 1356 decorem

113 1387 238 1458 gaudum
254 1385 325 1455 quud
342 1384 405 1441 iude
424 1384 449 1441 ei
469 1386 567 1441 coelici
593 1385 747 1452 videbatur,
773 1383 910 1450 videlicet,
962 1384 1061 1441 domus
1077 1385 1122 1442 [lei
1138 1395 1273 1457 spectant,
1304 1402 1368 1443 rere
1383 1388 1496 1459 dignum
1518 1396 1546 1444 et
1569 1387 1676 1459 justum
1699 1396 1752 1454 est,

112 1478 191 1549 quud
208 1476 336 1533 Christus
348 1483 423 1533 essct
433 1478 549 1549 equalis
563 1477 650 1545 Patri,
670 1476 821 1543 secundum
836 1475 910 1546 quud
962 1477 1028 1547 quia
1057 1477 1175 1532 rubisct
1198 1477 1294 1532 merita
1316 1477 1389 1546 ritae,
1415 1485 1443 1533 et
1466 1479 1609 1535 thesaurus
1632 1479 1754 1536 miurus

113 1572 203 1626 homo
216 1580 269 1636 est,
279 1568 431 1626 similitudo
445 1571 585 1641 proposita
600 1578 642 1626 est
664 1584 736 1626 arne
748 1569 782 1627 de
794 1569 912 1626 vassallo
963 1567 1079 1624 contulit
1092 1567 1166 1624 Deus
1178 1584 1235 1641 prae
1249 1567 1343 1625 nrultis
1355 1569 1536 1640 participibus
1549 1570 1658 1626 restris.
1676 1570 1754 1625 Scri-

112 1673 142 1719 et
155 1661 280 1718 duurino.
294 1661 347 1729 Qui
367 1663 495 1733 quamuis
507 1661 631 1718 eamdem
653 1678 712 1718 rem
735 1661 857 1733 qualibet
869 1672 911 1717 to-
926 1635 947 1693 B
962 1668 1009 1733 pta
1023 1661 1148 1731 quedam
1170 1661 1264 1718 domni
1289 1659 1409 1717 Gcrhubi
1422 1662 1513 1718 abbati
1533 1660 1696 1717 Eboracensi
1711 1659 1755 1715 di·

113 1756 209 1810 taliter
219 1754 388 1826 possideant,
405 1765 433 1811 et
459 1769 516 1809 non
542 1756 635 1811 minus
649 1755 769 1811 habeare
786 1755 854 1810 alter
868 1756 909 1810 al·
962 1762 1037 1809 recta
1052 1753 1188 1824 usquead
1210 1769 1262 1810 nus
1283 1764 1475 1825 pervenerunt,
1491 1755 1518 1810 iu
1534 1754 1644 1825 quibus,
1663 1761 1694 1809 ιιι
1707 1768 1754 1807 ve·

114 1859 188 1913 tero,
204 1851 296 1904 inirror
311 1856 400 1904 arinen
414 1857 454 1903 est
469 1848 536 1904 alter
550 1847 647 1903 alteru.
664 1844 723 1903 Nun
742 1847 821 1903 aliter
835 1862 910 1903 com·
966 1861 1027 1901 rom
1050 1846 1195 1914 fateamur,
1222 1863 1277 1903 una
1301 1864 1364 1905 cum
1381 1848 1442 1921 ipsu
1457 1847 1555 1904 abbate
1567 1856 1594 1903 et
1618 1847 1679 1905 aliis
1692 1847 1754 1917 qni·

113 1942 212 2015 parari
225 1941 366 1998 Christum
383 1940 513 2011 romabo,
525 1956 615 2012 neque
630 1940 778 1997 vassallum
790 1940 910 2009 Glrristo,
965 1938 1081 1994 busdam
1097 1938 1228 1998 iratribus
1242 1940 1485 2012 quamplurimum
1507 1939 1683 1997 mandaliaati
1704 1957 1753 1996 su·

114 2035 183 2096 nisi,
201 2033 402 2104 utpraedictum
416 2040 468 2099 est,
491 2033 525 2089 ad
542 2031 755 2103 specificandum
781 2033 912 2104 quodam·
965 2046 1028 2087 mus
1053 2041 1164 2103 propter
1184 2033 1267 2089 rerba
1295 2033 1438 2105 cujusdam
1463 2033 1566 2103 fratris,
1591 2050 1671 2106 quern
1695 2036 1755 2106 ipse

115 2126 212 2191 nrorlo,
226 2125 300 2197 quod
313 2123 386 2180 Beda
401 2123 455 2179 ait:
472 2144 482 2177 ι
500 2123 637 2195 Quidquid
664 2124 746 2180 hahet
760 2123 848 2180 Filius
863 2122 911 2179 llei
964 2136 1020 2177 nun
1041 2121 1178 2178 immerito
1203 2123 1393 2193 reprehendit,
1414 2123 1497 2179 trimis
1521 2125 1631 2181 incaute
1653 2125 1754 2196 posita,

115 2236 170 2290 per
183 2229 320 2285 naturam,
340 2218 416 2274 dedit
437 2226 581 2289 assumpto
604 2217 712 2274 laomini
739 2218 841 2274 habere
864 2233 913 2288 per
965 2212 1045 2283 cujus
1060 2213 1118 2270 lraec
1131 2213 1213 2269 rerba
1224 2223 1303 2270 erant
1314 2215 1342 2269 in
1355 2215 1470 2285 epistola
1481 2216 1560 2271 rolris
1571 2217 1754 2273 transmissa:

117 2311 249 2384 gratiam.
264 2330 274 2364 ι
293 2310 373 2378 Quod
390 2311 480 2381 ipsum
506 2310 588 2365 etiam
605 2310 630 2365 ci
653 2311 681 2365 in
701 2310 818 2380 qrrodam
841 2309 913 2380 Apo-
968 2323 978 2356 ι
1001 2303 1058 2376 Ego
1072 2305 1155 2376 igitar
1169 2306 1196 2361 in
1209 2317 1384 2363 sacrosancto
1395 2308 1529 2380 mysterio
1539 2308 1611 2364 siem
1624 2308 1756 2379 spiritalis

115 2403 241 2475 dagarico,
257 2413 349 2460 contra
375 2403 534 2475 hujusmodi
548 2403 665 2475 ineptias
684 2405 850 2475 conscripto,
865 2419 913 2460 os·
965 2413 1026 2454 uvae
1044 2398 1262 2455 meracissimum
1288 2400 1447 2470 sauguinem
1471 2400 1523 2455 suh
1535 2400 1590 2456 vini
1613 2416 1710 2472 sapore
1724 2416 1757 2457 ac

117 2496 196 2551 teudi
217 2497 303 2552 multa
327 2512 376 2568 per
390 2497 598 2553 similitudinem
614 2496 767 2568 explanari,
791 2512 846 2552 nun
872 2506 913 2553 ta-
966 2492 1416 2566 speciebiheremequidem,scd
1431 2497 1520 2551 solum
1534 2512 1567 2553 ac
1581 2513 1679 2567 parurn
1696 2498 1758 2555 siue

117 2601 184 2643 men
196 2587 309 2643 omniuo
328 2602 386 2643 rem
402 2588 443 2644 rei
458 2589 641 2658 comparative
652 2587 799 2659 coaequari.
822 2587 914 2660 Longe
966 2601 1049 2642 cartre
1072 2601 1127 2641 nun
1147 2586 1243 2642 dubito
1266 2606 1274 2642 t
1298 2587 1335 2643 ita
1360 2589 1446 2644 solam
1468 2598 1495 2643 et
1521 2605 1619 2660 puram
1644 2606 1757 2647 carrione

118 2695 241 2751 iramque
255 2680 329 2736 aliud
344 2688 386 2737 est
402 2680 521 2751 exempli
534 2680 714 2736 similitudine
726 2681 768 2737 rcl
784 2681 913 2752 parabola
965 2679 1068 2736 Christi
1095 2679 1155 2736 sine
1177 2681 1297 2747 ossibus,
1316 2680 1376 2736 sine
1402 2682 1534 2739 membris
1556 2685 1755 2755 corporalibus,

118 2772 225 2843 aliquid
246 2788 337 2844 agere,
352 2783 380 2828 et
393 2772 467 2828 alind
482 2780 525 2829 est
548 2788 605 2828 rcm
619 2772 658 2829 rei
677 2773 705 2828 in
722 2788 754 2829 eo
776 2773 848 2844 qnod
861 2781 913 2839 cst,
967 2771 1023 2826 imo
1036 2771 1149 2827 humani
1164 2774 1288 2843 corporis
1301 2773 1469 2844 plenitudine
1483 2775 1535 2831 suh
1555 2776 1636 2847 panis
1657 2793 1757 2849 sapore

120 2880 183 2921 csse
196 2866 238 2922 rel
263 2881 318 2921 ιιοιι
340 2881 402 2922 esse
425 2866 593 2936 coaqrrando
614 2866 777 2924 assimilare.
805 2864 861 2923 llac
881 2868 915 2923 de
967 2862 1101 2933 aespecie
1117 2864 1284 2921 manducare
1299 2881 1343 2922 me
1355 2867 1446 2933 eredo,
1464 2884 1516 2924 nec
1530 2884 1574 2924 me
1594 2868 1692 2925 Filium
1707 2870 1757 2925 bo·

119 2971 206 3012 causa
222 2955 296 3028 qrrod
315 2956 427 3028 scripsi,
453 2956 551 3028 scripsi
580 2965 646 3013 tunc
670 2966 698 3014 et
726 2957 817 3014 scribo
831 2958 913 3014 etiam
928 3000 949 3059 c
967 2954 1060 3018 minis.
1084 2957 1131 3014 sed
1146 2973 1257 3014 carnem
1280 2957 1341 3015 Filii
1361 2959 1480 3017 hominis
1504 2961 1669 3018 manducare
1686 2976 1756 3019 cuu-

120 3067 197 3106 nuuc
212 3060 312 3106 restrae
326 3061 445 3121 pateruae
458 3049 628 3117 discretioni,
643 3060 673 3106 ut
694 3066 738 3107 nte
752 3062 913 3108 excusatum
968 3050 1056 3106 liteor.
1072 3069 1082 3103 ι
1097 3049 1212 3121 insuper
1229 3061 1257 3106 et
1270 3052 1304 3108 de
1317 3052 1437 3124 pixidula
1456 3054 1652 3122 eucharistiali,
1674 3056 1757 3112 ride·

120 3141 247 3198 habcatis
268 3157 352 3214 super
379 3142 537 3213 huiusmodi
565 3143 785 3212 enormitatibus,
810 3153 837 3200 et
857 3145 915 3201 lirae
968 3144 1031 3200 licet
1054 3145 1178 3215 corporis
1197 3144 1315 3212 Domini,
1331 3156 1359 3202 et
1377 3147 1438 3202 aliis
1453 3147 1618 3217 quibusdam
1643 3150 1671 3203 in
1696 3150 1760 3220 ipso

118 3234 326 3306 qualiacunque
337 3244 428 3291 restro
441 3234 615 3305 potissimum
629 3244 712 3306 atque
727 3236 916 3309 omniuur,qui
968 3245 1098 3294 contextu
1110 3237 1273 3306 litterarum,
1290 3254 1360 3311 quas
1373 3239 1451 3295 vohis
1469 3240 1614 3305 direxerat,
1641 3240 1757 3295 niodum

120 3326 265 3383 ceritatem
288 3327 404 3400 diligunt
430 3326 635 3400 etintclliguut,
647 3327 752 3398 jndicio
777 3328 859 3385 certis
878 3330 918 3385 lc·
968 3327 1120 3384 excessisse
1140 3328 1217 3384 risus
1231 3337 1288 3395 est,
1311 3329 1391 3399 quasi
1414 3329 1506 3386 minus
1529 3331 1556 3385 in
1571 3331 1760 3387 eucharistiali

121 3421 203 3492 gibus
232 3419 435 3476 emcrrdationis
463 3419 591 3491 subjicio,
621 3420 713 3478 sciens
735 3422 763 3477 in
790 3422 917 3479 humanis
968 3435 1051 3492 quam
1073 3419 1101 3475 iu
1126 3421 1248 3492 spatioso
1272 3422 1353 3478 altari
1376 3437 1477 3493 corpus
1500 3421 1608 3477 Donnini
1630 3438 1758 3494 compre-

31 3553 34 3558 .
121 3513 199 3569 adim
207 3512 363 3569 erationibus
376 3511 446 3567 nillil
456 3519 512 3567 ιιιιιι
522 3512 672 3584 perlectum
684 3513 756 3585 quod
769 3513 917 3585 perfectius
970 3510 1052 3566 bandi
1066 3513 1163 3582 possit.
1182 3511 1279 3585 Rogati
1295 3523 1414 3569 autema
1430 3514 1593 3585 quibasdam
1610 3516 1759 3585 religiosis,

122 3606 504 3678 cssermupossit,nectam
520 3604 802 3678 benedictum,quod
819 3607 917 3664 melius
969 3611 1118 3659 utcontra
1143 3605 1248 3675 aliquid
1272 3606 1454 3663 scriberemus
1483 3607 1518 3663 ad
1550 3607 1757 3666 edificationem

123 3698 178 3754 dici
190 3713 246 3751 non
260 3698 357 3768 possit,
370 3696 413 3752 vel
436 3697 471 3751 ab
489 3697 595 3753 aemulis
613 3698 758 3755 incrustari
778 3699 869 3770 aliqua
884 3715 918 3755 ex
969 3694 1065 3750 saltem
1077 3696 1264 3765 quorumlihet
1275 3697 1462 3767 parvolorum,
1476 3698 1576 3769 qrrihus
1595 3700 1665 3757 lacte
1688 3716 1762 3772 opus

122 3801 201 3862 parte
226 3790 339 3846 sinistra
365 3790 598 3862 interpretatione,
627 3790 660 3847 ad
678 3806 789 3848 sensum
803 3792 918 3849 dicentis
971 3797 1054 3855 esset,
1079 3803 1134 3845 nun
1167 3789 1255 3845 solido
1278 3788 1357 3856 cibo,
1381 3791 1546 3847 revolvimus
1575 3792 1668 3847 animo
1691 3793 1759 3848 illud

124 3894 173 3939 aut
187 3883 334 3940 scribentis
347 3897 402 3939 nou
412 3883 629 3939 accommodata.
969 3879 1174 3953 Evangelicum,
1191 3883 1264 3952 quod
1280 3883 1314 3938 dc
1336 3892 1448 3953 peccam
1463 3884 1585 3939 scandali
1604 3885 1761 3954 specialiter

162 3977 479 4046 astronomicarum,
506 3979 578 4036 sicut
605 3980 643 4036 ait
662 3980 821 4053 Apostolus,
843 3999 918 4037 nemo
970 3972 1177 4044 intelligendum
1196 3983 1258 4029 est:
1276 3972 1306 4027 Si
1324 3973 1469 4043 peccauerit
1485 3975 1511 4026 ιἰι
1532 3983 1556 4028 ιι
1578 3974 1663 4043 {rotor
1685 3983 1758 4043 ιιιιιε,

123 4088 323 4149 perceperam,
337 4075 394 4132 ilco
408 4076 521 4148 gratias,
547 4076 690 4146 preteriri
717 4077 787 4149 qood
802 4078 919 4147 positam
970 4066 1147 4136 corriperem
1166 4067 1238 4119 intro
1257 4076 1291 4132 te,
1310 4075 1336 4120 et
1353 4064 1430 4119 illnnr
1445 4066 1532 4120 solum
1551 4065 1660 4137 (Mutth.
1679 4082 1758 4134 xvrtr,

123 4179 175 4235 ιιι,
189 4169 260 4240 ιιιιι
270 4176 310 4223 ιιι
322 4166 443 4222 ιιιιιιιιιι
456 4166 534 4221 ιιιιι
545 4165 572 4239 (ι
592 4165 653 4223 cor.
666 4174 718 4238 nl).
734 4166 788 4236 urit
809 4182 843 4223 ex
865 4166 920 4223 ιιιι
971 4156 1028 4226 15),
1044 4154 1211 4228 realemque
1233 4157 1320 4223 illum,
1337 4157 1385 4229 qni
1401 4157 1464 4212 istra
1478 4158 1634 4232 scripserat.
1648 4173 1697 4229 aer
1709 4159 1762 4215 do·

126 4263 232 4318 muudo
244 4261 412 4317 transiturus
424 4257 586 4327 adPatrern,
600 4258 749 4315 tenuissime
761 4274 918 4316 sacramen·
970 4263 1066 4304 1111111111
1085 4248 1120 4305 A·
1143 4249 1325 4305 uenerabilem
1349 4249 1475 4304 abbatem
1498 4249 1532 4303 de
1549 4247 1632 4303 Kirra
1647 4250 1759 4306 uocari·

125 4365 185 4411 ιιιι
198 4352 323 4424 eor-pens
339 4362 367 4408 ιι
380 4352 524 4425 sanguinis
547 4351 602 4416 ιιι,
616 4351 689 4423 quor
710 4349 918 4408 ειιιιιιιιιιιι
934 4354 957 4410 b
971 4357 1034 4398 mus
1048 4341 1083 4397 an
1100 4357 1161 4407 nos,
1185 4342 1336 4413 prasertim
1356 4342 1420 4413 quta
1435 4356 1532 4396 manus
1544 4340 1684 4424 inuenere
1699 4358 1761 4413 ure·

126 4447 252 4503 omnium
280 4453 538 4512 sacramentorum,
563 4444 759 4500 commendans
777 4442 920 4516 discipulis
972 4433 1111 4506 shytcriia
1128 4434 1217 4499 uobis,
1236 4433 1300 4489 licet
1312 4432 1440 4504 indignis,
1459 4439 1523 4487 autc
1546 4431 1650 4502 aliquot
1672 4448 1765 4488 arruns

127 4540 196 4604 suis,
219 4539 271 4594 huc
288 4538 371 4595 modu
384 4537 425 4593 ait
440 4556 446 4592 :
462 4537 591 4607 Accipite,
617 4546 642 4591 ot
656 4536 795 4603 comedite,
813 4535 862 4591 hoe
880 4545 919 4592 ιιι
972 4536 1123 4598 acceperat.
1137 4525 1257 4582 ,auctore
1273 4525 1365 4596 itaque
1377 4524 1443 4590 heo,
1458 4523 1623 4581 etrelociter
1633 4534 1762 4581 currente

126 4647 224 4702 corpor
238 4646 323 4684 meum
338 4627 447 4700 (Morti.
462 4630 551 4700 xxvi).
560 4627 629 4686 lluic
639 4627 818 4684 laudamento
830 4627 921 4684 stabili
972 4638 1100 4681 sermone
1113 4624 1173 4694 ejus
1194 4622 1278 4678 irater
1296 4621 1340 4677 ille
1353 4622 1388 4676 ab
1402 4635 1495 4678 errore
1507 4619 1558 4675 riae
1571 4635 1629 4676 suae
1650 4635 1762 4675 revoca·

128 4733 158 4779 et
173 4721 310 4778 immobili
332 4721 420 4778 saneti
445 4719 541 4778 Patres
565 4720 921 4792 superaedificantescxum·
972 4725 1017 4772 tus
1037 4723 1088 4771 cst⁴
1112 4715 1165 4782 Qui
1186 4715 1220 4770 ad
1246 4731 1276 4770 se
1292 4729 1419 4769 reversus
1438 4721 1572 4784 qivantum
1593 4714 1762 4784 desipuerat,

127 4814 183 4886 plis
194 4822 222 4870 et
243 4813 418 4871 documentis
434 4829 531 4870 aurum
547 4822 575 4870 et
595 4820 750 4884 argeutum,
764 4822 792 4869 et
818 4812 922 4885 lapides
973 4819 1079 4865 tarrtrrm
1103 4809 1219 4880 resipuit
1241 4809 1276 4864 ab
1290 4823 1334 4874 eu,
1347 4807 1422 4879 quud
1433 4822 1545 4864 caruem
1563 4807 1597 4863 ab
1612 4807 1722 4865 ossibus
1734 4815 1764 4864 et

128 4908 267 4980 pretiosus
280 4908 373 4964 multis
390 4907 602 4964 aucturitatibus
613 4906 775 4964 erudierunt
799 4916 827 4963 et
840 4907 923 4964 roho-
973 4904 1116 4975 sanguine,
1130 4912 1157 4958 et
1167 4902 1328 4975 sanguinem
1342 4901 1377 4957 ah
1391 4901 1502 4958 ossibus
1515 4909 1543 4957 et
1563 4915 1647 4956 cartre
1661 4899 1762 4957 divise·

128 5010 263 5056 raserunt
274 5008 398 5057 sanctam
415 4999 579 5057 catholicam
602 4998 764 5067 Ecclesiam,
788 4999 826 5056 ita
850 5000 922 5055 utin
973 5009 1017 5054 rat
1039 4999 1067 5053 in
1090 5012 1204 5068 corpore
1224 4995 1344 5063 Domini,
1363 4995 1518 5060 occasione,
1541 5001 1573 5050 at
1590 4994 1639 5059 ait,
1663 4994 1767 5048 hurum

129 5094 241 5151 civitate
253 5093 299 5149 {lei
325 5108 380 5150 raon
406 5094 597 5161 cheitmarus,
622 5108 673 5150 nce
696 5094 877 5159 autemmale,
896 5103 924 5150 et
975 5091 1142 5147 verborum:
1162 5087 1223 5174 Nisi
1236 5088 1459 5143 mandacaveritis
1473 5103 1579 5143 coruom
1598 5086 1665 5141 Filii
1678 5086 1763 5140 hami-

126 5187 186 5257 jarn
204 5185 322 5257 amplius
334 5184 386 5241 alia
406 5186 531 5244 doctriua
547 5201 601 5243 ιιιιιι
619 5186 656 5242 sit
679 5185 843 5243 uecemnria·
869 5183 921 5242 Sed
974 5186 1026 5253 rtis,
1038 5194 1063 5239 et
1077 5182 1195 5238 biberitis
1209 5181 1267 5252 eico
1277 5182 1443 5252 sanquinem,
1456 5196 1508 5235 non
1523 5178 1653 5234 inolitis
1676 5177 1759 5231 oitour

130 5279 292 5351 quicunqne
316 5279 399 5333 etiarn
412 5277 527 5350 angelos
539 5276 573 5333 de
591 5276 661 5333 coelu
685 5275 760 5332 aliud
787 5275 922 5343 docuerit,
975 5280 1002 5334 in
1015 5278 1084 5334 colis
1100 5274 1191 5340 (loun.
1203 5276 1253 5346 rr).
1267 5274 1336 5343 Quia
1357 5275 1384 5330 in
1403 5288 1530 5330 sermone
1544 5272 1642 5334 divisa,
1659 5278 1689 5326 ut
1703 5283 1762 5324 cro-

119 5371 239 5429 scilicet
269 5369 440 5427 contrarium
453 5368 611 5444 Evangelio,
627 5370 773 5426 anathema
797 5369 842 5425 sit.
870 5353 934 5425 Vc?
975 5370 1055 5437 didit,
1071 5369 1152 5425 ctiam
1178 5367 1205 5423 in
1230 5384 1259 5423 re
1283 5368 1341 5438 ipsa
1365 5366 1474 5422 divisim
1499 5362 1656 5436 accipianda
1680 5360 1763 5416 nimis

131 5473 290 5521 rumtanren
303 5464 369 5537 quia
392 5464 521 5521 iuimicus
542 5465 625 5520 houm
637 5479 692 5520 uun
715 5471 804 5521 cessat
821 5462 925 5536 jugiter
976 5464 1134 5535 simpliciter
1150 5463 1328 5520 intellexerat.
1770 5505 1772 5512 ,

132 5559 354 5631 superseminare
364 5559 480 5626 zizania,
494 5570 521 5614 et
531 5567 639 5629 oportet
647 5558 692 5613 illa
702 5573 825 5615 crescere
838 5572 925 5629 usquc
1013 5555 1132 5626 iusuper,
1148 5555 1213 5625 quia
1238 5555 1370 5625 scriptum
1393 5553 1503 5623 reperit,
1517 5551 1642 5607 videlicet
1655 5549 1681 5604 iu
1703 5548 1764 5621 qei-
1798 5593 1803 5614 ,

132 5654 170 5713 ad
184 5671 313 5725 messem,
329 5654 535 5729 diligentissime
548 5656 754 5728 precavendum
770 5664 811 5713 cst
822 5654 925 5727 itaquis
977 5648 1275 5708 basdarnsenteutiis:
1293 5669 1302 5702 ι
1321 5647 1427 5718 lntoger
1451 5646 1577 5703 Christus
1601 5644 1720 5701 semitm
1734 5643 1764 5716 ia
