3817 6000
95 209 148 271 ttt
409 209 688 269 cottttuntstttttn
707 212 741 268 ΙΝ
758 207 928 272 totunm.
947 235 985 255 -e
1004 207 1094 266 PARS
1112 209 1133 267 1.
1150 235 1187 249 -
1203 205 1300 264 usto.
1323 205 1390 265 llll.
1668 207 1719 270 tto

96 321 175 384 ptum
190 317 253 364 est:
271 303 404 364 Dominus
418 309 574 365 crearitme
593 309 757 380 principium
770 309 880 364 riarum
895 316 919 374 Α
933 307 1043 371 reticos,
1063 304 1240 376 philosophos
1253 303 1442 360 destruendos.
1472 301 1548 360 Unde
1559 306 1721 365 cumdixis·

96 418 213 460 suarum
228 401 255 458 in
269 416 354 474 opera
375 416 436 466 sua,
450 400 518 457 illud
531 401 698 474 significare,
713 401 787 473 quod
798 403 832 457 ad
844 418 884 457 re·
934 407 977 454 εει
987 417 994 452 :
1003 411 1036 452 ea
1046 396 1243 467 arrinlantiam
1255 404 1281 450 ει
1291 396 1445 451 lactentium
1456 397 1719 468 pmseclstilaudem,

96 496 226 557 dimenda
243 510 326 567 opera
341 494 430 550 Patris
443 494 577 552 Dominus
588 494 668 552 lesus
680 510 713 551 ex
727 495 830 567 virgine
848 496 885 552 sit
933 488 1716 561 adjecitpropterinimicostaar,subauditurdestruendos.

95 599 218 648 oreatus.
231 587 316 645 ritem
334 588 361 642 in
379 587 474 662 eodem
487 605 494 641 :
507 586 640 654 «Paulus,
653 586 750 659 inquit,
760 588 886 657 prohihet
934 580 1013 637 Unde
1022 582 1152 652 supponit
1165 600 1171 634 z

94 689 284 738 meermturue
292 677 554 744 servire,etChristo
562 678 691 733 admonet
698 676 883 733 serviendum.
973 674 1007 729 ilt
1018 674 1140 728 destruas
1152 673 1289 727 inimicam
1302 683 1327 728 et
1338 673 1460 729 altarem.
1477 673 1635 748 Philosophi
1656 687 1722 734 suut

94 772 157 828 Non
170 787 234 843 ergo
253 778 376 827 creatura
390 770 517 827 Christus
531 785 537 825 τ
556 768 785 839 ‹Paulus,inquit
795 767 883 837 (Ram.
935 765 1040 822 inimici
1052 764 1143 821 crucis
1156 763 1269 832 Christi,
1295 766 1396 835 quihus
1410 765 1481 824 Deus
1493 768 1637 826 abscondit
1660 785 1722 843 quum

97 881 109 914 r
127 879 148 929 t,
165 862 204 933 1),
220 877 315 918 sersus
328 859 392 918 lesu
401 858 515 916 Christi.
534 879 544 911 ι
565 859 598 915 Et
615 860 704 915 honus
717 858 885 928 normanni
935 859 1056 930 parvulis
1080 857 1219 912 revelarit.
1246 850 1297 914 liti
1324 859 1453 915 inimicus
1474 859 1634 932 destruitur,
1657 881 1722 921 cum

95 952 246 1009 Minimum
267 951 459 1025 recognoscit,
483 951 540 1020 ipse
553 960 686 1008 creaturae
709 950 811 1007 seruire
835 964 886 1006 nos
935 960 1048 1007 sanctus
1064 951 1179 1022 quilibet
1197 950 1321 1007 veracius
1347 951 1374 1006 in
1398 968 1480 1008 cruce
1503 952 1610 1010 Domini
1635 959 1722 1014 nostri

94 1047 234 1119 prohihet.
246 1044 479 1113 Quemadmodum
491 1059 557 1116 ergo
570 1042 680 1100 Christo
691 1042 749 1114 ipse
759 1040 885 1107 serviret,
936 1040 1003 1097 lesu
1028 1040 1172 1113 gloriatur,
1199 1056 1281 1112 quam
1297 1043 1477 1115 philosophus
1491 1047 1590 1118 aliquis
1604 1051 1723 1119 potuerit

95 1137 275 1196 eiChristum
292 1145 445 1192 creaturam
470 1136 599 1207 putaretl
622 1133 708 1191 Video
730 1149 796 1208 ergo
813 1149 885 1205 quo·
937 1149 1058 1206 nunquam
1074 1134 1184 1205 gloriari
1208 1135 1236 1189 in
1260 1136 1393 1207 sapientia
1408 1138 1492 1210 huius
1520 1140 1624 1196 mnndi.
1646 1141 1723 1209 Quo-

95 1231 182 1287 inodo
195 1229 333 1285 Christum
345 1225 494 1292 etinctum,
505 1236 533 1282 et
544 1235 665 1283 creatum
677 1225 827 1282 secundum
840 1226 887 1282 aii·
936 1224 1102 1281 modoenim
1126 1227 1190 1296 quis
1210 1227 1341 1298 glorietur
1366 1231 1394 1284 in
1410 1230 1455 1286 illa
1481 1233 1613 1303 sapientia
1639 1251 1724 1307 quam

94 1320 165 1392 quid
183 1321 309 1384 aliirmat,
326 1333 408 1390 quem
420 1327 512 1376 tamen
526 1325 680 1374 creaturam
694 1331 755 1372 esse
766 1324 856 1388 nogat.
873 1335 883 1367 ι
936 1315 1047 1371 stultam
1068 1315 1142 1383 lecit,
1156 1327 1184 1373 ει
1197 1318 1316 1375 ostendit
1336 1319 1409 1378 Deus
1421 1324 1433 1376 l
1447 1325 1502 1379 hut
1514 1326 1653 1395 quomodo
1667 1343 1723 1385 non

95 1411 173 1469 idem
188 1426 298 1483 quoque
313 1409 342 1464 in
353 1409 448 1466 eodem
464 1409 534 1465 liDro
547 1408 688 1465 Christum
701 1423 756 1464 non
778 1409 886 1480 adopti·
936 1416 978 1462 εει
991 1407 1163 1478 gloriandum
1180 1410 1207 1465 in
1226 1427 1308 1468 ornae
1329 1412 1438 1470 Domini
1451 1419 1539 1473 nostri
1555 1418 1621 1476 lesu
1642 1420 1723 1478 Chri·

92 1520 185 1570 uum,
200 1502 248 1560 scd
266 1501 417 1558 naturalem
441 1502 528 1557 lilium
544 1518 606 1559 esse
628 1511 756 1570 testatur,
771 1503 886 1559 dicensi
937 1498 983 1565 sti,
1006 1513 1054 1569 per
1075 1514 1157 1569 quem
1183 1503 1287 1559 sanctis
1300 1506 1469 1578 crucifigitur
1480 1511 1609 1578 mundus,
1623 1522 1650 1570 et
1672 1516 1723 1587 ipsi

97 1616 109 1647 ‹
125 1595 179 1650 Per
191 1593 366 1664 adoptionem
379 1608 430 1649 aas
443 1594 491 1649 lilii
503 1594 631 1661 dicimur,
653 1593 699 1649 ille
722 1609 771 1665 por
785 1594 887 1650 verita·
937 1589 1135 1660 crucillguntnr
1145 1594 1273 1648 mundo‘l
1290 1593 1408 1652 Ultorem
1418 1599 1477 1656 sire
1486 1601 1658 1662 delensorem
1675 1622 1724 1665 ro·

95 1694 155 1740 tem
170 1692 285 1740 naturae.
299 1684 443 1751 Quomodo
453 1698 520 1756 ergo
533 1700 567 1740 ει
578 1684 675 1751 nihilo,
691 1684 738 1756 qui
752 1699 787 1740 er
800 1683 887 1739 nihilo
904 1670 926 1732 B
939 1691 984 1736 cat
998 1681 1166 1752 hereticum,
1179 1687 1266 1756 quiin
1280 1692 1399 1761 eoquod
1419 1701 1463 1748 est
1486 1693 1560 1751 ultor
1578 1706 1607 1753 et
1627 1698 1724 1756 delen-

94 1773 318 1831 omniniecitlr
938 1787 996 1840 sor,
1024 1784 1067 1832 εει
1089 1778 1171 1833 etiam
1196 1780 1335 1839 inimicus.
1361 1782 1602 1856 impugnatorum
1630 1792 1723 1861 tidem,

133 1865 174 1923 ita
185 1877 293 1937 oportet
303 1866 454 1923 secundum
470 1866 625 1923 testimonla
638 1866 889 1939 scripturarumli·
938 1882 1021 1938 quum
1046 1869 1154 1925 ridetur
1179 1872 1335 1930 detondere.
1365 1874 1497 1935 Similiter
1522 1882 1723 1954 philosophus,

94 1959 144 2017 dei
161 1960 276 2032 vestigia
298 1958 439 2025 lormare,
457 1968 487 2013 ιιι
500 1968 581 2016 rectae
604 1959 760 2016 credulitati
774 1960 889 2017 sincere
937 1973 1001 2016 cum
1014 1958 1123 2016 dicatur
1135 1972 1241 2022 amator
1263 1967 1404 2037 sapientiae
1423 1981 1451 2026 et
1476 1971 1616 2042 delensor,
1633 1977 1725 2046 potins

95 2050 283 2110 eoariessionis
295 2052 441 2123 puritatem
459 2052 652 2125 adjungamus,
670 2063 752 2126 atque
767 2054 795 2109 in
807 2054 888 2109 Chri·
937 2057 981 2104 est
994 2049 1144 2109 inimicus:
1166 2056 1297 2126 quoniam
1322 2059 1437 2117 dimisso
1452 2061 1523 2118 Filio
1534 2063 1592 2128 Dei,
1611 2066 1658 2137 qui
1682 2077 1726 2123 est

96 2154 143 2200 sto
157 2159 212 2199 non
230 2145 320 2201 solum
335 2144 483 2200 increatam
497 2153 622 2201 naturam
645 2145 777 2215 divinam,
793 2147 840 2203 sed
861 2154 889 2203 et
938 2144 1026 2199 virtus
1048 2153 1077 2201 et
1089 2147 1233 2218 sapientia,
1254 2151 1351 2207 suadet
1379 2163 1409 2208 ut
1435 2156 1569 2212 elementa
1587 2159 1723 2218 colantur.

96 2247 219 2296 creatam
235 2248 360 2294 natumm
373 2237 522 2294 humanam
536 2237 619 2294 corde
630 2237 785 2304 credamus,
801 2246 889 2297 etore
936 2231 1048 2293 totaeus
1062 2239 1143 2295 enam
1163 2251 1206 2297 est
1232 2243 1361 2302 inimicus
1375 2248 1501 2304 raritatis
1524 2259 1551 2305 ct
1573 2250 1646 2308 ultor
1669 2267 1727 2311 aaa

95 2332 279 2390 eonhmamnr
293 2349 373 2402 seper
385 2333 463 2387 coelas
477 2333 666 2403 caelorumque
683 2331 798 2390 uirtutes
811 2334 889 2391 altis-
937 2326 1006 2400 legis
1028 2346 1061 2387 ac
1079 2332 1208 2391 delensor
1233 2345 1409 2407 paternarum
1434 2340 1620 2400 traditionum.
1636 2343 1726 2412 Quos·

99 2424 216 2492 simam,
231 2424 349 2495 aeciam
367 2425 438 2479 inter
451 2431 591 2481 creaturas
602 2423 823 2495 computandam,
840 2425 888 2481 sed
940 2421 1004 2477 dum
1027 2426 1096 2482 tales
1110 2426 1228 2485 destruit
1251 2428 1415 2501 frangendo,
1431 2433 1496 2489 dum
1523 2436 1621 2492 nolunt
1633 2438 1724 2507 llecti;

96 2530 186 2585 super
205 2529 299 2571 omnes
319 2524 459 2572 creaturas
481 2515 765 2583 adorandam,eudem
788 2516 886 2571 adora·
937 2516 1071 2585 quosdam
1082 2517 1198 2578 destruit
1210 2520 1354 2591 flectendo,
1379 2523 1443 2595 quia
1470 2526 1522 2596 ipsi
1545 2529 1726 2599 acquiescant

96 2609 179 2663 tione
190 2623 243 2678 qua
254 2608 324 2664 Dens
336 2607 417 2665 Pater
428 2609 568 2666 adoratur.
585 2608 615 2665 ln
627 2619 721 2667 sancta
734 2610 806 2666 enim
821 2625 887 2682 sgn-
940 2606 1072 2676 flectenti,
1096 2620 1126 2667 ut
1146 2612 1247 2670 Suulm
1269 2614 1397 2672 inimicus
1420 2626 1448 2672 et
1469 2618 1552 2686 ultor,
1569 2621 1617 2691 qui
1631 2620 1726 2679 divina

97 2700 157 2756 odo
171 2699 306 2770 Ephesiae
325 2701 377 2758 sub
394 2703 566 2760 anathemate
576 2703 749 2761 interdictum
760 2703 886 2775 legimus,
937 2715 1022 2755 manu
1034 2711 1122 2759 tactus
1131 2705 1220 2762 diuite
1241 2725 1251 2759 r
1268 2705 1392 2773 Domine,
1403 2708 1469 2779 quid
1483 2726 1526 2766 me
1537 2712 1579 2767 ris
1594 2711 1722 2770 lacerelr

97 2809 137 2849 ne
148 2794 344 2850 humanitatem
356 2793 555 2851 Christiilerho
570 2793 617 2849 Dei
628 2795 691 2865 quis
703 2793 775 2850 dicat
787 2794 888 2851 condo·
939 2792 1011 2862 (Act.
1038 2809 1077 2862 ιι,
1102 2795 1142 2853 6.)
1182 2796 1266 2855 ludas
1296 2808 1387 2856 autem
1409 2801 1537 2858 inimicus
1563 2803 1665 2861 Christi
1698 2815 1726 2862 et

97 2886 226 2953 randum,
239 2902 321 2958 quum
344 2889 432 2942 sancti
447 2885 541 2943 Patres
562 2887 588 2942 in
600 2887 808 2960 eademsyaoDo
818 2902 889 2959 prae-
939 2889 1013 2945 ultor
1031 2891 1075 2947 sui
1086 2892 1272 2963 domni,quo‹l
1285 2894 1313 2949 in
1324 2893 1455 2951 effusione
1466 2897 1578 2966 pretiosi
1593 2900 1726 2966 unguenti

98 2979 730 3053 dicantadortndamsimpliciadorationeaua
743 2980 887 3037 nonhomo
941 3000 1025 3054 super
1048 2991 1131 3056 caput
1145 2982 1211 3042 lesu
1242 2986 1317 3043 risus
1332 2995 1374 3043 est
1399 2986 1538 3052 habuisse.
1553 2989 1618 3060 quio
1639 2991 1726 3047 noluit

99 3071 222 3130 aVerho
235 3074 438 3148 distinguatur,
454 3075 501 3130 scd
516 3090 549 3129 cx
560 3074 676 3140 duabus,
693 3088 721 3129 et
735 3073 762 3129 in
780 3072 889 3130 duabus
940 3072 1022 3142 lecti,
1047 3075 1150 3132 fractus
1171 3084 1223 3143 est,
1239 3095 1249 3130 r
1267 3084 1295 3132 et
1309 3078 1414 3148 crepuit
1439 3080 1555 3146 medius,
1570 3090 1598 3136 et
1624 3080 1724 3138 dillusa

99 3168 210 3226 naturis
224 3185 295 3226 uuus
314 3168 475 3225 Emmanuel
489 3183 572 3240 super
586 3167 679 3224 omnia
692 3165 765 3224 Deus
777 3167 889 3224 henedi-
940 3174 1005 3221 sunt
1029 3166 1122 3221 omnia
1147 3165 1251 3222 uiscera
1282 3167 1343 3238 ejus
1368 3169 1440 3238 (Act.
1458 3186 1478 3235 t,
1491 3170 1546 3236 18).
1562 3190 1572 3224 ι
1596 3167 1727 3226 Similiter

98 3270 164 3319 otus
177 3262 293 3318 colatur.
939 3256 1023 3312 Arius
1034 3257 1228 3324 lraeresiarcho,
1243 3258 1309 3327 qnia
1333 3258 1421 3313 noluit
1434 3258 1504 3315 llecti
1526 3260 1726 3329 acquiescendo

138 3352 227 3425 liujus
238 3353 433 3425 magnificentia
445 3350 592 3408 estalenata
602 3367 681 3422 rnper
702 3351 791 3415 calar,
806 3350 833 3407 id
848 3359 890 3406 est
939 3350 1081 3406 catholicae
1091 3349 1154 3406 lidei
1168 3359 1196 3406 et
1207 3351 1326 3419 ueritati,
1341 3350 1445 3408 inactus
1456 3360 1498 3407 cst
1511 3364 1539 3408 et
1549 3353 1635 3408 ellusa
1659 3363 1726 3410 sunt

98 3464 185 3521 super
205 3448 365 3519 scripturas,
389 3445 519 3518 quoniam
535 3444 659 3500 omnium
685 3444 841 3516 linguarum
862 3454 890 3499 et
939 3442 1226 3515 omniacisoeraejus.

98 3542 304 3612 scripturarum
325 3538 433 3611 eloquia
448 3536 557 3594 excedit
581 3537 696 3594 elevatio
711 3536 889 3593 humanitatis
975 3534 1047 3602 Quid
1071 3536 1099 3591 in
1113 3537 1166 3593 hac
1192 3537 1405 3594 demonstrativa
1432 3539 1555 3596 oratione
1578 3539 1622 3597 his
1644 3539 1727 3598 dictis

100 3636 307 3693 inutilissimum
321 3633 436 3705 gloriam
450 3646 564 3687 summe
575 3630 746 3698 Divinitatis3
758 3639 785 3686 ει
797 3640 888 3687 tamen
940 3628 1078 3695 laudatur,
1095 3630 1148 3686 nisi
1160 3630 1289 3687 Christus
1309 3632 1503 3703 insuperabilis
1529 3635 1636 3706 imperii
1663 3651 1725 3704 rex,

100 3730 186 3800 hujus
202 3727 409 3801 magnificentiae
422 3726 482 3780 laus
494 3739 527 3780 et
542 3741 586 3778 ore
598 3723 741 3794 infantiam
753 3732 779 3778 et
792 3722 890 3777 lacten·
940 3737 973 3777 ac
996 3737 1104 3792 semper
1124 3723 1285 3794 magnificus
1309 3724 1491 3795 triumphator
1506 3738 1601 3783 contra
1616 3742 1726 3784 omnem

101 3823 171 3878 tiam
190 3822 340 3892 perlinitur,
353 3818 462 3891 quando
474 3817 547 3888 qurod
562 3816 700 3872 credimus
716 3814 888 3880 conlitemm,
940 3814 1078 3868 inimicum
1094 3815 1227 3882 veritatis,
1239 3825 1266 3870 rt
1278 3814 1451 3873 defensorem
1462 3819 1505 3874 sui
1517 3820 1643 3876 erroris?
1656 3820 1727 3889 Quia

100 3930 154 3972 nec
165 3922 256 3968 muron
272 3911 339 3966 illud
350 3908 426 3965 ellari
441 3908 564 3963 ualemus
580 3924 587 3960 z
603 3906 669 3977 quin
686 3912 728 3962 est
741 3905 889 3962 ineffabile.
939 3918 1049 3959 omnnem
1075 3905 1223 3971 irriruicam,
1246 3916 1274 3961 et
1288 3906 1459 3964 delonsorem
1477 3909 1617 3966 destruere
1629 3923 1726 3983 potens

101 4006 182 4063 Untlo
195 4004 337 4075 sequitur:
940 3996 986 4051 hic
1000 3997 1075 4052 solus
1092 3997 1191 4069 dignus
1205 4006 1247 4053 est
1263 3998 1388 4069 imperio,
1407 4001 1507 4072 dignus
1528 4002 1615 4073 ploria
1628 4014 1653 4059 ει
1678 4006 1727 4060 lao-

138 4097 222 4154 Vens.
238 4099 264 4153 ὅ.
280 4095 323 4150 Ea
345 4111 389 4150 are
406 4094 590 4165 infantiamet
604 4091 761 4147 lactentium
775 4090 890 4163 perlect-
941 4105 1003 4143 ruore
1026 4091 1169 4154 coronari,
1193 4100 1220 4145 ot
1241 4092 1372 4147 constitui
1396 4110 1475 4163 saper
1499 4111 1578 4166 opera
1599 4112 1727 4176 mannum

99 4194 137 4249 ati
152 4191 268 4247 uatem.
285 4188 454 4243 lactentium
468 4186 535 4242 dicit
548 4200 604 4242 non
618 4192 708 4251 oetam,
725 4183 773 4241 sud
787 4183 890 4254 simpli·
939 4179 1030 4237 Patris
1046 4200 1054 4248 ;
1071 4180 1127 4238 imo
1140 4182 1240 4252 dignus
1250 4193 1294 4239 εει
1307 4192 1337 4238 ut
1345 4183 1417 4255 jam,
1430 4185 1516 4257 pluria
1529 4195 1555 4241 et
1565 4187 1662 4243 honore
1678 4204 1726 4244 co·

100 4286 195 4351 citata,
209 4284 282 4340 sicut
297 4281 396 4338 Petrus
407 4280 467 4336 ait:
486 4298 495 4331 r
510 4278 593 4345 Quasi
605 4277 686 4334 molo
700 4277 784 4349 goniti
799 4275 889 4332 inlan·
940 4282 1062 4342 renatus,
1073 4284 1098 4329 et
1109 4291 1187 4344 saper
1200 4277 1290 4330 onmia
1313 4279 1478 4335 constitutus
1493 4278 1550 4336 ilex
1564 4281 1726 4353 magniiicus

100 4389 147 4437 ιεε
160 4376 207 4450 (tl
218 4376 293 4432 Petr.
308 4390 339 4442 ιι,
352 4373 393 4445 Ξ),
410 4392 420 4426 ι
444 4372 545 4443 quihus
564 4371 705 4442 apostolus
725 4371 768 4425 lac
782 4369 889 4441 simpli·
903 4380 927 4436 p
940 4375 1116 4440 agnoscatur,
1132 4376 1159 4422 et
1172 4367 1198 4421 ei
1222 4367 1257 4422 ab
1283 4370 1412 4425 omnihus
1426 4371 1561 4442 gentihus,
1589 4373 1725 4441 tribubus,

100 4473 145 4529 cis
158 4470 290 4527 doctrinae
306 4467 398 4534 dedit,
413 4481 469 4521 non
485 4480 587 4521 escam.
615 4462 655 4519 Ex
671 4463 715 4519 his
735 4461 888 4530 Dominus,
941 4459 1051 4530 populis
1061 4466 1089 4514 et
1100 4458 1202 4530 linguis
1213 4460 1310 4516 deuote
1337 4464 1482 4531 serviatur,
1498 4465 1543 4520 cui
1557 4467 1660 4522 servire
1683 4478 1726 4524 est

101 4579 160 4620 uon
174 4561 246 4627 dico,
261 4559 337 4623 lacit,
353 4560 400 4616 sed
412 4557 517 4629 perlicit
529 4555 637 4610 laudem
648 4567 658 4608 s
671 4554 735 4625 quia
750 4569 805 4609 non
823 4566 889 4609 oon·
940 4567 1063 4624 regnare.
1079 4550 1130 4608 llic
1140 4564 1182 4609 εει
1196 4551 1283 4610 Filius
1297 4555 1427 4623 hominis,
1443 4571 1523 4627 quem
1537 4557 1605 4613 sidit
1631 4556 1727 4615 Daniel

102 4654 239 4711 salutetur
250 4653 371 4708 humano
381 4649 484 4722 generi,
499 4648 553 4704 nisi
569 4648 596 4703 in
608 4644 738 4702 Ecclesiis
754 4660 818 4700 oum
830 4658 890 4714 per·
940 4642 967 4697 in
984 4644 1104 4699 nulibus
1130 4645 1202 4712 omli,
1227 4648 1290 4716 qaia
1308 4647 1367 4718 ipse
1385 4658 1428 4703 est
1453 4648 1599 4705 instructis
1621 4651 1727 4722 angelis

102 4745 184 4802 lectis
198 4744 305 4800 minimi
329 4742 508 4798 nutrirentur.
527 4737 560 4793 ili
585 4736 828 4809 praellgurahantur
841 4750 890 4806 per
938 4743 967 4788 et
978 4736 1145 4804 hominihus,
1159 4738 1206 4806 aui
1219 4753 1266 4807 per
1287 4739 1374 4794 nubes
1395 4740 1592 4812 intelliguntur.
1609 4760 1619 4795 r
1633 4741 1667 4798 Et
1677 4744 1727 4799 da·

101 4838 398 4907 ilehraeorumpuerns,
412 4828 891 4905 auiDominumuenientemadpas·
940 4834 997 4881 tum
1012 4837 1066 4896 est,
1078 4828 1177 4899 inquit,
1202 4830 1229 4885 ei
1246 4842 1373 4901 regnum,
1399 4842 1427 4889 et
1454 4834 1553 4902 honor,
1579 4846 1605 4892 ει
1629 4853 1725 4894 omnes

101 4931 209 4988 sionmu
232 4928 390 4985 laudabant.
413 4923 491 4982 Unde
508 4923 640 4981 Βοιιιίιιιιε
665 4921 705 4976 ihi
726 4920 812 4977 utitur
837 4920 890 4977 hoc
939 4919 1042 4988 populi,
1059 4920 1156 4988 trihus,
1164 4931 1192 4976 et
1206 4921 1305 4994 lingua
1317 4924 1470 4983 servientel
1486 4926 1567 4996 (Dan.
1582 4945 1631 4995 rur,
1644 4931 1723 5000 11).»

100 5022 230 5093 exemplo
243 5022 336 5078 dicens
349 5038 356 5076 ε
376 5040 385 5073 ι
400 5017 529 5089 Nunquid
541 5015 646 5088 legistis
660 5014 725 5085 quia
739 5028 773 5069 ειι
786 5006 833 5067 o're
846 5012 889 5066 in·
941 5009 1070 5082 Sequitur
1083 5030 1090 5068 ι

101 5116 221 5174 landum
237 5115 433 5173 etlaotentium
453 5108 590 5183 perfecisti
601 5107 725 5164 laudeml
743 5125 753 5158 ι
778 5103 888 5177 (llattlt.
978 5104 1058 5159 iens.
1077 5105 1104 5159 l.
1123 5105 1256 5171 Quasnam
1270 5109 1360 5163 oldaia
1383 5111 1460 5166 celas
1482 5121 1551 5177 tuor,
1566 5128 1646 5181 opera
1659 5113 1727 5184 digl-

103 5226 165 5277 ut,
181 5204 240 5279 16.)
251 5196 386 5264 Dicuntur
399 5214 425 5262 ει
436 5203 554 5260 halantes
567 5202 694 5274 apostoli,
710 5200 774 5271 quia
789 5199 889 5255 rstulta
941 5205 1028 5249 tutum
1046 5205 1164 5260 tauram,
1189 5198 1281 5253 lunam
1305 5211 1330 5255 et
1345 5201 1447 5269 atellae,
1468 5218 1528 5274 aaa
1547 5213 1575 5257 ιιι
1592 5203 1734 5274 [andartlae

102 5303 201 5361 mundi
216 5298 387 5373 elegitDous,
405 5307 434 5352 ut
447 5293 771 5364 conlaudet-etsapientes
782 5288 810 5360 (l
825 5288 888 5347 Cor.
939 5287 1103 5344 Audivimus
1124 5290 1242 5347 oratoris
1265 5292 1347 5364 hujus
1367 5295 1609 5351 demonstrativam
1625 5310 1726 5368 propo·

103 5414 126 5467 t,
140 5396 199 5465 tt).
215 5416 225 5449 ι
243 5392 479 5465 Undeperiectior
493 5390 568 5456 laus,
587 5404 669 5461 quom
685 5393 889 5451 montcornet
940 5382 1138 5448 sitionem,uhi
1167 5384 1269 5440 dictum
1295 5395 1359 5441 cst:
1382 5386 1504 5455 Domine,
1524 5386 1654 5443 Dominae
1676 5401 1726 5443 no·

103 5487 218 5560 sangnis
231 5483 426 5553 revelavit,sed
438 5481 529 5546 Pater,
540 5481 586 5551 qui
601 5480 627 5536 in
637 5478 715 5536 coelis
727 5485 769 5535 est
778 5475 887 5543 (llattlr.
939 5486 1002 5541 ster,
1017 5492 1096 5546 paam
1107 5477 1263 5533 admirabile
1275 5487 1314 5532 ert
1341 5494 1433 5534 nornen
1455 5490 1529 5536 taam
1554 5482 1582 5535 in
1602 5480 1725 5538 aerioma

102 5595 162 5648 xva,
177 5579 242 5651 lii:
261 5598 271 5631 ι
286 5577 351 5649 quia
359 5577 396 5632 ad
407 5590 469 5631 earn
483 5590 538 5629 non
552 5574 669 5629 humana
685 5570 828 5643 sapientia,
840 5570 887 5626 sed
940 5578 1011 5623 terra
1027 5568 1038 5621 l
1057 5568 1220 5625 Audivimus
1247 5569 1328 5625 etiam
1360 5572 1556 5642 propositionis
1579 5572 1724 5644 rationem,

103 5674 198 5733 diuina
210 5670 299 5746 gratia
314 5666 440 5726 accendit
454 5673 564 5737 propter
579 5665 700 5721 inimicat
716 5666 818 5736 gratim
832 5665 887 5721 hta·
939 5663 985 5718 ubi
999 5660 1101 5717 dietum
1118 5670 1181 5719 cst:
1205 5663 1334 5731 Quoniam
1348 5662 1449 5719 eierato
1466 5674 1506 5719 ert
1527 5667 1726 5739 nrapnificrntia

284 5755 572 5827 sannuncurt.
1377 5844 1405 5851 .-
1513 5758 1552 5819 2,
