3817 6000
187 156 330 240 teis

756 181 1317 241 coltmfflmtuuat
1356 177 1426 238 m
1466 183 1809 242 PSALMOS.
1845 213 1920 226 —-
1957 181 2140 237 PARS
2180 180 2243 238 ll.
2282 212 2353 224 -
2387 181 2584 237 PSAL.
2608 181 2858 252 xxviii.

3289 182 3426 239 1246

185 315 242 365 x,
277 298 358 369 5),
385 297 645 368 quoniam
673 298 1059 369 prophetarum
1081 298 1280 368 scripta
1320 300 1614 357 terribilem
1636 300 1760 372 qui·
1787 307 1835 362 Α
1860 301 1972 366 des,
2003 298 2149 369 quod
2189 299 2575 368 interpretatur
2597 309 2860 362 sanctum,
2888 298 3004 352 sive
3025 305 3298 368 postremo
3328 297 3428 352 do·

184 390 330 455 dem,
361 388 457 445 sed
506 389 730 444 minime
779 389 1168 460 intelligibilem
1220 402 1448 449 eatenus
1500 394 1754 449 babentia

182 495 378 534 sonum
419 487 550 536 tune
570 479 749 535 locuta
783 488 913 536 sunt
936 494 1100 536 voces
1138 496 1289 548 suas,
1338 491 1393 538 et
1438 482 1756 540 manifestas

182 570 448 626 dederunt
470 571 889 644 significationes
926 571 1295 629 intellectuum
1328 574 1752 630 rationabilium.

180 660 375 720 Nonne
399 661 592 718 Petrus
615 662 894 733 apostolus
909 662 976 719 de
987 676 1126 719 sono
1150 664 1374 720 tonitrui
1389 680 1575 719 vocem
1594 664 1755 721 intel-

182 753 441 824 ligibilem
490 753 778 823 expressit.
816 768 942 810 eum
975 751 1226 810 diceret:
1271 754 1385 809 Viri
1410 753 1610 820 Jndoei,
1665 756 1757 826 qui

181 842 441 898 habitatis
464 841 764 899 Jerusalem
790 846 1040 915 universi,
1076 845 1173 900 Ιιοο
1198 848 1339 901 vobis
1369 855 1549 901 notum
1580 847 1672 912 sit,
1705 857 1754 902 et

182 935 402 990 auribus
427 934 677 1006 percipite
700 935 853 991 verba
876 953 1012 991 mea.
1056 936 1178 991 Non
1203 939 1362 1004 enim,
1386 937 1481 1005 ait,
1513 938 1645 992 sicut
1668 953 1755 992 vos

181 1026 460 1082 «estimatis
485 1026 541 1081 Iti
569 1026 701 1083 ebrii
735 1037 879 1097 sunt,
915 1045 1031 1082 cum
1057 1028 1127 1083 sit
1155 1029 1286 1084 liora
1314 1030 1419 1085 diei
1449 1030 1627 1094 tertia,
1665 1028 1756 1083 sed

181 1120 281 1173 noc
305 1127 404 1185 est,
446 1119 583 1190 quod
610 1120 811 1174 dictum
848 1129 925 1177 est
973 1137 1065 1191 per
1116 1120 1235 1176 loe!
1270 1122 1574 1192 proplietam
1614 1122 1754 1193 (Act.

182 1226 249 1278 ιι,
277 1211 386 1282 li).
429 1209 494 1265 Et
521 1211 625 1266 erit
648 1212 702 1267 in
729 1212 1039 1269 novissimis
1065 1213 1256 1270 diebus
1288 1214 1420 1270 dicit
1447 1212 1754 1271 Dominus:

184 1301 462 1357 effundam
485 1301 553 1356 de
583 1298 789 1371 Spiritu
818 1316 941 1357 meo
969 1316 1132 1372 super
1159 1317 1377 1358 omnem
1415 1318 1656 1370 carnem,
1704 1312 1759 1360 et

182 1394 583 1463 prophetabunt
622 1394 717 1449 mii
754 1392 941 1458 vestri,
977 1402 1032 1449 et
1060 1392 1183 1448 filiae
1211 1404 1421 1462 vestrae,
1454 1406 1509 1451 et
1531 1397 1757 1466 juvenes

183 1483 350 1540 vestri
396 1485 634 1541 visiones
667 1484 945 1552 videbunt,
975 1493 1029 1540 et
1059 1484 1300 1541 seniores
1350 1488 1515 1543 vestri
1547 1486 1758 1542 somnia

182 1573 552 1630 somniabunt.
583 1571 651 1629 Et
671 1574 890 1645 quidem
912 1588 1076 1643 super
1094 1589 1283 1630 servos
1310 1589 1483 1643 meos,
1512 1584 1566 1631 et
1595 1589 1760 1646 super

184 1665 410 1721 ancillas
459 1680 609 1720 meas
638 1665 690 1719 in
718 1664 911 1721 diebus
959 1664 1066 1722 illis
1113 1663 1386 1721 effundam
1440 1665 1509 1720 de
1556 1664 1757 1736 Spiritu
1789 1650 1831 1706 B

184 1771 327 1823 mec,
353 1764 406 1812 et
426 1756 842 1827 prophetabunt,
868 1765 923 1812 et
945 1756 1085 1813 dabo
1108 1757 1351 1829 prodigia
1385 1758 1441 1813 in
1468 1758 1607 1815 coelo
1637 1773 1759 1814 sur-

185 1862 331 1914 sum,
359 1858 413 1903 et
434 1847 587 1916 signa
614 1846 670 1903 in
697 1855 839 1902 terra
864 1845 1121 1905 deorsum
1153 1868 1166 1905 :
1197 1850 1539 1921 sanguinem,
1577 1850 1757 1920 ignem

186 1949 240 1995 et
276 1954 525 2009 vaporem
554 1938 711 1994 sumi.
750 1936 845 1996 Sol
888 1949 1234 1997 convertetur
1289 1940 1344 1996 in
1394 1943 1664 2005 tenebras.
1706 1950 1761 1997 et

187 2032 316 2086 luna
350 2031 404 2086 in
436 2030 756 2104 sanguinem
805 2042 1096 2105 antequam
1143 2033 1327 2090 veniat
1375 2034 1493 2091 dies
1543 2034 1758 2091 Domini

187 2142 418 2200 magnus
445 2134 500 2184 et
524 2125 866 2185 manifestus.
892 2124 960 2182 Et
985 2127 1092 2183 erit
1111 2129 1311 2194 omnis,
1342 2128 1654 2199 quicunque
1675 2128 1758 2184 in-

187 2221 461 2276 vocaverit
488 2236 685 2280 nomen
717 2219 933 2276 Domini
962 2221 1145 2276 salvus
1162 2222 1283 2277 erit.
1312 2220 1408 2278 His
1429 2231 1481 2278 et
1506 2222 1629 2278 aliis
1656 2223 1761 2278 ltu-

180 2313 426 2383 jusmodi
463 2313 691 2370 vocibus
725 2311 1156 2384 intelligibilibus
1199 2311 1400 2369 auditis
1447 2314 1757 2384 compuncti

187 2412 318 2461 sunt
347 2405 530 2473 corde,
568 2414 621 2460 et
660 2403 914 2459 dixerunt
952 2403 1019 2459 ad
1069 2401 1311 2470 Petrum,
1343 2412 1397 2458 et
1427 2403 1495 2458 ad
1521 2403 1761 2476 reliquos

188 2499 464 2567 apostolos
492 2515 507 2552 ε
539 2496 679 2563 Quid
712 2497 989 2568 sociemus,
1032 2496 1134 2549 viri
1164 2496 1403 2565 fratres?
1438 2494 1629 2551 Petrus
1663 2513 1760 2550 au·

190 2602 294 2643 tem
328 2590 404 2644 ait
445 2590 514 2644 ad
557 2588 680 2644 illos
702 2604 722 2644 .·
753 2587 1127 2644 Paenitentiam
1162 2588 1320 2658 apice,
1368 2595 1418 2641 et
1466 2587 1761 2659 baptizetur

189 2686 539 2755 tentusquisque
551 2692 779 2739 uestrum
796 2682 853 2737 in
881 2682 1237 2737 remissionem
1262 2690 1593 2752 peccatorum
1616 2682 1757 2754 (Act.

189 2792 252 2842 ιι,
280 2774 496 2846 57-58).

259 2868 379 2932 Non
409 2869 585 2924 solum
607 2877 787 2924 autem
812 2883 908 2939 per
934 2866 1226 2938 apostoloS‚
1258 2881 1447 2923 verum
1471 2865 1632 2921 etiam
1666 2880 1762 2936 per

187 2975 537 3019 successores
571 2975 762 3018 eorum
809 2960 958 3017 viros
1010 2958 1339 3031 apostolicos
1378 2968 1431 3015 et
1462 2957 1760 3015 catholicos

187 3055 257 3116 ad
305 3054 827 3114 consummationem
867 3053 1200 3111 tabernaculi
1256 3052 1389 3119 veri,
1448 3052 1594 3123 quod
1646 3052 1763 3107 lixit

189 3148 355 3215 DeuS,
388 3154 444 3203 et
470 3161 578 3202 non
615 3147 800 3219 bomo,
826 3144 1070 3217 eiusdem
1116 3142 1452 3199 tabernaculi
1505 3157 1762 3197 consum-

189 3255 367 3297 mator
404 3238 637 3311 Spiritus
674 3238 763 3295 ubi
799 3238 906 3294 uult
952 3237 1142 3310 spirat,
1183 3244 1232 3291 et
1274 3251 1447 3290 vocem
1470 3234 1583 3305 ejus
1611 3235 1761 3289 audis

189 3351 289 3406 per
307 3333 602 3400 hominem,
632 3330 1067 3404 qualemcunque
1106 3329 1255 3385 verbi
1306 3327 1637 3395 ministrum,
1672 3327 1761 3381 sed

100 3466 104 3467 ff
191 3426 379 3492 nescis,
405 3425 542 3480 uncle
564 3425 760 3491 veniat,
799 3433 889 3479 uut
914 3438 1015 3494 quo
1033 3421 1189 3478 vadat
1216 3419 1396 3490 (loon.
1429 3437 1513 3485 ιιι,
1545 3419 1621 3490 8).
1653 3418 1762 3475 Ne·-

190 3518 303 3574 scis
359 3514 911 3590 praedestinationem,
962 3512 1106 3569 unde
1160 3512 1327 3578 venit,
1374 3511 1554 3567 nescis
1599 3509 1761 3564 linem

189 3607 702 3674 consummationis,
741 3621 852 3678 quo
872 3605 1052 3662 vadat.
1092 3603 1479 3659 Verumtamen
1504 3603 1609 3658 boc
1638 3616 1765 3656 vere

190 3705 372 3763 sciens
412 3701 558 3773 quod
595 3716 784 3757 vocem
809 3699 929 3772 ejus
955 3697 1135 3765 audis,
1187 3696 1620 3767 quotiescunque
1669 3707 1764 3763 per

190 3810 573 3868 quemcunque
608 3793 833 3850 verbum
874 3790 1121 3849 veritatis
1143 3788 1323 3854 audis,
1343 3787 1455 3843 noli
1483 3786 1764 3858 negligen-

191 3899 277 3946 ter
300 3886 491 3944 audire
524 3900 736 3952 vocem,
759 3873 851 3956 per
878 3898 1043 3955 quam
1072 3879 1477 3940 tabernaculum
1509 3877 1604 3936 Dei
1633 3891 1765 3934 con-

192 3988 521 4048 summatur,
561 3979 676 4036 sive
703 3986 815 4035 tota
840 3975 1103 4045 Ecclesia,
1135 3975 1251 4032 sive
1295 3973 1549 4046 quaelibet
1590 3971 1763 4029 eccle·

191 4074 416 4132 siastica
438 4086 691 4145 persona.
730 4069 871 4131 Audi
905 4066 1277 4141 principaliter
1310 4066 1491 4139 ipsum
1524 4062 1764 4122 Verbum

192 4169 533 4224 incarnatum
565 4161 802 4234 Spiritus
847 4160 1020 4218 saneti
1060 4174 1221 4215 voees
1264 4158 1321 4214 in
1354 4156 1645 4230 Evangelio
1670 4156 1766 4213 de·

192 4271 470 4333 promens.
511 4254 650 4311 Audi
675 4263 797 4324 post
818 4253 995 4324 ipsum
1023 4251 1311 4323 Apostolos
1332 4249 1472 4321 eius,
1495 4248 1624 4305 audi
1642 4257 1766 4320 post

1857 406 1987 446 num
2018 391 2297 461 sapientia:
2327 390 2587 445 condensa
2631 389 3033 462 Scripturarum
3058 390 3352 460 revelantis,
3375 399 3427 446 et

1857 499 2029 537 cervos
2053 483 2423 553 praeparantis.
2993 547 2999 556 ‚

1926 572 2302 642 Quodcunque
2330 572 2525 627 borum
2550 570 2876 642 spiritalium
2899 570 3168 627 donorum
3193 571 3289 632 tibi
3320 587 3425 629 vox

1855 664 2074 719 Domini
2123 664 2430 730 annuntiet,
2472 664 2600 719 audi
2643 678 2764 718 cam
2801 663 3049 730 libenter,
3079 673 3140 719 ut
3172 650 3428 738 sis'beni-

1855 756 2015 811 volus
2053 754 2316 811 auditor:
2353 754 2479 810 audi
2530 754 2909 825 intelligenter,
2959 764 3019 809 ut
3065 755 3143 811 sis
3186 748 3424 812 docilis:

1856 847 1984 902 audi
2009 846 2341 913 obedienter,
2380 855 2441 901 ut
2478 846 2556 902 sis
2584 854 2844 914 attentus,
2871 855 2925 904 et
2958 857 3116 903 caute
3171 848 3429 904 observes

1856 935 1990 1006 quid
2019 934 2114 990 tibi
2141 950 2247 990 vox
2267 934 2450 991 divina
2488 934 2749 1000 insinuet,
2784 951 2906 1007 quae
2930 935 3086 1006 iuxta
3113 937 3428 993 vaticinium

1857 1028 2012 1085 lsaiae
2045 1029 2115 1084 ab
2154 1028 2329 1086 acutis
2354 1028 2620 1100 incipiens
2658 1030 2837 1101 primo
2865 1029 3126 1102 Spiritum
3152 1030 3430 1101 sapientiae

1857 1121 2060 1192 posuit,
2089 1119 2286 1176 deinde
2311 1119 2637 1185 intellectuS,
2666 1121 2820 1177 etsie
2852 1111 3227 1177 descendendo
3256 1137 3429 1193 usque

1858 1212 1926 1267 ad
1948 1212 2197 1267 timorem
2226 1212 2545 1283 gravissime
2569 1219 2853 1268 sonantem
2886 1212 3023 1269 bene
3069 1222 3427 1283 repraesenta-

1857 1303 1937 1359 vit
1961 1301 2239 1359 Christum
2271 1302 2339 1359 de
2362 1304 2593 1360 summis
2620 1303 2686 1360 ad
2716 1305 2824 1358 ima
2848 1303 3282 1361 descendentem.
3306 1304 3427 1361 Tibi

1858 1412 1989 1452 vero
2015 1396 2415 1454 ascendendum
2445 1404 2531 1452 est
2570 1394 2639 1450 ab
2665 1394 2790 1450 imis
2819 1396 2886 1451 ad
2927 1412 3161 1463 summa,
3202 1397 3254 1452 id
3289 1405 3372 1453 est
3396 1401 3436 1454 a·

1857 1487 2053 1545 timore
2076 1487 2143 1543 ad
2167 1486 2526 1557 sapientiam:
2560 1486 2684 1542 ideo
2715 1486 2812 1542 tibi
2850 1503 2882 1541 a
2922 1486 3176 1559 gravibus
3209 1487 3429 1544 chordis

1859 1574 2124 1631 initianda
2178 1581 2309 1631 sunt
2367 1582 2572 1646 septem
2633 1574 2953 1630 discrimina
3010 1576 3177 1632 νοεῖς.
3246 1575 3431 1648 ltaque

1859 1665 2039 1736 primo
2073 1665 2200 1721 audi
2256 1680 2445 1721 vocem
2498 1665 2791 1721 terrificam
2833 1682 2998 1738 supet·
3026 1682 3198 1739 aquas
3238 1679 3431 1724 tonan-

1858 1764 1966 1812 tem
1990 1765 2044 1812 et
2064 1756 2300 1828 graviter
2339 1765 2621 1812 sonantem
2650 1776 2663 1812 :
2695 1766 2970 1827 postremo
2996 1760 3188 1815 mediis
3210 1760 3430 1816 chordis

1857 1848 1914 1904 in
1949 1848 2054 1905 boc
2081 1846 2348 1905 Psalterio
2370 1849 2485 1905 sive
2507 1849 2717 1904 cithara
2742 1849 2845 1904 ista
2873 1852 3204 1907 transcensis
3243 1852 3431 1909 audies

1857 1956 2046 1996 vocem
2096 1950 2253 1997 acute
2280 1949 2593 2008 sonantem,
2625 1948 2681 1996 et
2717 1940 2989 1997 condensa
3026 1940 3429 2013 seripturarum

1858 2032 2210 2100 revelantem,
2233 2032 2289 2087 in
2315 2030 2569 2103 praesenti
2606 2030 2826 2102 quidem
2853 2030 2962 2087 vita
3000 2047 3066 2088 ex
3096 2041 3266 2102 parte,
3298 2032 3427 2103 quia

1859 2140 2007 2180 nunc
2027 2138 2093 2180 ex
2125 2132 2274 2195 porte
2299 2124 2679 2195 cognoscimus,
2704 2131 2755 2177 et
2775 2138 2840 2177 ea:
2869 2132 3019 2194 parte
3062 2123 3430 2194 prophetamus

1861 2214 1911 2287 (Ι
1939 2214 2178 2272 Corinth.
2221 2229 2342 2282 xnt,
2370 2212 2560 2283 9):1n
2609 2213 3078 2269 consummatione
3124 2223 3304 2270 autem
3350 2224 3433 2270 ta-

1859 2305 2162 2373 bernaculi,
2193 2304 2414 2376 quando
2445 2302 2681 2375 Spiritus
2714 2311 2901 2360 noster
2940 2304 3046 2359 erit
3073 2303 3127 2358 in
3153 2304 3432 2362 consortio

1859 2396 2147 2468 spirituum
2184 2395 2574 2467 angelicorum,
2594 2394 2709 2464 jam
2745 2408 2857 2451 non
2883 2395 2988 2452 erit
3017 2396 3158 2452 ultra
3205 2396 3432 2451 conden-

1858 2505 1997 2557 sum,
2027 2488 2228 2560 aliquid
2255 2488 2698 2559 imperspicuum.
2726 2485 2944 2542 Interim
2966 2502 3116 2553 vero,
3147 2494 3207 2542 ut
3225 2487 3430 2544 dictum

1859 2588 1964 2645 est,
2019 2580 2365 2647 obedienter,
2427 2578 2686 2646 libenter,
2759 2575 3116 2649 intelligenter
3181 2579 3433 2634 audiatur

1861 2671 1992 2744 quid
2023 2669 2259 2741 Spiritus
2287 2669 2432 2725 dicat
2459 2667 2712 2725 Ecclesiis
2739 2685 2834 2740 per
2852 2678 3059 2740 septem
3081 2682 3264 2734 voces,
3288 2669 3430 2726 dotia

1865 2761 2191 2833 septiformis
2229 2761 2409 2833 grati-,tt
2453 2781 2566 2817 atta.-
2602 2773 3062 2815 utuninsufflantes.
3095 2758 3231 2815 Num

1941 2857 2097 2909 ’ft-1115.
2129 2873 2178 2909 .,·ι.
2237 2853 2345 2905 Ψυπι·
2373 2853 2582 2905 fluitanti
2618 2869 2770 2921 super
2798 2873 2978 2920 caspius,
3010 2853 3190 2906 I'ritut)
3216 2851 3282 2907 de
3308 2868 3432 2910 ora·

1865 2949 1985 3005 euin
2045 2949 2225 3001 curnis
2281 2945 2570 3001 [mundium
2630 2961 2722 2997 mur
2784 2945 2990 2997 tiramni
3046 2943 3223 2999 minuit
3276 2961 3434 3015 super

1865 3057 2045 3109 ussum,
2089 3041 2137 3091 itt
2181 3049 2261 3089 uel.
2305 3037 2722 3105 Stl‘pssrltttlwtis,
2754 3037 2842 3105 ψιί
2882 3045 3027 3089 ut'urtl
3066 3037 3190 3091 lluti
3218 3044 3272 3093 et
3314 3037 3431 3092 dis·

1865 3133 2041 3185 maluti„
2085 3133 2285 3185 Deinde
2317 3129 2718 3201 [it:t·.-i.1·:-ufitultits
2754 3133 2888 3181 fleus
2918 3131 3229 3198 niuji-*stuliffi
3270 3130 3322 3187 id
3348 3139 3432 3186 est

1865 3225 2097 3289 Equi-itus
2149 3233 2369 3277 Sutrium-3.
2421 3221 2646 3273 intimuit
2698 3237 2854 3289 aiij-mr
2898 3241 3058 3289 aquus
3102 3221 3317 3288 multas,
3376 3220 3431 3276 id

1861 3325 1941 3366 *est
1969 3325 2357 3385 stlpurgeniufi.
2409 3313 2542 3365 Nam„
2586 3329 2734 3381 infuit-²
2778 3313 2974 3377 mititte,
3026 3313 3203 3381 paululi
3253 3312 3427 3368 multi.

1865 3409 1957 3461 'iri
1993 3409 2105 3477 ipsi:
2149 3409 2397 3461 [liniatus
2425 3417 2550 3461 :title
2594 3405 2978 3473 Ari-mutabimur!
3014 3416 3295 3477 fulminum
3347 3415 3433 3463 est

1861 3501 2137 3570 put-tulus,
2173 3509 2353 3570 pbstea
2389 3497 2441 3550 ἰιι
2465 3499 2662 3554 ιῗῑιτΙιιιιι
2694 3501 2898 3554 letatus
2930 3497 3066 3550 Dens
3114 3499 3429 3569 mnjestatis,

1865 3610 2089 3662 maguus·
2117 3602 2166 3646 ul
2197 3593 2493 3646 inuuunt-tufi
2530 3590 2654 3646 imin:
2682 3594 2930 3654 intonuit,
2958 3610 3062 3646 nun
3090 3606 3245 3658 super
3265 3607 3431 3661 aquas

1865 3698 2063 3754 tutunus
2089 3682 2141 3734 'itt
2181 3682 2361 3738 lutiam
2397 3694 2626 3750 titutum,
2678 3686 2770 3738 neti
2806 3686 2858 3734 iu
2914 3694 3026 3734 tuti]
3056 3681 3258 3736 mundo
3278 3697 3434 3751 super

1865 3790 2025 3842 tiques
2053 3774 2265 3826 *imitas*
2293 3774 2413 3828 hitto
2441 3774 2586 3838 dieu,
2614 3774 2862 3834 fulminis„
2894 3774 3018 3838 quia
3050 3774 3246 3827 talibus
3274 3771 3433 3841 aquis

1865 3870 2113 3922 timorem
2137 3866 2385 3930 insumit,
2417 3866 2530 3922 sit-e
2558 3866 2754 3920 Judseis
2790 3866 3026 3918 tentando
3050 3866 3114 3918 de
3146 3862 3289 3918 nube
3311 3877 3433 3918 car-

1865 3962 1949 4014 nis
2005 3958 2229 4026 Ciuis-ti,
2281 3958 2397 4014 sit-e
2453 3958 2698 4030 gentili-us
2754 3958 2986 4010 tonitrua
3042 3954 3433 4009 entnmovendo

1865 4066 1961 4122 per
1993 4050 2301 4118 stpt'tst=ulns,
2321 4050 2493 4118 quint
2526 4050 2694 4102 nubes
2726 4046 2974 4102 volabant
2994 4046 3046 4098 iu
3074 4056 3186 4098 tutu
3206 4042 3427 4100 mundo.

1869 4142 1957 4194 :iic
1989 4142 2281 4194 intonando
2317 4142 2538 4194 immisit
2582 4138 2854 4198 timorum*
2898 4138 2986 4206 qui
3026 4146 3106 4190 est
3138 4135 3349 4190 initium
3377 4142 3433 4189 et

1865 4238 2037 4306 primu
2065 4238 2257 4302 gratim
2301 4234 2590 4302 Pristqnarn
2633 4249 2758 4286 ι’·[πῡ
2802 4232 3090 4302 piu-terruit
3142 4243 3256 4294 ros,
3308 4227 3432 4283 aliis

191 4351 486 4424 Apostolos
520 4350 671 4406 viros
703 4346 1052 4419 apostolicos,
1103 4352 1158 4401 et
1202 4343 1249 4400 si
1292 4342 1418 4416 quis
1463 4341 1563 4399 tibi
1615 4339 1763 4396 aliud
1794 4349 1841 4407 1)
1867 4327 1937 4383 ad
1983 4343 2042 4384 8⁰
2085 4325 2367 4382 conversls
2416 4324 2521 4380 sust
2548 4323 2798 4379 habimus
2825 4337 2982 4393 δι*ΡΗ
3015 4336 3180 4394 “4⁸⁰³
3212 4319 3429 4375 ”wum-

192 4443 528 4516 evangelizat
552 4457 715 4513 quam
747 4439 843 4506 illi,
873 4437 1163 4495 anathema
1191 4435 1287 4493 tibi
1309 4435 1399 4495 sit.
1442 4433 1766 4509 Quicunque

193 4547 377 4601 autem
402 4535 636 4606 idipsum
669 4531 946 4604 praedicat,
975 4530 1120 4601 quod
1147 4529 1244 4595 illi,
1287 4545 1383 4600 per
1427 4528 1606 4599 ipsum
1643 4525 1767 4584 illos

192 4629 344 4694 audi,
381 4627 510 4700 quia
542 4642 647 4683 vox
676 4623 938 4691 veritatiS,
962 4639 1071 4678 nou
1092 4637 1195 4676 vox
1225 4620 1484 4687 hominiS,
1527 4619 1622 4676 sed
1667 4634 1767 4674 vox

192 4721 412 4778 Domini
438 4728 540 4786 est,
576 4718 693 4775 sive
724 4717 813 4773 illa
856 4732 960 4772 vox
994 4713 1233 4769 insinuet
1261 4712 1513 4767 timorem
1549 4709 1765 4767 Domini

192 4829 351 4883 super
377 4827 563 4882 aquas,
588 4809 902 4880 fluctivagas
935 4814 1145 4862 mentes
1172 4811 1482 4872 terrentem,
1514 4803 1629 4858 sive
1652 4802 1766 4872 pie-

192 4904 324 4959 tatis
359 4903 611 4959 virtutem
665 4900 887 4957 mitibus
929 4896 1316 4963 blandientem,
1365 4895 1480 4950 sive
1525 4893 1768 4952 scientiae

193 4996 642 5067 maqnificentiom
666 5036 681 5059 ,
738 5010 861 5067 quae
913 4992 1088 5049 beatis
1143 4989 1452 5063 lugentibus
1499 4996 1767 5060 praeparat

191 5088 623 5144 consolationem
645 5085 1009 5159 magnificam,
1037 5083 1151 5140 sive
1180 5083 1383 5172 dpnum
1409 5080 1763 5148 fortitudinis,

190 5178 398 5247 cedros,
431 5179 485 5235 id
510 5188 588 5236 est
616 5178 865 5234 homines
889 5172 1352 5248 praesumptuosos
1390 5182 1445 5231 et
1467 5174 1606 5229 altos
1633 5186 1767 5229 con-

191 5270 500 5340 fringentiS,
559 5270 675 5326 sive
736 5268 940 5324 donum
995 5267 1235 5334 consilii,
1274 5281 1386 5338 quo
1435 5263 1769 5319 interciditur

192 5361 415 5437 flammo
458 5360 689 5432 peccati,
726 5376 794 5416 ne
820 5360 948 5415 dum
978 5361 1228 5422 sentitur,
1261 5359 1433 5415 eidem
1461 5355 1768 5413 consentia-

191 5464 305 5521 tur,
357 5454 472 5512 sive
506 5454 711 5509 donum
749 5451 1075 5517 intellectuS,
1122 5465 1234 5522 quo
1281 5450 1544 5504 desertum
1596 5445 1765 5503 Codes

191 5545 517 5611 concutitur,
547 5551 608 5599 υι
630 5541 785 5613 quasi
831 5549 1013 5595 aratro
1051 5539 1412 5609 intelligentiae
1445 5546 1585 5597 terra
1615 5533 1767 5605 prius

189 5631 409 5699 deserta
435 5632 799 5699 concutiatur,
829 5640 882 5685 et
909 5629 1002 5696 liat
1028 5644 1153 5700 ager
1177 5604 1474 5710 seeundusJ
1492 5637 1544 5684 et
1567 5625 1636 5683 sit
1656 5623 1763 5680 Ca-

1867 4418 1986 4476 Non
2010 4427 2189 4475 autem
2218 4417 2425 4475 destitit
2456 4417 2728 4482 intonare,
2763 4414 2938 4471 donec
2962 4413 3054 4468 illa

1938 4509 2101 4566 Vens.
2130 4510 2185 4565 t.
2224 4507 2334 4564 Vox
2361 4507 2587 4564 tonitrui
2613 4506 2829 4560 Domini
2860 4503 3000 4560 sacta
3028 4511 3111 4559 est
3135 4504 3193 4557 in
3216 4502 3425 4557 virtute.

1865 4601 2021 4672 Quod
2042 4611 2171 4657 tunc
2196 4599 2399 4657 sactum
2425 4607 2530 4665 est,
2569 4613 2695 4654 cum
2730 4595 2982 4666 adjuncta
3022 4594 3220 4665 pietate
3246 4593 3429 4649 timori

1868 4694 2107 4762 Domini,
2148 4707 2311 4766 quem
2350 4692 2524 4758 timet,
2576 4689 2743 4746 coluit
2799 4694 3048 4744 creatura
3093 4686 3428 4752 Creatorem,

1865 4790 2012 4863 quod
2034 4797 2118 4845 est
2143 4789 2338 4855 virtus,
2365 4785 2574 4841 seilicet
2590 4783 2771 4840 cultus
2794 4796 2922 4853 erga
2953 4780 3143 4837 Deum.
3172 4778 3311 4836 Huic
3335 4780 3432 4835 ad·

1866 4881 2013 4938 ditur
2045 4877 2158 4934 Vox
2178 4876 2390 4932 Domini
2410 4877 2466 4930 in
2493 4874 2880 4945 maqniticentia
2903 4887 3149 4944 operum,
3165 4870 3249 4926 vel
3268 4871 3429 4927 etiam

1867 4971 2277 5037 miraculorum,
2306 4969 2360 5023 in
2384 4966 2586 5039 quibus
2620 4965 2855 5037 Spiritus
2882 4963 3122 5021 scientiae
3164 4963 3345 5028 datur,
3371 4970 3432 5015 ut

1866 5065 2095 5133 seilicet,
2120 5064 2214 5135 qui
2243 5061 2300 5117 in
2326 5060 2476 5117 cultu
2500 5057 2595 5114 Dei
2624 5065 2730 5126 est,
2770 5057 2910 5116 sciat
2938 5056 3172 5126 qualiter
3212 5069 3273 5113 se
3304 5061 3432 5124 agat

1866 5158 1922 5215 in
1955 5155 2241 5229 praesenti3
2274 5162 2330 5209 et
2372 5150 2522 5209 addit
2563 5150 2725 5207 etiam
2773 5149 2917 5206 Deus
2961 5145 3430 5220 magnificentiam,

1865 5267 1989 5324 quae
2025 5249 2340 5321 magnificos
2374 5244 2523 5301 facit.
2562 5242 2688 5300 flaec
2728 5250 2812 5298 est
2850 5240 3016 5297 etiam

1938 5345 2105 5400 Vens.
2142 5344 2196 5399 5.
2236 5342 2347 5396 Vox
2367 5339 2581 5397 Domini
2610 5332 2989 5405 confrinqentis
3035 5330 3239 5398 cedros,
3270 5327 3323 5385 id
3349 5336 3435 5385 est

1867 5439 1923 5495 in
1958 5435 2287 5493 contritione
2311 5432 2494 5490 cordis
2520 5427 2814 5486 humilians
2852 5423 3116 5496 superbos
3151 5422 3220 5478 de
3259 5421 3432 5493 genti·

1868 5530 1973 5586 bus
2005 5548 2018 5582 :
2043 5535 2092 5582 et
2117 5534 2296 5581 cedros
2319 5522 2532 5589 Libani,
2564 5519 2618 5575 id
2645 5528 2730 5574 est
2771 5516 2944 5587 magis
2970 5528 3249 5586 proceros,
3274 5511 3329 5567 id
3348 5519 3434 5567 est

1870 5618 2132 5690 superbos
2155 5616 2369 5673 ludaeos
2398 5616 2453 5671 in
2489 5611 2695 5668 ultimis
2716 5607 3072 5682 temporibus,
3097 5605 3314 5666 quando
3340 5621 3430 5662 re·-
