3817 6000
326 192 465 250 titt)

1292 194 1601 253 GEnnom
1638 198 2025 257 rna-:Postu
2062 202 2604 260 ntzlcutzttst‘rznc.

3441 210 3589 268 ¹120

332 304 646 375 ruptibilem
682 321 943 362 coronam
973 306 1264 377 accipiant.
1310 307 1493 365 Tertia
1534 312 1785 381 pastione
1827 313 1908 369 sic
1936 320 1984 375 Α
2009 314 2213 384 aspiret
2238 314 2378 383 dies,
2403 325 2457 370 et
2493 316 2826 373 inclinentur
2869 319 3078 375 umbrae
3099 320 3280 391 (Cant.
3311 338 3371 388 ιι,
3404 323 3516 395 17).
3557 344 3580 379 ι

322 405 620 468 pascantur
646 413 776 454 oves
799 409 908 454 tam
942 399 1286 470 majusculis,
1308 417 1472 472 quam
1495 402 1679 472 parvis
1710 404 1898 474 agnel-

325 489 396 545 lis
429 490 687 561 majoreS,
725 501 787 546 ut
834 510 852 543 ι
897 506 1008 546 non
1044 511 1063 543 ›
1092 493 1165 547 sit
1203 510 1223 544 ι
1266 493 1469 548 sterilis
1514 494 1656 549 inter
1687 509 1783 551 eas
1807 536 1823 563 ,
1873 517 1895 548 u

325 583 421 639 sed
459 602 478 634 ‹
516 598 709 639 omnes
738 583 989 655 gemellis
1030 583 1234 642 fetibus
1267 584 1448 656 (Cant.
1489 602 1564 654 tv,
1590 586 1648 659 2)
1682 607 1700 642 ι
1727 588 1902 644 abun·

323 676 492 743 dent,
527 676 727 748 quibus
775 676 861 733 lac
915 693 1076 733 suum
1113 678 1336 749 copiose
1382 679 1715 737 ministrent.
1743 679 1899 748 Quod

324 768 470 823 enim
499 783 596 838 per
626 765 960 838 hujusmodi⁴
983 783 1114 824 oves
1143 768 1198 824 in
1240 766 1485 826 Ecclesia
1523 770 1903 841 significentur

324 861 710 932 perfectissimi
736 869 792 917 et
820 861 1132 930 fortissimi,
1163 876 1231 916 ex
1249 861 1355 918 boc
1377 862 1730 934 agnoscimus
1755 864 1902 935 quod

326 953 383 1008 in
414 952 657 1008 Canticis
692 951 1032 1007 canticorum
1065 965 1282 1022 sponsae
1303 966 1417 1008 suae
1438 953 1572 1009 dicit
1610 969 1850 1025 sponsus
1883 975 1899 1011 ε

330 1062 351 1095 ι
390 1043 589 1099 Dentes
612 1043 693 1099 tui
717 1038 1087 1115 sicut'greges
1112 1054 1420 1114 tonsarum,
1446 1060 1570 1116 quae
1596 1047 1902 1104 ascendunt

327 1134 397 1190 de
424 1134 643 1189 lavacro
681 1149 874 1190 omues
904 1134 1153 1206 gemellis
1181 1133 1406 1205 fetibus,
1447 1145 1503 1192 et
1546 1138 1750 1194 sterilis
1792 1154 1901 1194 non

325 1235 413 1282 est
439 1225 582 1280 inter
609 1239 705 1280 eas
751 1225 930 1296 (ibim,
957 1241 1036 1294 vt,
1068 1225 1148 1293 5).
1187 1245 1207 1280 ι
1249 1226 1390 1283 Cum
1442 1243 1574 1300 ergo
1621 1230 1900 1297 dentibus,

323 1332 561 1389 quorum
583 1316 763 1372 officio
797 1324 971 1372 totum
1005 1332 1208 1389 corpus
1232 1319 1500 1390 pascitur,
1523 1320 1904 1378 assimilantur

324 1390 457 1466 oves
481 1449 497 1473 ,
527 1408 614 1464 vel
658 1409 849 1465 dentes
879 1408 1074 1466 ovibus
1109 1426 1123 1464 ε
1151 1410 1314 1480 plane
1361 1411 1748 1482 cognoscimus
1798 1427 1901 1468 no-

323 1498 475 1555 mine
502 1497 690 1555 ovium
720 1497 1022 1570 significari
1058 1512 1290 1570 magnos
1333 1499 1631 1572 magistros
1661 1500 1901 1556 nutrito-

324 1604 416 1645 res
438 1590 793 1661 gemellorum
818 1589 1051 1657 fetuum,
1074 1589 1169 1661 qui
1192 1605 1318 1647 cum
1344 1588 1516 1648 Paulo
1539 1591 1758 1648 valeant
1777 1607 1902 1650 esse

327 1679 585 1736 omuibus
611 1680 796 1736 omnia
820 1680 1200 1752 praepollentes
1222 1681 1438 1751 gemina
1463 1681 1664 1738 virtute
1685 1681 1903 1752 sapien«
1929 1665 1974 1721 Β

333 1769 424 1825 tiae
451 1776 507 1825 et
534 1770 839 1839 prudentiae
868 1768 1054 1825 Mariae
1079 1779 1134 1826 et
1152 1769 1409 1839 Marthae,
1440 1772 1565 1827 vitae
1596 1786 1662 1828 ac
1694 1771 1902 1828 doctri-

328 1875 434 1929 nae,
457 1861 658 1932 quibus
681 1870 942 1933 tanquam
972 1860 1208 1933 geminis
1238 1862 1502 1920 uberibus
1532 1864 1795 1935 gemellos
1820 1862 1906 1920 se-

328 1963 420 2011 tus
449 1956 699 2010 nutriant
729 1953 1082 2025 imperfectos
1112 1963 1169 2011 et
1192 1954 1488 2026 perfectos..
1513 1955 1720 2012 mundo
1743 1964 1904 2012 uten-

331 2060 433 2114 tes,
459 2055 512 2103 et
542 2046 807 2103 mundum
836 2055 1267 2117 contemnentes,
1314 2047 1559 2121 agnellos
1608 2056 1662 2106 et
1705 2064 1900 2121 agnoS,

328 2140 539 2199 activos
558 2148 614 2197 et
643 2140 1117 2211 contemplativos.

398 2231 632 2291 lstarum
686 2232 870 2289 ovium
917 2252 937 2286 ι
978 2233 1090 2290 duo
1128 2233 1296 2290 ubera
1332 2234 1473 2292 sicut
1520 2234 1631 2291 duo
1684 2232 1899 2290 hinnuli

326 2341 538 2397 capreae
572 2327 806 2399 gemelli,
843 2327 938 2398 qui
976 2335 1277 2400 pascuntur
1300 2328 1358 2383 in
1382 2328 1532 2396 liliis,
1562 2328 1734 2385 donec
1756 2329 1902 2400 aspi-

327 2431 414 2477 ret
473 2421 592 2477 dies
615 2463 631 2486 ,
675 2429 730 2477 et
779 2420 1114 2478 inclinentur
1150 2422 1361 2478 umbrae
1398 2423 1576 2495 (ibim,
1615 2439 1716 2491 vn,
1748 2424 1826 2492 5),
1874 2442 1897 2477 ι

332 2513 553 2585 pascuis
583 2513 875 2570 uberrimis
902 2529 967 2569 ac
1003 2514 1282 2572 deliciosis
1313 2515 1702 2588 impinguanda
1749 2526 1898 2585 sunt,

327 2607 590 2678 quoniam
621 2621 763 2677 saepe
785 2615 1057 2679 suguntur
1084 2623 1115 2663 a
1146 2609 1263 2665 suis
1292 2609 1545 2680 gemellis
1563 2607 1783 2676 fetibuS,
1813 2611 1903 2666 vel

329 2699 659 2770 spiritualia,
683 2700 767 2754 vel
796 2699 960 2755 etiam
985 2701 1286 2770 corporalia
1315 2701 1650 2756 nutrimenta
1674 2701 1901 2771 exigen-

331 2792 560 2859 tibus,et
581 2792 817 2863 quadam
848 2791 938 2862 pia
957 2791 1420 2861 inopportunitate
1449 2793 1693 2864 sugendo
1719 2801 1904 2849 extors-1

327 2884 623 2954 quentibus
650 2883 719 2938 ab
751 2883 887 2952 ipsis
912 2884 1184 2939 maternis
1219 2883 1483 2939 uberibus
1513 2885 1599 2939 lac
1641 2900 1809 2940 suave
1835 2900 1901 2941 ac

331 2978 527 3041 [lullum
571 2978 711 3042 qum!
755 2978 800 3030 ai
846 2994 950 3026 mnu
1000 2978 1322 3042 inuenerint,
1377 2975 1594 3033 balatus
1645 2976 1901 3033 emittunt

335 3070 643 3138 querula-*3:1³
671 3070 1124 3122 :murmurationis
1160 3086 1266 3135 [ιτ-,Ε
1288 3069 1456 3124 nimio
1477 3068 1690 3125 defectu
1723 3069 1778 3124 in
1807 3070 1903 3126 ali·-

339 3158 535 3214 tnntt‘iifi
567 3158 647 3210 *dcl
679 3162 872 3214 tuentis
908 3158 984 3210 rel
1020 3162 1284 3226 limparis.
1316 3156 1387 3213 Et
1429 3174 1556 3214 cum
1607 3159 1904 3216 trahuntur

331 3254 399 3306 aul
435 3254 723 3310 mulctram
771 3258 872 3306 ista
912 3254 1076 3306 utun-n
1104 3294 1116 3318 ,
1152 3254 1252 3306 nisi
1292 3253 1510 3310 ubertas
1533 3254 1691 3310 lactis
1728 3255 1782 3310 in
1819 3256 1904 3313 eis

335 3346 643 3402 inveniatur
671 3390 687 3414 ,
728 3346 783 3402 1ιί
828 3346 920 3418 qui
960 3362 1020 3398 ea
1060 3346 1334 3418 mulgent,
1373 3362 1500 3404 cum
1538 3348 1702 3405 nimis
1739 3348 1901 3406 sorti-

335 3451 415 3491 tur
451 3447 703 3507 premant
731 3439 848 3507 ipsa
880 3455 1060 3491 marra
1096 3443 1296 3507 ubera,
1317 3439 1544 3496 eliciunt
1576 3441 1903 3514 sanguine-

331 3547 431 3599 prn
471 3531 627 3583 laute.

399 3623 647 3679 Crudelis
671 3623 783 3679 hwa
804 3632 1008 3679 tartara
1036 3627 1264 3679 uberum
1288 3640 1460 3696 usque
1480 3625 1548 3682 ad
1575 3628 1902 3699 sanguinem

331 3711 655 3767 eliciendum
687 3731 820 3783 pene
856 3715 1160 3787 cniltigerat
1200 3715 1412 3787 maguis
1435 3716 1657 3786 :ovibus
1682 3759 1699 3786 ,
1736 3718 1790 3774 id
1819 3728 1905 3775 est

331 3807 627 3875 amimalia,
655 3807 876 3875 -quandu
912 3807 1084 3863 fartus
1116 3819 1200 3863 est
1248 3822 1501 3864 murmur
1560 3808 1901 3880 Graecorum,

330 3911 421 3964 eo,
444 3897 589 3968 quod
619 3914 726 3955 non
749 3899 887 3955 bene
908 3909 1334 3971 procurarentur
1360 3900 1417 3957 in
1439 3901 1747 3960 ministerio
1773 3919 1906 3975 quo-

331 3990 539 4046 tidiano
562 3990 738 4047 viduae
761 4006 954 4048 eorum
980 3991 1120 4065 (Act.
1146 4007 1222 4060 vt,
1253 3993 1330 4062 1).
1358 3991 1451 4049 Sic
1485 3994 1634 4051 enim
1663 4010 1764 4067 pro
1805 3996 1902 4051 tali

331 4097 615 4140 murmure
655 4084 899 4141 sedando
941 4084 1209 4156 apostoli,
1241 4094 1301 4141 ut
1346 4086 1571 4156 quidam
1625 4088 1901 4157 volebant,

332 4174 524 4231 relicto
551 4177 721 4232 verbo
745 4176 800 4231 in
830 4176 1137 4232 ministerio
1171 4190 1487 4232 mensarum
1526 4176 1763 4235 fuissent
1806 4194 1904 4234 an-

334 4266 526 4337 gariati
554 4308 570 4333 ,
609 4277 870 4339 tanquam
899 4267 1155 4323 laceratis
1184 4276 1238 4323 et
1267 4267 1499 4323 nimium
1527 4269 1734 4339 pressis
1765 4270 1901 4327 uhe-

331 4358 487 4414 ribus
519 4373 627 4414 non
658 4359 762 4421 lac.
793 4359 886 4416 sed
910 4359 1135 4431 sanguis
1179 4358 1377 4415 luisset
1405 4375 1723 4432 expressus,
1772 4365 1903 4436 quia

332 4452 581 4523 neglecto
611 4452 666 4507 in
694 4461 846 4508 tanta
877 4452 1228 4509 multitudine
1283 4454 1452 4512 verbo
1496 4454 1593 4511 Dei
1641 4471 1903 4529 corpora-

335 4546 467 4598 lium
515 4546 904 4602 licressitatum
952 4547 1351 4627 quantumlibet
1412 4549 1660 4606 studiosa
1718 4552 1904 4622 provi-

335 4642 511 4694 dentia
555 4642 782 4694 minime
828 4642 932 4694 [lea
976 4640 1166 4698 ruisset
1204 4651 1426 4713 accepta
1450 4683 1468 4710 ,
1506 4652 1564 4699 et
1597 4642 1685 4700 his
1718 4653 1903 4700 tamen

335 4730 527 4786 fuisset
563 4746 816 4798 cinerosa,
852 4734 1049 4802 quilius
1076 4733 1389 4805 importune
1412 4734 1609 4792 suisset
1645 4745 1898 4793 extorta:

335 4843 431 4879 ner
459 4831 1009 4895 exspectareturimle
1029 4827 1337 4897 praemium,
1366 4826 1459 4884 sed
1489 4843 1649 4899 poena
1677 4837 1903 4900 propter

339 4919 579 4971 unatim-is
635 4931 688 4971 et
736 4919 960 4987 patioris
988 4918 1117 4974 boni
1163 4919 1565 4992 negligentiam.
1612 4917 1721 4977 Sed
1774 4921 1903 4993 quia

331 5011 527 5063 Petrus
563 5011 844 5079 apostulus
888 5020 1003 5067 arat
1028 5028 1060 5067 a
1084 5012 1331 5083 principe
1371 5022 1653 5084 pastorum
1694 5012 1903 5070 consti-

332 5107 485 5158 tutus
511 5116 621 5157 non
645 5102 823 5160 solum
846 5118 1011 5173 super
1040 5118 1233 5175 agnos,
1262 5103 1357 5160 sed
1377 5104 1543 5160 etiam
1568 5119 1731 5175 super
1749 5118 1901 5171 oves,

334 5192 587 5264 utrisque
614 5194 888 5266 sapienter
911 5203 968 5249 et
985 5195 1279 5266 prudenter
1316 5194 1571 5265 providit,
1597 5195 1818 5265 quando
1849 5202 1903 5249 et

335 5284 671 5342 multitudini
695 5301 986 5359 agnorum,
1016 5286 1130 5343 sive
1158 5302 1422 5358 agnarum
1469 5287 1766 5358 praeposuit
1798 5286 1906 5342 mi-

334 5391 500 5434 nores
529 5378 816 5436 ministros
842 5395 1180 5447 mensarum,
1212 5389 1268 5436 et
1300 5380 1492 5437 sibiae
1518 5382 1730 5438 caeteris
1760 5380 1906 5451 Apo-

336 5468 496 5525 stolis
511 5478 771 5541 tanquam
794 5470 1094 5543 grandibus
1114 5479 1169 5527 et
1197 5472 1456 5529 lactuosis
1480 5472 1676 5528 ovibus
1698 5472 1753 5528 in
1779 5487 1906 5543 pas-

339 5556 461 5613 cuis
489 5559 783 5617 uberrimis
803 5561 967 5633 elegit
995 5576 1219 5632 campos
1264 5562 1565 5619 latissimos
1611 5561 1741 5617 liliis
1785 5561 1904 5631 ple-

344 5663 483 5717 nos,
539 5650 670 5723 quia
717 5652 853 5710 tales
898 5667 1031 5711 oves
1079 5663 1383 5724 pascuntur
1412 5654 1468 5709 iu
1490 5652 1639 5721 liliis,
1672 5670 1691 5705 t
1730 5652 1904 5710 donce

2007 405 2154 462 Dixit
2181 422 2312 478 ergo
2340 408 2456 479 ipse
2484 411 2763 480 apostolus
2786 409 2979 468 Petrus
3007 432 3022 468 ε
3056 431 3076 465 ι
3112 411 3231 469 Νοιι
3253 423 3340 471 est
3361 431 3587 488 aequum

2000 500 2378 572 derelinquere
2402 517 2503 559 nos
2532 504 2758 558 verbum
2787 503 2904 571 Dei,
2935 514 2990 560 et
3011 507 3325 571 ministrare
3347 511 3586 569 menda.

2000 591 2196 665 Eligite
2224 592 2281 647 in
2304 592 2462 649 vobis
2484 593 2634 649 viros
2659 595 2852 664 plenos
2878 596 3169 667 sapientia,
3194 613 3336 669 quos
3370 600 3587 657 consti·

2001 693 2222 741 tuamus
2246 699 2412 755 super
2441 685 2546 741 boc
2569 701 2728 756 opus.
2759 685 2872 743 Nos
2898 697 3078 744 autem
3104 692 3358 759 orationi,
3387 702 3441 747 et
3470 695 3586 748 mi-

2000 774 2229 832 nisterio
2270 775 2423 845 verbi
2464 777 2733 835 instantes
2763 782 2970 837 erimus
2999 780 3142 852 (Act.
3170 798 3247 850 ιιι,
3273 782 3310 838 2
3355 793 3410 840 et
3437 784 3516 858 3).
3555 804 3577 838 ι

2004 864 2214 923 Revera
2260 883 2498 940 namque
2528 869 2706 925 oratio
2748 878 2805 926 et
2837 872 3155 942 praedicatio
3199 876 3583 944 apostolorum

2001 966 2160 1014 erant
2185 973 2390 1030 pascua
2424 960 2700 1018 uberrima
2726 1001 2740 1027 ,
2784 961 2853 1018 de
2913 963 3114 1035 quibus
3173 966 3277 1039 ipsi
3312 977 3584 1041 tanquam

2003 1065 2132 1106 oves
2169 1065 2435 1123 agnorum
2477 1063 2683 1110 matres
2735 1054 3048 1112 habuerunt
3093 1057 3261 1114 ubera
3311 1060 3379 1117 de
3435 1063 3582 1118 coelo

2003 1140 2163 1211 plena
2193 1182 2209 1209 ,
2249 1142 2497 1213 gemellis
2532 1142 2734 1200 fetibus
2759 1144 3064 1203 nutriendis
3090 1148 3431 1205 abundanter
3459 1152 3584 1208 sus·

2002 1232 2239 1289 ficientia
2264 1275 2280 1301 ,
2321 1242 2431 1289 tam
2471 1235 2528 1290 in
2566 1237 2896 1307 corporibus
2954 1253 3119 1308 quam
3174 1239 3229 1294 in
3286 1242 3582 1299 animabus

2003 1324 2254 1382 fovendis
2283 1334 2339 1381 et
2369 1327 2679 1396 pascendis.
2707 1326 2844 1383 Nam
2875 1329 2943 1384 de
2989 1330 3260 1400 spirituali
3286 1343 3444 1403 pastu
3493 1335 3583 1390 di-

2003 1414 2278 1477 ctum‘est
2305 1460 2321 1486 ,
2360 1420 2508 1490 quod
2551 1438 2571 1473 ι
2611 1420 2813 1476 virtute
2852 1437 3048 1494 magna
3101 1425 3398 1482 reddebant
3444 1442 3586 1498 apo-

2003 1509 2129 1567 stoli
2181 1511 2556 1567 testimonium
2605 1515 3028 1570 resurrectionis
3072 1514 3201 1573 Jesu
3239 1516 3443 1574 Christi
3467 1561 3485 1579 .
3521 1530 3584 1577 ct

2004 1603 2178 1674 gratia
2211 1619 2409 1676 magna
2438 1613 2558 1661 erat
2583 1604 2641 1660 in
2683 1606 2943 1662 omnibus
2987 1607 3096 1663 illis
3127 1608 3269 1680 (Act.
3300 1626 3377 1678 tv,
3398 1611 3515 1681 55).
3553 1631 3577 1666 ν

2004 1693 2167 1750 Omni
2192 1707 2376 1753 autem
2402 1696 2490 1752 die
2516 1696 2573 1751 in
2603 1697 2830 1768 templo,
2856 1707 2912 1754 et
2934 1699 3079 1756 circa
3097 1700 3294 1759 domos
3316 1717 3428 1758 non
3458 1719 3586 1761 ces-

2002 1788 2200 1845 sabant
2233 1788 2494 1846 docentes
2523 1798 2580 1845 et
2602 1790 3040 1862 evangelizantes
3060 1791 3341 1850 Christum
3363 1794 3581 1852 «lesum.

2002 1878 2072 1935 Et
2093 1880 2318 1936 verbum
2346 1879 2565 1936 Domini
2586 1880 2870 1938 crescebat
2901 1889 2956 1937 et
2989 1882 3456 1953 multiplicabatur
3482 1903 3587 1941 nu-

2001 1988 2192 2030 merus
2219 1972 2618 2044 discipulorum
2648 1973 2706 2029 in
2728 1972 3033 2031 Jerusalem
3060 1975 3235 2032 valde.
3271 1975 3346 2033 De
3373 1994 3584 2051 ¹corpo-

2001 2065 2105 2122 rali
2130 2066 2295 2122 etiam
2315 2074 2474 2136 pastu
2493 2067 2759 2139 scriptum
2783 2075 2886 2134 est,
2913 2067 3061 2138 quod
3094 2086 3114 2121 ι
3143 2082 3254 2123 ιιοιι
3281 2079 3398 2124 erat
3423 2071 3586 2140 quis-

2003 2171 2172 2227 quam
2211 2171 2380 2228 egens
2427 2156 2572 2213 inter
2595 2171 2714 2213 eos.
2744 2155 3027 2229 Quotquot
3054 2158 3200 2215 enim
3231 2174 3585 2230 possessores

2003 2264 2290 2321 agrorum,
2312 2256 2408 2306 aut
2435 2249 2722 2306 domorum
2750 2260 2927 2318 erant,
2954 2250 3253 2307 vendentes
3282 2251 3586 2308 afferebant

2002 2343 2179 2413 pretia
2194 2356 2409 2409 eorum,
2428 2349 2808 2413 et·posuerunt
2827 2350 2952 2398 ante
2973 2341 3141 2412 pedes
3181 2343 3580 2413 apostolorum.

2004 2432 2358 2491 Dividebatur
2408 2444 2591 2490 autem
2648 2434 2901 2504 singulis,
2959 2444 3124 2505 prout
3184 2435 3385 2506 cuique
3437 2452 3584 2508 opus

2003 2533 2123 2582 erat
2157 2524 2338 2597 (thiat,
2378 2524 2450 2581 5⁴
2479 2532 2534 2581 et
2580 2524 2693 2591 35).
2727 2544 2747 2578 ι
2781 2524 2938 2582 ‘tunc
2964 2541 3095 2583 oves
3134 2542 3346 2598 magnae
3388 2544 3585 2598 pasce·

2003 2615 2204 2672 bantur
2237 2615 2292 2671 in
2313 2616 2467 2686 liliis,
2485 2616 2748 2688 quoniam
2774 2617 2954 2673 sancti
2984 2619 3214 2689 apostoli
3235 2620 3584 2676 delectaban-

2005 2713 2095 2761 tur
2120 2714 2177 2762 et
2203 2706 2259 2761 in
2290 2706 2676 2777 spiritualibus
2703 2707 3015 2764 orationum
3041 2717 3095 2764 et
3124 2709 3580 2780 praedicationum

2002 2797 2235 2865 deliciiS,
2264 2806 2318 2853 et
2348 2797 2401 2852 in
2433 2797 2594 2854 bonis
2623 2797 2752 2854 filiis
2778 2807 3039 2870 tanquam
3070 2800 3125 2854 in
3154 2801 3398 2871 pulchris
3424 2800 3580 2869 liliis,

2002 2897 2055 2943 et
2083 2887 2186 2958 ipsi
2208 2903 2399 2943 eorum
2429 2886 2527 2943 mit
2556 2897 2818 2960 tanquam
2849 2888 2994 2945 setus
3031 2890 3245 2962 gemelli
3271 2890 3495 2963 perfecti
3524 2901 3583 2949 et

1929 3003 1971 3063 C
2005 2977 2309 3051 imperfecti
2363 2978 2676 3037 babuerunt
2721 2980 2880 3039 lactis
2927 2980 3243 3041 alimoniam
3302 2984 3581 3056 geminam

2003 3087 2100 3144 per
2131 3087 2322 3127 sanam
2361 3073 2738 3143 apostolorum
2771 3074 3106 3143 doctrinam,
3129 3085 3186 3132 et
3209 3075 3415 3149 largam
3439 3078 3581 3133 divi-

2002 3170 2120 3217 tum
2146 3162 2574 3236 eleemosynam,
2602 3179 2837 3235 quorum
2863 3165 3020 3237 copia
3042 3181 3346 3237 pauperum
3369 3168 3579 3225 Christi

2002 3263 2135 3310 tunc
2155 3253 2426 3326 supplevit
2458 3254 2699 3326 inopiam
2726 3255 2883 3327 iuxta
2913 3255 3071 3313 Pauli
3097 3255 3345 3329 Apostoli
3373 3261 3587 3317 doctri·

2001 3359 2131 3400 nam
2157 3342 2211 3415 (1
2217 3342 2384 3416 1,Cor.
2407 3359 2527 3414 vm,
2552 3346 2665 3404 w.

2063 3434 2208 3493 ¹Sine
2235 3436 2404 3493 dubio
2423 3446 2555 3493 tunc
2576 3435 2732 3494 suisti
2772 3453 2984 3494 memor
3027 3441 3426 3497 miserationum
3456 3451 3583 3498 tua-

2004 3545 2124 3583 rum
2148 3570 2165 3598 ,
2211 3528 2436 3585 Domine
2459 3572 2477 3599 ,
2520 3539 2572 3585 et
2614 3531 3100 3587 misericordiarum
3130 3542 3374 3603 tuanmt,
3397 3552 3516 3607 Μ
3544 3554 3583 3590 a

2003 3619 2199 3675 soecule
2221 3629 2367 3677 sunt.
2399 3620 2609 3676 Delicta
2634 3636 2854 3694 quoque
2889 3624 3183 3695 juventutis
3202 3665 3218 3690 ,
3245 3634 3296 3680 et
3323 3627 3583 3697 ignoran-

2007 3711 2110 3766 tias
2154 3720 2374 3768 tuorum
2422 3711 2582 3784 quasi
2635 3715 2889 3771 nesciens
2933 3715 3295 3775 dissimulasti
3351 3729 3582 3790 propter

2003 3802 2406 3873 poenitentiam.
2438 3801 2507 3857 Et
2535 3802 2660 3861 ideo
2688 3806 3025 3876 pastoribus,
3049 3816 3105 3863 et
3132 3810 3330 3865 ovibus
3357 3825 3584 3881 pascuae

2003 3905 2114 3953 tuae
2150 3898 2207 3953 in
2255 3898 2346 3953 illa
2384 3898 2661 3971 primitiva
2712 3898 2955 3956 Ecclesia
3011 3902 3273 3957 rorabant
3321 3904 3442 3960 coeli
3483 3904 3584 3959 de·

2004 4004 2191 4061 super,
2220 3999 2278 4047 et
2311 3992 2486 4049 nubes
2518 3991 2780 4063 pluebant
2796 3994 3009 4064 justum
3038 4011 3054 4049 :
3079 3994 3426 4064 aperiebatur
3456 4005 3579 4051 ter-

2004 4096 2089 4149 ra,
2121 4090 2175 4138 et
2203 4083 2547 4154 germinabat
2580 4082 2942 4141 Salvatorem.
2993 4083 3152 4141 Nunc
3194 4093 3377 4141 autem
3407 4086 3584 4143 coelo-

2003 4189 2128 4230 rum
2158 4186 2214 4231 et
2260 4175 2402 4232 aeris
2445 4176 2798 4247 intemperies
2820 4218 2837 4245 ,
2869 4177 3050 4248 qualis
3085 4185 3203 4234 erat
3239 4178 3326 4235 vel
3357 4193 3455 4250 per
3492 4178 3584 4233 ni-

2004 4266 2150 4323 mias
2184 4268 2402 4339 pluvias
2438 4268 2762 4326 imminente
2800 4269 3010 4327 diluvio
3035 4312 3054 4339 ,
3091 4270 3180 4327 vel
3216 4286 3315 4342 per
3347 4271 3583 4327 nimiam

1939 4352 1983 4407 D
2012 4361 2311 4419 siccitatem
2356 4360 2412 4415 in
2447 4361 2785 4432 temporibus
2829 4360 2962 4418 Eliae
2984 4404 3001 4429 ,
3051 4371 3320 4419 terrarum
3358 4378 3586 4435 quoque

2004 4455 2138 4511 olim
2189 4453 2455 4511 fertilium
2489 4454 2659 4510 nimia
2695 4454 2960 4512 sterilitas
3008 4455 3215 4511 indicio
3252 4466 3384 4512 sunt
3419 4456 3583 4514 nobis

2005 4547 2102 4604 irae
2141 4556 2249 4603 tuae
2269 4546 2607 4602 imminentis
2633 4561 2732 4618 pro
2770 4546 2985 4603 delictis
3017 4547 3588 4621 iuventutisetigno-

2004 4638 2201 4695 rantiis
2233 4638 2458 4694 nostris.
2494 4637 2745 4710 Amplius
2774 4649 2957 4694 autem
2990 4638 3167 4695 sames
3200 4640 3352 4695 verbi
3386 4648 3440 4695 et
3472 4640 3584 4696 do·

2004 4729 2194 4786 ctrinae
2220 4729 2497 4798 salutaris,
2522 4738 2578 4784 et
2605 4744 2803 4800 magna
2826 4729 3056 4798 penuria
3078 4728 3240 4801 digne
3264 4728 3582 4785 docentium

2004 4833 2060 4879 et
2101 4824 2265 4895 digne
2301 4823 2636 4880 audientium
2694 4831 2946 4878 sanctum
2999 4822 3356 4895 Evangelium
3406 4822 3583 4879 coele·

2005 4917 2106 4973 stis
2140 4919 2234 4973 irae
2270 4924 2419 4973 certa
2455 4924 2584 4971 suut
2617 4915 2838 4972 indicia.
2878 4914 3017 4970 Nam
3044 4915 3150 4970 etsi
3179 4923 3308 4972 sunt
3350 4914 3582 4981 alicubi,

2006 5011 2103 5082 qui
2140 5008 2378 5066 Verbum
2409 5009 2506 5065 Dei
2537 5008 2771 5064 libenter
2804 5006 3065 5074 audiant,
3090 5006 3310 5075 desunt,
3355 5006 3450 5078 qui
3483 5007 3582 5078 :di-

2007 5111 2157 5159 cant.
2195 5101 2331 5158 ltem
2371 5102 2418 5159 si
2460 5110 2592 5158 sunt
2619 5098 2846 5167 alicubi,
2874 5098 2969 5170 qui
3000 5097 3240 5155 Verbum
3276 5096 3372 5154 Dei
3402 5098 3584 5155 liben-

2009 5203 2091 5249 ter
2127 5202 2384 5265 erogent,
2419 5206 2533 5248 non
2558 5191 2763 5247 habent
2788 5206 2908 5258 eos,
2937 5191 3032 5262 qui
3057 5191 3221 5263 digne
3243 5190 3581 5247 auscultent.

2005 5285 2142 5341 Nam
2198 5286 2301 5343 soli
2342 5306 2359 5337 ι
2389 5284 2574 5357 ,amici
2633 5285 2949 5340 auscultant
3010 5282 3193 5354 (Cant.
3228 5299 3350 5354 vm,
3377 5283 3506 5356 ¹5);
3551 5302 3575 5338 a

2008 5377 2213 5433 inimici
2243 5392 2406 5443 vero,
2434 5391 2669 5448 quorum
2721 5377 2900 5447 major
2941 5385 3026 5433 est
3051 5391 3318 5433 numerus
3340 5417 3358 5445 ,
3392 5376 3573 5433 insul·

2010 5478 2142 5524 tant.
2175 5459 2242 5524 Et
2271 5469 2317 5525 si
2348 5477 2499 5535 sunt,
2541 5469 2743 5541 quibus
2778 5470 3059 5526 abundent
3095 5469 3429 5526 charismata
3455 5469 3577 5540 spi-

2005 5561 2210 5630 ritalia,
2240 5562 2438 5619 desunt
2464 5562 2546 5619 eis
2579 5562 2887 5633 corporalia
2912 5570 3343 5619 sustentamenta
3363 5603 3383 5629 ,
3433 5576 3578 5634 quo-

2008 5668 2131 5709 rum
2164 5653 2329 5711 nimia
2355 5653 2584 5713 deiectio
2615 5644 2700 5712 vel
2727 5653 3212 5725 murmurationis,
3237 5653 3323 5711 vel
3346 5652 3580 5712 alterius
