3817 6000
207 113 277 203 1493
684 147 836 204 GEllllOlll
856 146 1051 204 PRAEPOSlTl
1072 135 1346 237 detenuissemus.
1762 148 1840 204 ltus

204 274 258 320 tem
280 265 375 337 uitato.
393 263 454 320 Non
469 264 543 319 dicat
565 265 624 320 illi:
643 265 755 323 Osteude
778 266 852 321 nodio
870 266 989 333 Patrem,
1005 269 1029 326 Α
1043 275 1107 328 tem,
1127 280 1209 335 quam
1223 263 1296 319 dedit
1310 264 1413 319 bomini
1425 263 1457 319 ad
1471 262 1610 319 dexteram
1623 279 1701 319 suam
1716 263 1840 332 sedenti,

183 366 230 426 ,et
244 358 339 426 sufficit
353 357 428 411 notis
442 356 534 425 (toan.
551 373 607 421 stt,
622 358 674 430 8.),
693 361 773 431 quasi
793 376 846 416 nou
859 359 916 431 ipse
932 359 991 416 sul-
1043 364 1071 411 et
1085 357 1203 411 exaltato
1223 370 1276 411 nou
1292 356 1381 412 solum
1397 355 1584 425 superomnia
1601 355 1755 410 accidentia
1771 372 1838 410 mu-

203 448 287 511 llebri,
307 448 363 503 imo
375 447 402 502 in
422 448 481 518 ipso
495 448 545 503 sibi
555 465 666 515 ,omnum
683 450 873 507 sufficientium
889 452 993 508 consti·
1044 444 1204 499 tabilitatem
1220 445 1246 498 iu
1267 445 1349 500 rebus
1360 444 1498 513 facientia,
1516 444 1660 501 sedetiam
1676 461 1763 517 super
1776 461 1839 499 om-

204 548 273 607 tuat,
290 539 480 609 quoniamqui
494 539 575 599 babet
589 540 701 607 Filium,
723 542 804 598 babet
824 550 851 597 et
870 541 990 610 Patrem,
1043 536 1087 589 uia
1108 537 1229 607 subjecta
1254 537 1464 593 mutabilitatum
1487 545 1515 592 et
1537 536 1719 592 accidentium
1738 552 1838 593 susce·

202 632 250 701 qui
270 631 343 685 videt
356 629 467 694 Filium,
484 631 557 686 videt
570 641 597 687 et
612 632 732 689 Patrem.
756 631 878 689 Sufficiat
892 633 991 689 animm
1041 628 1155 697 bliblliu·

202 737 270 776 metu
299 736 403 775 eerreuo
431 724 587 792 serpentino
605 725 759 780 intoxicatae
784 726 936 780 antidotum
956 725 990 780 de
1078 718 1161 790 igitur
1174 720 1265 777 :ttrirna
1279 737 1339 776 mea
1352 721 1480 787 carnalis,
1492 721 1607 795 fragilis,
1621 720 1775 784 mutabilis,
1791 738 1838 776 ar·

201 828 265 868 uera
298 811 467 867 humanitate
505 805 625 885 ueraque
655 815 795 870 divinitate
824 814 989 881 conlectum,
1042 812 1118 877 deus,
1139 812 1234 869 sitiens
1249 811 1394 877 Deitatem,
1415 813 1611 878 fortitudinem,
1634 812 1835 868 immortalita-

202 902 319 959 sufficiat
338 903 364 961 ei
385 918 486 958 manua
505 903 583 960 cibus
603 906 922 976 angelorumcujusest
940 922 991 977 gu·
1041 910 1095 955 tem
1129 912 1201 957 recte
1233 903 1346 957 intendit
1377 902 1411 958 ad
1436 902 1513 971 Cure,
1532 904 1559 957 id
1583 902 1835 960 estadClrristum

201 1005 261 1069 stus
273 996 352 1067 quasi
365 996 461 1052 similae
482 1011 544 1052 cum
559 997 638 1053 nielle
650 999 692 1053 vel
707 999 785 1069 quasi
800 1000 878 1069 panis
896 999 988 1062 oleati,
1041 993 1126 1048 Duum
1148 996 1253 1065 futtern,
1274 996 1369 1061 virum.
1386 1004 1416 1060 ul
1429 1005 1455 1051 et
1471 995 1529 1066 iilia
1543 995 1694 1061 deitteerur,
1720 994 1835 1052 tunsur-

199 1089 266 1159 quia
295 1089 385 1144 simila
417 1087 604 1145 mundissimae
628 1091 806 1146 lrumanitatIs
830 1107 891 1145 cum
910 1093 990 1147 melle
1040 1095 1123 1152 tetur,
1148 1086 1309 1141 vivificetur·
1333 1085 1479 1142 Delficelur
1503 1088 1661 1143 iuhaereutlu
1683 1104 1736 1143 8110
1750 1104 1835 1158 supe-

199 1178 244 1235 tel
263 1178 324 1234 oleo
344 1178 496 1235 divinitatis
515 1179 551 1233 ita
564 1189 606 1236 est
620 1181 760 1251 sapienda,
781 1188 810 1236 ut
824 1198 856 1236 ex
871 1181 988 1250 duabus,
1039 1178 1117 1243 riori,
1133 1186 1160 1233 et
1174 1177 1345 1233 euniortetur
1357 1178 1390 1234 ad
1413 1178 1482 1233 berte
1502 1179 1650 1250 regendum
1666 1194 1750 1234 suum
1762 1178 1836 1235 iufe-

200 1276 228 1326 οι
240 1269 269 1324 ιιι
283 1269 390 1326 duatus
405 1271 512 1327 staturis
525 1273 603 1341 panis
620 1287 691 1328 unm
706 1271 866 1345 purpuranum
888 1273 988 1328 tutetu-
1040 1267 1109 1333 riou
1124 1267 1289 1336 vividorum,
1309 1284 1370 1324 nea
1387 1268 1433 1323 uti
1447 1270 1512 1336 viu,
1527 1285 1607 1339 quam
1619 1268 1769 1325 desursum
1788 1286 1835 1324 ue-

200 1368 291 1429 gatur‚
307 1359 334 1413 in
355 1361 605 1430 quemamodum
623 1378 704 1432 quem
727 1363 881 1418 desiderant
900 1364 988 1436 angeli
1039 1356 1120 1425 uellit,
1135 1365 1162 1410 θῑ
1178 1355 1300 1437 inscribi
1322 1358 1426 1424 illlum,
1449 1360 1614 1429 quaudoque
1637 1369 1773 1414 mutetur.
1791 1358 1836 1415 ΒΞ·

199 1449 368 1520 prospicere,
383 1451 514 1520 quodiam
531 1452 601 1507 ultra
617 1453 706 1522 ipsum
721 1453 789 1508 nibil
808 1466 860 1520 est,
880 1454 908 1509 iu
931 1472 988 1527 quo
1039 1447 1139 1502 millies
1161 1448 1251 1503 anima
1275 1449 1358 1505 totius
1379 1448 1524 1517 13⁶0!ssle
1548 1450 1603 1506 Vlla
1628 1451 1736 1507 scilicet
1765 1452 1835 1506 reli·

198 1551 227 1597 ut
240 1539 319 1596 Patet·
334 1551 362 1599 et
374 1539 494 1612 Spiritus
513 1552 626 1599 sauctus
639 1553 691 1612 ost,
707 1545 811 1614 quique
832 1543 988 1601 unusDeus
1040 1536 1115 1609 glosa
1140 1538 1236 1596 officiis
1257 1540 1358 1599 divitiis
1377 1543 1542 1613 mancipata,
1562 1553 1589 1597 el
1609 1544 1667 1614 ipsa
1687 1544 1835 1601 deificetur

199 1635 279 1691 tortis
292 1644 320 1691 er
332 1636 411 1691 vivus
422 1643 464 1690 est
478 1652 532 1690 unu
546 1651 610 1692 eum
623 1635 703 1691 Patre
718 1652 780 1701 suo,
793 1637 839 1708 qui
859 1647 923 1693 anre
938 1652 989 1694 sa·
1005 1602 1025 1660 Β
1040 1633 1199 1688 iutraerrudu
1214 1649 1265 1689 suu
1279 1636 1424 1706 superiori,
1448 1646 1476 1691 et
1497 1636 1664 1692 contortum
1679 1637 1714 1692 ud
1734 1654 1836 1709 regur-

198 1729 290 1783 culum
307 1728 382 1783 illum
397 1727 499 1800 genuit,
516 1728 620 1799 quique
646 1728 673 1785 iu
692 1727 747 1783 line
760 1728 922 1784 sucularum
938 1746 989 1785 suu
1039 1724 1103 1779 dum
1117 1739 1197 1779 suum
1214 1725 1339 1793 iuferius,
1352 1728 1437 1785 totius
1449 1728 1552 1785 scilicet
1567 1729 1696 1785 Ecclesia
1711 1746 1834 1801 corpus;

198 1835 302 1888 amore,
325 1828 420 1875 sancto
441 1819 567 1875 videlieet
595 1818 716 1891 Spiritui
732 1821 869 1892 Virginem
892 1821 989 1878 secun·
1038 1826 1065 1871 et
1082 1816 1245 1884 liviticum,
1270 1834 1304 1874 ue
1328 1828 1453 1875 sanctum
1471 1821 1561 1878 virere
1585 1823 1734 1879 desursum
1759 1824 1834 1881 soci·

197 1910 281 1977 «lavit,
295 1920 323 1966 ut
339 1911 478 1967 homiaem
491 1911 624 1983 gigneret,
645 1913 724 1983 eujus
748 1910 827 1969 Pater
842 1915 901 1985 ipse
915 1914 988 1972 Deus
1038 1906 1125 1976 piens,
1139 1918 1166 1963 ct
1180 1908 1304 1964 inferiori
1318 1909 1514 1968 administrans
1535 1916 1701 1986 quaudoque
1723 1917 1834 1972 amittat

196 2012 278 2060 essct.
322 2074 324 2079 y
1038 2001 1317 2069 noxiaruutabilitate
1337 2005 1491 2060 velmorte.

234 2093 291 2148 b'ou
307 2110 373 2166 ergo
395 2095 465 2151 ultra
482 2097 581 2165 ipsum,
597 2096 643 2151 sed
658 2096 796 2167 adipsum
811 2108 883 2154 reete
901 2101 985 2154 sitivit
1073 2093 1201 2149 Ouuimu
1229 2113 1300 2161 utut·
1328 2096 1425 2153 sitiens
1440 2099 1475 2153 ad
1499 2097 1584 2153 lituu!
1609 2098 1708 2155 sortem
1737 2104 1833 2158 tivum

198 2186 366 2252 adiuratum,
382 2203 443 2256 quea
461 2203 512 2244 nee
525 2186 596 2242 inira
608 2187 698 2259 ipsum
719 2191 842 2262 requiem
865 2193 986 2249 invenire
1036 2199 1099 2238 ecce
1112 2185 1238 2241 invenisti
1253 2186 1348 2241 liorem
1361 2188 1513 2259 uirgineum
1536 2190 1644 2259 plenum
1664 2192 1831 2257 divinitatis,

197 2280 308 2349 poterit,
325 2296 376 2337 nec
394 2281 464 2336 ultra
484 2281 573 2352 ipsum
593 2296 717 2352 quarere
732 2284 834 2354 aliquid
853 2300 922 2355 opus
937 2287 986 2342 ua.
1037 2276 1205 2333 lortitudinis
1223 2278 1339 2347 etrite,
1361 2281 1448 2351 gratia
1472 2283 1640 2339 otiositate!
1661 2300 1732 2356 suge
1754 2286 1832 2341 illum

198 2371 282 2427 bebit.
304 2370 382 2427 Unde
397 2381 423 2427 et
438 2373 524 2428 credit
545 2374 596 2443 ipsi
620 2374 742 2430 dicenti:
764 2374 856 2430 Vertite
876 2378 911 2431 ad
933 2393 983 2443 me,
1035 2378 1165 2439 tauquam
1183 2385 1266 2440 sagax
1288 2371 1405 2441 apicula,
1422 2388 1489 2445 suge
1503 2374 1562 2440 tibi,
1581 2391 1647 2447 ⁸⁰8⁸
1663 2378 1713 2432 iuli
1735 2376 1832 2434 Eud*

195 2461 285 2519 omues
313 2465 359 2534 qui
383 2464 529 2531 laboratis,
549 2475 573 2519 et
593 2467 697 2521 onerati
714 2469 795 2535 ertit,
815 2476 840 2523 et
859 2484 904 2539 epo
923 2468 984 2537 refi—
1039 2460 1087 2516 siae
1106 2461 1200 2517 diceus
1225 2463 1334 2518 assidue
1361 2463 1388 2517 in
1418 2466 1543 2520 oratioue
1567 2468 1599 2521 ad
1626 2467 1718 2537 ipsum
1744 2467 1832 2524 Deum

194 2554 318 2610 clumam
330 2553 439 2625 (Metti.
454 2571 492 2621 nt,
508 2555 565 2627 28).
578 2555 644 2613 ltem
661 2575 668 2612 z
686 2556 782 2618 Tollite
789 2558 885 2630 jugum
897 2576 983 2614 meniu
1034 2550 1257 2608 iortemritum:
1275 2550 1488 2618 Sanetusbeus,
1518 2567 1628 2613 sauctus
1651 2557 1746 2625 sortis,
1767 2576 1832 2615 sau·

196 2662 275 2714 super
290 2662 344 2710 tor,
365 2656 389 2701 et
403 2646 498 2702 discite
518 2664 534 2701 a
552 2663 602 2716 me,
622 2649 686 2719 quia
704 2650 777 2706 mitit
796 2665 866 2715 sum,
891 2659 917 2704 et
930 2651 982 2705 lm·
1034 2644 1278 2711 clusimmortalis,
1299 2645 1428 2703 miserere
1441 2648 1530 2703 uobis.
1556 2646 1674 2712 Sanetus
1695 2648 1772 2706 Deus
1786 2653 1830 2707 cui

195 2734 267 2788 milia
286 2736 373 2801 corde,
392 2745 416 2791 et
437 2736 572 2791 ittteuietis
591 2738 706 2806 requiem
724 2739 863 2795 atrimabur
878 2741 980 2796 uestris.
1035 2738 1109 2807 thus,
1133 2747 1245 2795 sauctus
1264 2740 1310 2795 cui
1330 2755 1440 2807 aurum,
1466 2750 1579 2796 sauctus
1601 2741 1770 2798 immortalis
1785 2744 1830 2799 cui

196 2824 721 2897 iugumenimmeammooeeatetenus
734 2831 886 2887 meamleoe
903 2831 979 2902 (ibid.
1034 2830 1146 2902 mun-tu
1168 2830 1290 2896 offertur,
1318 2831 1447 2886 miserere
1467 2832 1547 2886 uobis
1568 2832 1614 2887 tibi
1631 2832 1696 2889 thus
1711 2834 1831 2889 offeren-

195 2917 325 2988 wiltem
341 2918 460 2989 :Siquis
479 2920 551 2985 sitit,
565 2922 650 2974 ueniat
670 2920 705 2974 ad
724 2938 774 2988 me,
782 2931 806 2976 et
816 2919 898 2990 libat,
906 2933 930 2979 et
950 2923 982 2978 de
998 2954 1020 3012 C
1035 2922 1120 2990 tibus,
1139 2924 1203 2994 quia
1222 2932 1249 2979 te
1269 2922 1354 2979 ileum
1383 2922 1553 2979 adoraudum
1576 2934 1602 2979 et
1621 2924 1767 2981 sacrificiis
1780 2927 1831 2981 bo

193 3020 281 3066 tetrtre
294 3012 351 3081 ejus
362 3013 443 3082 duent
459 3029 533 3083 aquoe
555 3013 617 3068 uitta
633 3011 722 3084 (loon.
737 3030 784 3079 ιιι,
797 3012 853 3086 37).
865 3015 986 3074 Audiens
1038 3017 1191 3072 morandum
1207 3016 1367 3083 credimus;
1388 3032 1498 3083 aurum,
1518 3018 1582 3087 quia
1603 3033 1693 3089 regem
1717 3018 1829 3074 diuitem

196 3102 255 3157 baec
265 3103 354 3156 utrium
367 3119 503 3170 urea„nou
515 3104 657 3160 invenicus
674 3104 796 3175 requiem
811 3105 839 3160 iu
855 3121 884 3161 se
898 3122 986 3177 aeque
1037 3117 1064 3164 et
1078 3107 1175 3164 sortem
1191 3108 1325 3177 intumum
1349 3110 1499 3182 myrrham,
1521 3111 1584 3180 quia
1610 3109 1728 3166 mortale
1741 3127 1831 3182 quon·

195 3192 222 3247 iu
235 3192 434 3260 saeculo,sitioit
444 3193 571 3250 adituum
579 3194 891 3263 septemviramsivead
900 3196 986 3252 Deam
1037 3199 1099 3255 dam
1114 3215 1215 3269 corpus
1230 3209 1306 3255 tuum
1324 3200 1435 3272 myrrlta
1459 3200 1671 3256 immortalitatis
1685 3209 1713 3255 et
1740 3204 1831 3257 incor-

195 3285 290 3355 [ortem
310 3286 408 3352 uiuum,
427 3302 483 3357 quo
509 3287 620 3342 inuento
646 3304 700 3342 uou
725 3286 800 3344 sitiat
821 3288 902 3356 ultra,
920 3291 984 3362 quia
1036 3291 1174 3360 ruptionis
1200 3290 1341 3346 conditum
1370 3291 1560 3361 praedicamus.
1588 3290 1719 3347 lliserere
1753 3293 1831 3349 uobis

194 3379 265 3434 nibil
278 3387 319 3435 est
334 3379 417 3446 ultra,
434 3380 481 3450 qui
496 3380 578 3434 etium
593 3379 692 3436 sufficit
703 3395 785 3448 unus,
799 3381 930 3451 quianon
943 3395 986 3440 est
1037 3384 1153 3455 singulis
1165 3392 1191 3439 ct
1203 3383 1340 3440 universis
1360 3401 1366 3437 :
1384 3383 1511 3453 singulls,
1524 3391 1555 3437 ut
1566 3384 1681 3454 spiritus
1692 3383 1832 3454 cujusque

195 3472 281 3529 sulus.
296 3469 390 3543 Neque
404 3472 478 3526 enim
494 3473 535 3527 rel
550 3472 632 3528 bomo
653 3472 730 3529 solus
750 3481 794 3530 est
819 3474 924 3547 absque
943 3477 985 3531 di·
1037 3485 1161 3531 nostrum
1176 3484 1202 3531 et
1217 3475 1309 3530 anima
1321 3485 1348 3530 et
1367 3490 1467 3546 corpus
1485 3485 1510 3530 te
1532 3475 1614 3541 colat,
1628 3483 1653 3530 to
1675 3474 1786 3546 diligat,
1804 3483 1832 3532 te

193 3563 318 3633 sinitote,
343 3578 432 3635 neque
446 3561 533 3620 Filius
556 3563 632 3620 solus
655 3563 813 3635 cstabsque
829 3564 920 3632 Patre,
943 3568 985 3624 tel
1036 3579 1181 3625 uenturum
1204 3569 1290 3636 sitiat,
1304 3570 1352 3637 ita,
1374 3577 1404 3624 ut
1427 3570 1531 3640 integer
1545 3569 1659 3641 spiritus
1682 3579 1781 3625 noster
1803 3579 1832 3626 et

195 3652 297 3726 Sillim
310 3663 416 3722 saucto,
434 3670 494 3710 ⁰¹¹1ss
509 3663 536 3710 θῑ
550 3654 645 3721 b⁰ffl02
660 3655 734 3711 Salva
748 3665 852 3712 ⁰³1⁰?ae
872 3673 928 3712 811ae
943 3656 985 3712 1¹¹·
1036 3664 1126 3720 anima
1145 3671 1172 3719 et
1187 3676 1288 3732 eorpus
1310 3661 1369 3716 siue
1392 3661 1504 3731 querela
1525 3661 1553 3716 in
1578 3661 1727 3717 adtentum
1750 3672 1831 3717 tuum

194 3747 374 3804 destructibili
386 3748 516 3815 essentia,
532 3747 650 3804 sitbeus
664 3747 830 3816 ditissimus,
847 3765 879 3805 ae
899 3748 985 3804 Filius
1036 3765 1169 3812 sopiretur.
1194 3753 1303 3826 integer
1324 3753 1437 3822 spiritus
1462 3753 1511 3807 tibi
1530 3752 1586 3809 Deo
1601 3755 1666 3809 rbus
1680 3753 1780 3810 oderat
1801 3757 1829 3811 iu

194 3838 328 3896 ditissimi
343 3849 465 3905 vocetur,
481 3848 508 3894 et
524 3839 611 3896 Filius
627 3856 679 3895 uua
696 3857 758 3896 eum
773 3840 854 3897 Patre
875 3857 908 3897 ac
921 3841 984 3911 Spi-
1035 3829 1193 3908 saumario
1216 3847 1311 3903 muudi
1333 3846 1452 3917 ponimus
1472 3846 1578 3901 babens
1598 3846 1653 3901 iilic
1664 3847 1754 3902 num
1767 3849 1830 3919 ω’.

194 3931 248 3986 ritu
261 3941 356 3988 saneto
373 3948 444 3987 arnus
460 3932 618 3988 ditissimus
638 3941 712 3989 recte
734 3934 899 3990 nominetur.
923 3932 983 3989 Nou
1035 3942 1172 3998 minuatis
1196 3941 1306 4012 plenum
1332 3955 1441 4010 semper
1461 3940 1523 4011 igue
1535 3938 1702 3996 dilectionis.
1717 3939 1829 4012 lntegn

194 4021 266 4077 enim
283 4023 324 4078 vel
338 4023 431 4084 bomo.
448 4033 475 4079 et
498 4023 613 4080 Verbum
630 4025 685 4080 duro
709 4025 855 4092 ditissimi,
876 4025 918 4081 vel
930 4025 982 4081 Pa·
1034 4034 1115 4089 etiam
1138 4032 1229 4087 anima
1251 4031 1300 4087 tibi
1321 4029 1472 4086 fortissimo
1487 4029 1543 4100 regi
1565 4028 1662 4086 oderat
1675 4045 1777 4086 aurum
1794 4032 1831 4088 de

196 4122 246 4178 ter,
261 4112 358 4180 Filius,
375 4130 407 4170 ac
423 4114 544 4184 Spiritus
560 4124 672 4171 sauctus
687 4125 743 4171 tres
754 4116 886 4174 ditissimi
907 4126 982 4180 suut,
1036 4134 1083 4179 suu
1104 4123 1176 4179 dono
1191 4124 1224 4178 ad
1244 4122 1284 4178 tui
1310 4122 1417 4177 laudem
1441 4122 1508 4176 bene
1531 4121 1678 4192 disponens
1703 4124 1829 4194 regimen

193 4204 243 4260 sed
266 4221 338 4262 uuus
361 4206 530 4272 ditissimus,
555 4208 694 4276 quomodo
717 4223 770 4262 nou
791 4220 846 4263 tres
867 4208 915 4272 dii,
942 4211 983 4263 vel
1035 4231 1114 4274 suum
1128 4231 1176 4285 per
1191 4230 1287 4270 omues
1300 4221 1377 4269 artus
1396 4213 1594 4270 membrorum.
1607 4213 1745 4286 lntegrum
1758 4231 1829 4286 quo·

193 4304 249 4353 tres
260 4297 470 4367 omrripoteutcs,
484 4297 530 4352 scd
543 4313 614 4352 uirus
624 4295 803 4368 Omnipotens
813 4297 923 4368 dicitur,
934 4317 983 4357 ue·
999 4308 1019 4362 D
1034 4323 1087 4375 que
1103 4321 1202 4376 corpus
1218 4304 1266 4362 tibi
1288 4305 1427 4376 myrrham
1449 4320 1557 4376 semper
1570 4305 1677 4373 oderat,
1693 4304 1761 4361 dum
1778 4323 1829 4377 spe

191 4403 247 4460 que
261 4387 382 4444 Trinitas
396 4388 520 4455 Deitatis,
544 4390 586 4442 tel
600 4388 804 4459 omnipotentiae
820 4391 847 4445 iu
867 4408 983 4449 ttuutero

191 4492 372 4549 personarum
396 4479 480 4534 creuit
501 4481 604 4549 perid,
625 4481 697 4549 quod
723 4482 806 4538 bomo
829 4477 919 4540 lactus
941 4495 984 4541 est

193 4570 368 4640 omnipotens
387 4569 470 4636 bens,
484 4572 539 4628 imo
556 4574 628 4630 Deus
643 4571 731 4628 llomo
747 4589 801 4630 uua
815 4590 878 4631 cum
891 4574 981 4644 Patre,

193 4677 225 4718 ac
241 4659 344 4731 Spiritu
360 4653 457 4719 sancto
476 4674 518 4720 est
536 4681 608 4722 uuus
622 4664 789 4733 ditissimus,
803 4683 876 4724 unus
891 4670 983 4722 ononi«

191 4760 300 4821 potens,
317 4752 486 4819 numilem,
508 4771 580 4811 unus
605 4755 695 4821 lortis,
714 4773 787 4813 uirus
800 4758 981 4828 immortalis;

190 4844 255 4915 quia
269 4844 341 4900 sicut
353 4843 424 4900 Deus
438 4862 493 4902 nou
509 4848 641 4915 utoritur,
665 4848 705 4904 sic
719 4849 801 4905 bomo
815 4866 864 4908 sua
889 4851 981 4908 «livino

190 4936 300 4991 virtute·
315 4951 461 5008 resurgens
475 4955 509 4994 ex
530 4940 647 4996 mortuis
660 4941 716 5011 jam
740 4957 794 4996 nou
810 4943 935 5008 moritur,
955 4954 982 5000 et

189 5042 266 5083 mors
292 5028 330 5082 illi
361 5030 432 5085 ultra
450 5046 505 5086 nort
533 5032 730 5090 duutiuabitur.
749 5032 825 5090 Sicut
845 5034 918 5092 Deus
932 5036 982 5093 bat

192 5119 240 5176 bet
267 5122 517 5190 immortalitatem,
542 5126 568 5180 id
592 5137 634 5182 est
657 5127 917 5192 immutabilitatem,
942 5130 982 5184 sie

190 5215 276 5296 bouso
288 5217 315 5272 iu
331 5219 441 5274 dextere
458 5218 507 5274 bei
524 5221 622 5278 sedens
636 5220 716 5275 babet
736 5221 979 5276 immortalitatem.

189 5305 258 5362 Nam
283 5324 365 5365 omne
385 5311 459 5382 quod
475 5321 575 5368 astatu
589 5328 640 5367 suo
655 5313 683 5368 in
703 5313 788 5367 alium
800 5321 901 5368 statum
918 5329 980 5368 mu·

190 5407 276 5466 tatur,
302 5417 357 5458 uon
382 5403 533 5473 incongrue
564 5403 634 5458 mori
662 5403 772 5458 dicitur.
799 5400 876 5458 Unde
905 5403 981 5459 solus

154 5517 161 5532 ι
191 5489 264 5546 Deus
276 5496 386 5563 proprie
398 5495 561 5550 immortalis
575 5494 684 5561 dicitur,
700 5495 744 5565 qai
756 5493 827 5550 solua
843 5494 919 5548 itabat
931 5495 981 5547 im·

191 5584 379 5651 mortalitatem
399 5588 427 5656 (i
442 5587 509 5642 Tim.
526 5604 564 5657 vr,
588 5586 643 5656 lli),
659 5587 686 5643 id
706 5597 748 5645 est
772 5588 980 5644 immutabilita-

1034 4399 1247 4455 immortalitatis
1267 4414 1283 4453 a
1307 4399 1470 4455 mortalibus
1496 4399 1583 4471 culpis
1609 4409 1636 4454 et
1662 4401 1828 4470 corruptelis

1034 4491 1147 4546 omnino
1167 4506 1196 4546 se
1211 4490 1321 4557 alienat,
1345 4499 1373 4547 et
1396 4492 1474 4562 quasi
1493 4503 1565 4547 terra
1588 4492 1684 4550 sitiens
1708 4492 1825 4548 imbrem

1034 4582 1197 4637 matutinum
1212 4593 1238 4638 et
1251 4583 1402 4638 serotinum
1417 4591 1442 4637 te
1453 4581 1646 4638 vivificatorem
1658 4598 1740 4638 suum
1753 4599 1827 4639 nuuc

1033 4682 1060 4727 rt
1075 4676 1101 4729 in
1115 4674 1236 4730 futurum
1248 4684 1397 4745 exspectat.
1411 4674 1450 4730 lta
1461 4690 1527 4747 rogo
1540 4675 1655 4747 singulis
1666 4675 1826 4732 misericor·

1033 4765 1094 4820 dem
1108 4765 1166 4821 lore
1178 4766 1262 4820 Deum
1274 4766 1368 4836 {ortem
1378 4767 1474 4820 oiuttnt.

1070 4854 1209 4912 Uuirersis
1223 4865 1323 4921 autem,
1343 4855 1391 4910 toti
1409 4856 1535 4911 uidelicet
1546 4853 1673 4911 Ecclesia
1686 4863 1715 4911 tu
1729 4867 1825 4912 sancte

1034 4946 1115 5014 licus,
1141 4955 1234 5003 sancte
1257 4945 1345 5011 lortis,
1368 4953 1463 5000 saneto
1484 4945 1657 5011 immortalis,
1670 4946 1707 5000 ita
1740 4951 1825 5000 mise·

1033 5054 1104 5102 rere,
1131 5047 1160 5092 ut
1178 5048 1266 5094 totum
1291 5037 1375 5094 totius
1402 5034 1531 5091 Ecclesiae
1554 5036 1737 5092 sacerdotium
1760 5051 1826 5090 sau:

1032 5138 1106 5184 ctum
1124 5130 1172 5184 tibi
1191 5129 1246 5184 Deo
1268 5144 1333 5182 uero
1356 5128 1418 5183 titus
1433 5127 1529 5192 obruat
1555 5126 1760 5184 lucidissimum
1776 5144 1825 5198 pru

1032 5221 1165 5276 orationis
1190 5221 1330 5278 incensum
1355 5219 1533 5288 purissimum
1553 5227 1604 5275 :et
1623 5227 1711 5274 totum
1736 5221 1824 5276 totius

1033 5312 1160 5367 Ecclesiae
1178 5328 1291 5383 reguum
1308 5311 1575 5366 Cleristiauissimum
1597 5312 1647 5367 tibi
1671 5312 1739 5383 llegi
1758 5305 1823 5372 reru

1032 5414 1058 5466 et
1077 5403 1139 5457 lorti
1161 5404 1256 5458 oderat
1270 5418 1366 5457 aurum
1383 5418 1431 5472 per
1443 5403 1605 5458 exteriorem
1622 5402 1707 5458 diuini
1730 5405 1823 5462 cultus

1032 5504 1170 5560 ornatum,
1187 5495 1276 5564 qualis
1293 5504 1334 5549 cst
1349 5495 1375 5549 iu
1388 5495 1474 5550 sacris
1489 5495 1622 5562 vestibus,
1645 5495 1736 5551 aureis
1754 5497 1822 5552 cali·

1031 5585 1119 5656 cibus,
1137 5585 1243 5656 templis
1267 5586 1308 5641 rcl
1325 5586 1450 5643 eeclesiis
1464 5586 1613 5659 deauratis,
1637 5601 1669 5642 ae
1691 5586 1763 5642 bene
1777 5584 1822 5648 ‹ti-
1904 5602 1906 5612 ’
