3817 6000
184 206 238 267 955
660 200 814 262 uhhtlobt
835 201 1033 273 tempestat
1051 200 1329 260 haletthttseette.
1482 246 1487 255 .
1764 207 1812 263 alt

184 318 285 375 diendo
297 318 358 374 roci
371 319 431 391 eins
441 332 524 390 quarn
540 317 600 372 roci
619 315 678 381 Dei,
705 333 793 387 neque
809 333 839 374 se
852 319 879 372 in
892 333 975 388 parra
990 314 1137 379 Aludicic
1152 315 1259 371 Domini
1272 332 1332 373 nere
1347 320 1422 384 sunt,
1437 324 1462 370 et
1473 314 1637 386 jrrrtificutc,
1660 316 1725 387 quia
1745 316 1820 389 insto

186 426 216 466 re
227 411 374 478 continuit,
387 410 450 482 qnia
466 409 571 466 seilicet
588 425 689 480 partus
701 410 738 466 illi
754 426 833 466 amor
847 411 875 467 in
889 408 975 466 heum
1024 409 1130 481 iudicio
1149 408 1197 467 bei
1222 408 1344 476 romnis,
1368 406 1417 481 qui
1438 423 1467 465 se
1494 408 1605 475 exaltat,
1631 408 1821 466 humiliabitur
1904 426 1905 449 t

182 500 243 556 luit.
270 498 299 554 ln
327 501 419 571 partis
447 515 546 571 magna
571 499 692 556 charitas
717 501 893 571 comprobata
915 515 975 573 εει,
1026 499 1175 573 (haemi,
1191 501 1269 572 11).»
1290 499 1391 557 lterum
1417 507 1470 564 est,
1486 499 1534 572 qni
1549 500 1667 555 rtrultnrn
1693 499 1820 558 humilia·

181 591 292 662 quando
309 592 398 647 rirluae
411 590 536 646 offerenti
560 589 615 645 duo
630 590 736 647 ntitrnta
761 593 788 647 in
810 593 976 666 gazophyla-
1025 599 1071 645 tur
1082 591 1164 647 eliam
1177 591 1205 647 in
1224 607 1324 664 magno
1339 591 1423 658 dono,
1434 589 1477 645 rel
1497 589 1819 660 honoresibidirinittts,
1904 660 1905 667 ἵ

180 684 254 739 ciutn
270 682 332 754 plus
345 683 448 754 placuit
472 682 533 751 ejus
546 680 648 737 oblatio
668 697 750 754 quarn
764 684 878 739 diuitum
895 685 975 756 plura
1025 681 1235 740 rclbomanitus
1247 683 1360 751 collatu;
1372 688 1398 737 et
1409 683 1520 757 est‚·qui
1534 697 1631 752 parurn
1645 681 1818 751 humiliatur,
1904 712 1905 757 }

180 781 208 828 et
230 774 343 845 majora·
360 773 533 829 offerentium
548 772 626 845 (hoc.
642 790 699 843 xxx,
715 774 756 846 2).
783 774 884 833 ibidem
905 792 977 847 quo·
1024 774 1106 830 etiam
1125 790 1188 831 curn
1211 790 1307 845 parum
1323 775 1381 845 ipse
1395 775 1556 829 honoratur.
1577 773 1729 830 hlediorum
1757 790 1819 831 rere

178 869 276 938 quein
293 869 400 938 magnis
411 884 494 939 parra
508 868 630 925 cinaritas
645 869 810 940 comparuit,
825 870 890 942 qnia
903 870 975 927 diri·
1024 876 1133 924 nonest
1145 882 1286 933 nutrieras,
1302 866 1330 922 in
1346 866 1448 937 quibus
1467 873 1509 922 est
1525 866 1634 922 medius
1655 865 1818 924 humiliatus

181 968 239 1014 turn
251 958 314 1014 licet
329 973 428 1030 niagno
444 957 558 1025 oblatio,
574 965 664 1013 taumn
676 974 709 1014 ex
722 973 756 1015 eo
766 958 828 1023 luit,
840 960 915 1031 qnod
932 960 975 1019 eis
1025 957 1134 1016 modus.
1154 958 1187 1015 Et
1202 960 1230 1014 in
1244 959 1287 1015 his
1302 957 1432 1015 omnihus
1446 973 1496 1031 pro
1507 958 1589 1013 modo
1606 972 1663 1013 suae
1677 956 1819 1014 humilita-

121 1078 125 1085 -
180 1050 340 1106 abundarit.
359 1048 407 1105 Vel
423 1060 497 1105 certe
511 1047 630 1106 lucidius
645 1049 673 1105 in
691 1049 798 1121 magnis
811 1051 976 1121 contiproba·
1025 1049 1059 1106 tis
1081 1049 1232 1106 exaltandis
1254 1047 1365 1103 indicia
1391 1047 1501 1102 honuni
1524 1064 1595 1114 ocra,
1620 1056 1646 1101 el
1665 1047 1819 1118 iustificate

179 1150 225 1199 tnr
247 1142 368 1199 charitas
387 1157 449 1198 esse
464 1155 548 1214 parra
567 1141 625 1197 sire
641 1141 727 1209 nulla,
749 1143 860 1212 quanin
873 1143 900 1198 in
916 1158 976 1199 rna·
1025 1148 1091 1199 sunt
1104 1140 1299 1211 insemetipxic.
1321 1136 1357 1194 Ut
1371 1138 1621 1210 autenrjnstilreata
1641 1139 1707 1203 sint,
1734 1139 1817 1194 etiam

179 1251 234 1307 gno
252 1233 300 1291 bei
321 1234 412 1291 dantis
431 1233 565 1291 benetieie
578 1243 690 1303 apparet
704 1234 864 1305 accipientis
886 1235 976 1307 ingra·
1026 1232 1053 1288 in
1065 1231 1259 1303 experimentis
1270 1230 1442 1297 extrinsecis,
1457 1229 1654 1300 comprobator
1669 1229 1817 1301 aliquando

179 1325 278 1392 titudo,
293 1324 366 1382 sicut
377 1323 491 1394 angelus
506 1323 534 1379 in
551 1323 621 1378 eoele
637 1325 745 1393 positus
757 1340 790 1382 ac
802 1326 909 1383 caeteris
924 1344 975 1382 an·
1025 1322 1165 1379 hurnilitas
1177 1337 1274 1395 magna
1289 1323 1316 1377 in
1329 1319 1445 1392 magnis,
1458 1320 1608 1392 aliqnando
1618 1336 1701 1392 parra
1715 1318 1741 1375 in
1758 1336 1817 1375 ura·

178 1416 246 1489 pelis
260 1414 401 1486 pulchrior
413 1414 502 1471 laetus
523 1413 619 1471 laeteri
635 1430 686 1471 sno
702 1413 754 1473 luit
769 1417 902 1489 ingratus,
926 1434 975 1475 ne·
1024 1415 1095 1488 gnis,
1109 1414 1257 1487 aliqnando
1272 1428 1369 1485 magna
1382 1413 1409 1467 in
1421 1412 1524 1484 partis,
1548 1420 1575 1468 et
1585 1428 1669 1485 parra
1682 1412 1710 1466 in
1725 1412 1817 1482 parris

178 1525 232 1581 qne
246 1510 280 1564 al
296 1523 418 1564 amorem
433 1506 524 1563 danitis
547 1514 622 1563 tanto
635 1505 822 1566 bertehcicest
840 1525 974 1582 provoca·
1023 1506 1226 1577 experimentis.
1247 1504 1344 1578 hlagna
1365 1505 1506 1561 humilitas
1530 1505 1600 1578 regis
1630 1503 1716 1560 hacid
1741 1519 1817 1559 corrr-

178 1607 234 1655 tns.
249 1598 328 1654 llune
342 1599 485 1654 imitantur
495 1595 575 1653 multi
592 1610 626 1652 ex
641 1596 732 1653 divina
746 1598 871 1672 largitate
890 1616 974 1672 super
1023 1600 1138 1672 probata
1157 1609 1200 1655 est
1213 1598 1240 1657 in
1260 1598 1379 1679 magnis,
1392 1598 1456 1670 quia
1470 1614 1569 1671 magna
1587 1596 1638 1653 luit
1652 1596 1816 1653 humilitatis

177 1692 247 1751 alios
258 1691 384 1748 liernines
399 1690 440 1746 rel
455 1691 645 1760 spiritualibus
656 1692 698 1747 rel
712 1691 909 1762 temporalibus
921 1683 1008 1749 do·B
1025 1697 1139 1756 tentatio
1154 1696 1259 1752 caeteris
1276 1693 1408 1751 lranthus
1432 1694 1568 1765 despectis
1581 1694 1607 1749 in
1625 1708 1717 1765 regem
1740 1691 1815 1762 eligi,

177 1785 258 1841 nis'in
273 1782 326 1839 hoe
339 1784 441 1839 ntnrrrlo
453 1782 542 1848 ditati,
562 1792 590 1840 et
609 1782 668 1840 sola
693 1784 826 1840 charitate
846 1793 973 1842 carentes
1023 1805 1074 1848 ora
1092 1790 1202 1847 leonum
1228 1787 1362 1860 frangere,
1387 1801 1515 1843 ursorum
1543 1785 1654 1842 brat-hia
1670 1784 1815 1856 dissipare,

178 1879 300 1951 largitori
313 1879 449 1936 bonorum
460 1878 584 1934 onrrtiunt
595 1886 661 1934 sunt
674 1878 772 1948 ingrati
786 1894 841 1935 non
853 1879 973 1935 seruien·
1024 1882 1175 1943 timendum
1190 1881 1298 1939 cunctis
1312 1879 1421 1936 Goliath
1446 1888 1579 1947 sternere,
1605 1876 1687 1933 Saule
1705 1875 1815 1933 tandem

176 1980 218 2028 tes
231 1971 294 2027 inde
309 1970 460 2035 coinserris,
473 1969 548 2041 qnod
559 1978 724 2040 acceperunt
734 1985 789 2025 nnn
801 1985 853 2042 pro
865 1984 907 2039 sc,
922 1971 970 2028 sed
1022 1975 1186 2045 interempto
1213 1989 1297 2044 snper
1320 1972 1478 2028 universum
1504 1969 1586 2027 lsrael
1611 1985 1736 2043 regnare.
1763 1968 1816 2025 Cui

176 2078 226 2132 pro
240 2062 302 2117 illis.
323 2060 383 2117 Non
396 2060 485 2117 solunt
500 2068 591 2117 ιιιιιειιι
606 2076 654 2132 per
668 2076 766 2133 magna
780 2069 807 2117 et
820 2077 903 2133 parra
922 2060 971 2119 hei
1022 2067 1153 2142 queniam
1166 2066 1195 2123 in
1212 2068 1274 2123 istis
1287 2066 1395 2139 magnis
1410 2080 1508 2138 magna
1520 2063 1662 2119 humilitas
1676 2062 1738 2127 luit,
1752 2069 1816 2134 post

176 2155 320 2223 beneficia,
333 2153 380 2211 sed
393 2154 476 2210 etiam
490 2169 539 2226 per
555 2169 654 2223 magna
667 2163 695 2210 et
706 2168 789 2225 parra
804 2153 852 2211 hei
863 2154 970 2229 [lapella
1022 2162 1080 2219 lraee
1095 2161 1189 2217 omnia
1201 2161 1288 2218 dixitz
1303 2157 1440 2224 «Ledam,
1463 2167 1491 2215 et
1515 2156 1594 2213 rilior
1619 2156 1693 2223 ham,
1718 2162 1747 2210 et
1766 2170 1815 2210 ero

175 2245 266 2302 divina
282 2245 386 2317 judicia
401 2245 578 2303 inreniunlur
596 2244 746 2315 justificata
764 2246 792 2301 in
817 2246 871 2314 his,
900 2260 970 2318 quos
1021 2252 1135 2321 bannilis
1153 2253 1179 2308 in
1196 2252 1284 2309 oeulis
1299 2251 1368 2307 meis
1384 2249 1427 2323 (ll
1441 2249 1505 2322 hep.
1518 2265 1556 2313 rt,
1571 2247 1651 2319 2⁸25.»
1671 2244 1730 2303 lIoc
1744 2244 1816 2302 dixit

176 2340 218 2395 rel
234 2338 340 2395 sati-arn
357 2355 406 2411 pro
422 2355 521 2411 unauna
541 2337 684 2404 clintune,
700 2336 742 2393 ret
762 2337 894 2395 damnant
919 2352 971 2411 pro
1021 2343 1056 2401 ad
1068 2342 1168 2400 tticnot
1182 2341 1265 2400 attan
1279 2340 1379 2412 Saulis,
1394 2356 1457 2397 eun
1472 2340 1506 2397 ab
1522 2355 1555 2396 ra
1567 2338 1764 2410 despiceretur,
1780 2353 1813 2393 eo

175 2447 257 2503 parra
274 2431 301 2486 in
317 2429 403 2486 heum
417 2431 560 2487 charitate.
579 2430 631 2486 Per
649 2446 748 2503 nragna
769 2430 843 2487 enim
863 2428 970 2503 flagella
1021 2434 1095 2508 quud
1109 2434 1207 2491 ludens
1228 2441 1256 2491 ct
1276 2433 1380 2491 saltans
1399 2441 1463 2488 ante
1489 2447 1582 2488 arram
1603 2429 1711 2486 bomini
1733 2427 1813 2500 quasi

175 2523 306 2594 probatus
324 2531 367 2579 cst
378 2522 475 2580 heatus
485 2521 550 2591 lob,
565 2539 691 2596 magnam
704 2523 834 2580 hahuisse
846 2522 968 2583 charita·
1021 2542 1094 2584 nutis
1105 2527 1139 2583 de
1155 2527 1259 2584 scurris
1274 2525 1420 2582 rideretur.
1436 2522 1467 2578 ln
1483 2522 1564 2579 Saule
1584 2530 1675 2577 autem
1689 2520 1813 2591 parcitas
1904 2530 1905 2541 ¹

174 2630 241 2688 ιειιι,
266 2622 300 2677 dc
320 2637 376 2695 qna
396 2621 529 2691 scriptum
552 2629 594 2676 εει
609 2637 616 2676 :
633 2618 778 2679 «Charitas
798 2620 905 2691 patiens
927 2627 969 2677 est
1020 2617 1184 2675 humilitatis
1199 2616 1375 2689 comprobata
1391 2615 1444 2670 luit
1456 2614 1483 2670 in
1499 2613 1622 2686 ejusdcm
1634 2612 1710 2685 regni
1724 2610 1813 2668 lsrae·
1904 2656 1905 2665 ,

172 2711 201 2785 (1
213 2711 277 2770 Ger.
291 2727 353 2781 xnr,
366 2712 394 2784 h)
409 2731 416 2769 ι
434 2728 522 2769 rcum
535 2728 589 2767 non
604 2721 646 2769 est
664 2710 753 2770 lactus
764 2713 910 2784 impatiens
925 2711 968 2768 rel
1019 2712 1087 2769 litici
1103 2713 1256 2770 laetioribus
1270 2710 1376 2783 magnis
1390 2710 1497 2767 dicente
1520 2708 1554 2764 ad
1579 2723 1642 2763 eunt
1669 2705 1787 2761 bunrino
1802 2724 1811 2762 ι

173 2806 207 2865 ad
225 2803 323 2872 herini,
338 2814 368 2860 ut
387 2821 404 2861 a
426 2805 554 2862 laudibus
575 2814 707 2873 cessaret,
718 2815 746 2861 ct
771 2814 966 2873 murmuraret,
1022 2803 1143 2862 «Nonne
1161 2821 1223 2862 enm
1242 2817 1432 2877 parrusesses
1456 2802 1483 2857 in
1510 2800 1598 2857 oculis
1612 2800 1676 2865 tuis,
1688 2808 1771 2868 capnt
1784 2797 1812 2853 in

172 2897 214 2954 rcl
227 2888 422 2963 ad'diaholum,
442 2906 472 2952 nt
483 2897 509 2953 ei
523 2896 658 2969 hagellum
678 2913 759 2954 suunt
771 2898 968 2970 quoquomodo
1018 2895 1146 2952 tribubus
1163 2894 1245 2952 lsrael
1257 2894 1319 2950 dedi
1333 2893 1361 2967 (l
1377 2894 1440 2966 Περ.
1456 2908 1502 2961 xv,
1520 2892 1564 2962 li)
1579 2911 1589 2944 r
1605 2891 1649 2947 tel
1673 2908 1683 2944 ι
1699 2887 1721 2943 F
1722 2889 1808 2943 ilius·

172 2989 335 3063 assignaret,
348 2982 422 3060 quod
443 2988 494 3045 soli
519 2987 574 3046 Deo
586 2989 735 3063 assignarit
754 2989 869 3046 dicens:
888 3009 898 3044 r
913 2988 1002 3086 ⁰⁰⁶0
1019 2987 1093 3048 enin
1113 3006 1122 3040 ι
1139 2987 1220 3045 nnius
1235 2986 1300 3044 artui
1311 2995 1370 3045 erat
1383 2984 1461 3056 Saul,
1475 3005 1485 3040 r
1503 2984 1542 3043 ait
1556 2984 1708 3057 Scriptura,
1723 3004 1733 3038 ι
1747 3000 1811 3041 cum

172 3082 265 3140 ruinus
276 3081 361 3145 dedit,
378 3080 511 3138 bortrinus
535 3081 659 3148 abstulit,
680 3080 752 3138 sicot
771 3080 887 3138 bortrinc
908 3083 967 3154 pla·
1019 3097 1136 3155 regnare
1150 3083 1290 3156 coepisset,
1305 3092 1332 3138 et
1352 3080 1462 3138 dnobus
1475 3080 1555 3135 annis
1569 3077 1693 3151 regnarit
1705 3074 1734 3149 (l
1744 3076 1809 3147 liep.

170 3175 238 3242 cuit,
253 3175 290 3230 ita
306 3172 408 3231 lactum
420 3184 462 3229 est
478 3192 485 3229 z
499 3172 541 3230 Sit
556 3189 655 3229 tromen
667 3173 775 3229 Donrini
790 3173 964 3231 benedictum
1017 3192 1078 3241 xtn,
1096 3176 1132 3246 l),
1147 3193 1157 3229 r
1172 3175 1246 3248 quod
1259 3184 1301 3231 cst
1316 3175 1424 3230 diecrc:
1437 3172 1556 3244 Simplex
1571 3181 1599 3228 et
1614 3172 1725 3228 humilis
1738 3177 1809 3238 crat,

168 3265 233 3340 (tol
246 3266 362 3340 ι,Ξ1);ι
385 3268 426 3325 rel
439 3267 472 3323 ad
485 3281 596 3322 uxorem
608 3274 636 3322 et
647 3266 752 3324 undena
762 3266 833 3323 male
847 3267 967 3324 suaden—
1017 3284 1079 3325 curu
1095 3267 1360 3340 repurccoepisset,
1376 3275 1404 3323 et
1414 3265 1441 3322 in
1459 3266 1511 3322 hac
1522 3266 1618 3322 hunrili
1634 3264 1811 3334 simplicitate

169 3371 221 3427 tes,
237 3370 265 3417 et
279 3362 434 3431 importune
449 3360 500 3429 ipsi
515 3360 668 3428 loquentes,
689 3367 718 3416 nt
731 3361 772 3416 eis
792 3361 966 3432 impat‘entcr
1015 3360 1123 3419 duobus
1133 3360 1215 3417 atritis
1229 3361 1362 3432 regnant.
1378 3358 1464 3414 Parra
1480 3359 1579 3431 qnippe
1599 3358 1684 3429 ipsius
1698 3356 1810 3411 humih-

170 3451 357 3522 responderet.
378 3448 430 3505 l‘cr
448 3465 564 3521 parrotn
588 3449 725 3522 llaqelltnn
750 3450 823 3508 Petri
847 3451 963 3524 apostoli
1017 3461 1059 3511 tas
1071 3453 1143 3510 inter
1158 3468 1272 3525 magnios
1290 3452 1365 3525 regni
1380 3451 1500 3507 honores
1514 3451 1561 3508 diu
1584 3459 1658 3506 stare
1681 3463 1738 3505 non
1762 3464 1812 3503 raa

169 3542 262 3597 adhue
278 3556 360 3611 parra
376 3540 496 3597 charitas
520 3542 657 3612 apparuit,
684 3544 794 3615 quando
822 3544 856 3600 ad
881 3545 965 3603 unius
1015 3546 1075 3603 lens
1102 3545 1157 3601 cito
1175 3545 1320 3602 emarcuit.
1341 3544 1438 3615 llagrra
1461 3541 1810 3613 humilitascomprobatur

170 3630 279 3687 aneilla·
292 3645 385 3685 rocem
400 3632 509 3703 negarit
519 3634 670 3699 veritatem,
685 3647 768 3704 quarn
790 3634 894 3690 scr-ianr
910 3635 964 3692 sihi
1015 3637 1043 3692 in
1057 3638 1161 3708 paruis,
1174 3637 1285 3708 quando
1303 3636 1402 3692 humili
1422 3651 1455 3692 ac
1469 3635 1558 3708 dignae
1575 3648 1698 3710 persuum
1710 3633 1763 3687 rite
1775 3646 1809 3687 ac

168 3736 276 3795 semper
290 3720 371 3776 habet
382 3722 514 3791 charitas,
533 3723 631 3796 deque
645 3725 777 3791 scripturn
792 3734 855 3782 est:
874 3746 883 3779 ι
903 3725 962 3783 Νοιι
1014 3745 1129 3801 parrum
1149 3729 1279 3801 quiddam
1297 3728 1459 3801 injungitur,
1474 3742 1521 3784 seu
1546 3725 1728 3802 despectabile
1747 3723 1808 3784 effi·

166 3814 269 3886 pandet
285 3830 369 3885 snper
391 3814 545 3888 iniquitate,
561 3819 716 3890 congaudet
738 3829 830 3876 eutem
854 3820 962 3877 ueritati
1013 3821 1099 3890 εἰιιιιι,
1115 3829 1143 3877 ει
1156 3822 1215 3893 ipsa
1229 3821 1293 3877 inde
1312 3836 1367 3877 non
1383 3820 1549 3892 indignatur,
1571 3834 1622 3876 nee
1636 3833 1666 3876 se
1679 3816 1808 3894 digniore
1889 3859 1892 3866 .

166 3904 195 3978 (1
208 3905 270 3963 Cor.
284 3923 345 3975 xnt,
360 3907 420 3979 til.»
442 3907 495 3965 Per·
510 3926 623 3981 parrum
645 3912 783 3983 hagellum
807 3916 963 3984 corrrparuit
1012 3912 1102 3969 olhcio
1124 3912 1235 3985 dignam
1262 3912 1334 3983 apud
1356 3928 1385 3967 se
1409 3911 1568 3976 arbitratur,
1595 3910 1704 3968 etiamsi
1731 3908 1808 3982 apud

167 4013 267 4069 inagna
281 3998 402 4055 charitas
424 3999 497 4072 regis
523 3999 619 4070 barid,
641 4003 752 4073 qnando
768 4017 819 4073 pro
833 4018 884 4058 suo
896 4019 961 4075 pec·
1013 4001 1100 4058 heum
1121 4003 1203 4075 digna
1216 4003 1389 4077 dignioribus
1407 4002 1549 4060 habeatur.
1567 4000 1614 4060 Sic
1632 4002 1747 4074 proheta
1762 4008 1808 4060 ecl

164 4091 358 4147 catamodice
386 4091 573 4164 increpatione
595 4109 645 4164 per
667 4095 826 4167 prophetant
853 4095 959 4152 Nathan
1011 4094 1153 4152 humilitas
1170 4093 1247 4151 isaiae
1267 4095 1416 4168 prophetae,
1436 4095 1482 4153 cui
1508 4104 1674 4172 praeceptum
1700 4104 1753 4162 est,
1775 4101 1807 4152 ιιι

165 4192 311 4253 correptus
327 4183 457 4239 eontixtuo
481 4184 515 4239 ad
534 4185 721 4253 poertitenlianr
744 4187 843 4245 ducttts
869 4189 958 4245 dixit:
1015 4207 1024 4242 ι
1043 4189 1134 4246 trudas
1148 4196 1176 4244 et
1188 4188 1370 4246 discalceatus
1396 4189 1465 4261 (lte.
1486 4203 1539 4257 xx,
1553 4186 1582 4260 Ξ)
1597 4207 1608 4241 r
1624 4187 1677 4246 iret
1692 4196 1806 4261 porten-

168 4290 178 4324 ι
194 4270 307 4327 Peeeari
321 4270 438 4327 bomine
449 4270 494 4344 lli
509 4271 571 4344 lieq.
589 4289 640 4341 xu,
653 4275 731 4346 ¹3)·’
752 4275 805 4333 Per
828 4294 958 4351 magnum
1011 4290 1069 4337 tum
1085 4280 1147 4339 liliis
1158 4279 1252 4349 lsrael,
1264 4290 1291 4338 ct
1308 4282 1367 4353 ipse
1381 4280 1521 4339 humiliter
1533 4280 1663 4340 obedirit.
1678 4281 1726 4339 Sic
1739 4296 1805 4353 pro-

164 4360 301 4431 hagellum
312 4360 466 4432 comparuit
474 4361 596 4419 charitas
606 4380 690 4435 parra
704 4366 731 4422 in
745 4382 808 4439 rege
821 4367 896 4437 Onia,
910 4371 957 4443 qui
974 4390 997 4448 p
1011 4374 1074 4431 bata
1088 4382 1131 4431 est
1145 4374 1286 4432 humilitas
1309 4373 1461 4433 Ezechielis
1474 4376 1623 4449 prophetae,
1638 4375 1682 4431 cni
1698 4390 1804 4446 prece·

165 4460 277 4528 propter
288 4467 368 4507 suam
382 4454 624 4530 prcsurnpticnem
635 4470 783 4527 percussus
799 4458 872 4529 lepra
901 4477 957 4518 rann
1008 4475 1085 4540 ptum
1107 4475 1159 4536 est,
1176 4482 1286 4538 panem,
1307 4482 1362 4541 quo
1378 4467 1528 4526 rescendns
1540 4476 1609 4536 erat,
1634 4467 1804 4524 stercoribus

163 4542 264 4616 lepitnr
277 4542 448 4613 penituisse,
461 4545 507 4600 sed
522 4545 549 4602 in
568 4561 617 4602 sua
631 4547 747 4604 stultitia
761 4554 955 4622 permansisse,
1009 4560 1138 4616 humanis
1148 4559 1290 4631 cooperire
1302 4559 1411 4634 (bacch.
1425 4576 1463 4630 tr,
1477 4559 1533 4633 lb),
1549 4560 1622 4632 quei
1635 4567 1801 4631 preceptum

164 4634 238 4706 quod
250 4649 284 4690 ex
300 4649 334 4692 co
349 4635 473 4694 innuitur
495 4635 541 4709 (ll
556 4637 651 4697 Paret.
678 4656 754 4710 xxrt,
782 4642 837 4714 lh),
854 4665 863 4698 ι
891 4647 956 4717 quia
1008 4661 1101 4710 tarrtus
1113 4653 1243 4726 propheta
1261 4668 1317 4710 nen
1333 4654 1450 4724 superbe
1470 4653 1616 4721 recusarit,
1628 4651 1676 4708 sed
1688 4651 1803 4707 hnmili-

164 4724 297 4796 nsquead
310 4727 382 4784 diem
402 4728 653 4802 mortisseparatus
678 4735 839 4805 permansit,
868 4753 958 4810 neque
1007 4752 1049 4800 tcr
1063 4743 1206 4802 excusarit
1224 4744 1385 4817 preceptori
1407 4760 1459 4802 suo
1476 4744 1601 4801 indicans
1612 4759 1673 4800 esse
1683 4743 1736 4800 sibi
1748 4743 1801 4801 du·

163 4815 211 4877 illo
226 4816 342 4919 livente.
358 4816 406 4874 sed
424 4826 533 4875 mortuo
547 4819 633 4894 gloria
652 4821 699 4880 liei
713 4828 853 4898 prophetae
878 4828 957 4888 isaiae
1006 4851 1080 4903 runt,
1099 4838 1123 4894 si
1138 4846 1233 4894 centra
1253 4836 1481 4895 consuetudinem
1497 4853 1577 4896 snam
1592 4835 1719 4894 introiret
1730 4837 1759 4892 in
1770 4853 1802 4893 es

162 4907 283 4964 revelata
297 4905 358 4962 lutt.
380 4904 457 4965 Unde
472 4909 539 4965 dicit
554 4929 561 4966 z
579 4930 589 4964 ι
605 4910 634 4968 ln
647 4929 731 4983 anno,
749 4932 805 4988 quo
829 4928 955 4978 mortuns
1006 4929 1067 5001 eius
1079 4928 1183 5001 aliquid
1198 4929 1405 5002 coinquinatum
1420 4929 1641 4988 etimrnundum.
1671 4927 1731 4984 Tali
1742 4938 1801 4986 ιειιι

160 5008 204 5056 εει
219 5016 266 5055 rex
278 4999 369 5096 Ozias,
381 5000 436 5056 ridi
450 4999 600 5060 hominurn
610 5006 750 5064 sedentem
762 5026 845 5081 super
855 5012 954 5068 solium
1006 5018 1104 5076 humili
1127 5022 1306 5078 exornatione
1319 5022 1448 5092 obtinuit,
1462 5031 1493 5080 ur
1514 5023 1568 5080 hon
1582 5022 1672 5093 ipsum
1693 5037 1800 5094 praee·

160 5091 311 5162 ⁶¹⁰⁸¹⁵¹¹¹¹h
323 5103 377 5152 eil·
390 5092 459 5167 (lw-
474 5110 512 5163 Vh
530 5096 584 5168 l).r
1004 5123 1082 5186 ptuxn
1093 5093 1170 5174 hero
1182 5114 1271 5186 magis
1280 5115 1421 5172 tolerabile
1440 5130 1491 5187 pro
1514 5125 1634 5171 stercore
1652 5113 1798 5172 homiuum

198 5183 318 5257 idipsum
333 5186 368 5244 tle
384 5189 548 5246 humilitatis
569 5192 737 5264 experientia
751 5194 842 5254 dicere
856 5213 955 5269 pessu-
1004 5205 1141 5276 permisso
1153 5205 1205 5262 sibi
1217 5206 1282 5261 limo
1294 5206 1389 5262 boum.
1412 5204 1442 5261 lu
1454 5206 1545 5277 paruis
1558 5221 1643 5278 parra
1655 5204 1800 5268 humilitas

161 5294 234 5344 mus,
246 5279 311 5350 qnia
324 5289 377 5350 est,
388 5282 435 5352 qui
451 5283 567 5342 multum
582 5286 723 5343 extollitur
741 5289 823 5348 etiam
840 5289 875 5346 de
885 5307 954 5363 par-
1004 5297 1169 5368 eornparuit,
1181 5297 1292 5369 quando
1307 5297 1431 5356 Naaman
1453 5298 1540 5373 Syrus
1562 5298 1598 5356 ab
1612 5297 1711 5357 arnseo
1732 5314 1798 5372 pro-

159 5368 201 5426 sis
213 5366 260 5424 bei
274 5371 369 5440 donis;
388 5380 415 5428 et
430 5382 484 5439 est,
499 5375 548 5448 qui
562 5391 659 5448 parurn
672 5380 813 5439 extollitur
823 5383 904 5440 etiam
920 5384 954 5442 de
1003 5388 1085 5460 pheta
1098 5389 1194 5460 jussus
1208 5389 1293 5447 iurari
1315 5390 1416 5463 septies
1439 5392 1467 5447 in
1482 5389 1601 5449 lurdanc
1626 5392 1695 5448 abiit
1721 5391 1796 5448 indi·

160 5458 269 5529 atraquis
282 5458 330 5519 bei
349 5460 440 5522 denis.
464 5463 518 5538 Qui
534 5475 625 5524 autem
645 5485 740 5540 parum
759 5470 794 5527 de
809 5475 910 5543 parris,
926 5481 953 5531 ει
1003 5493 1092 5550 quens
1113 5476 1167 5549 (tt
1184 5478 1249 5552 hep.
1272 5496 1299 5550 r,
1324 5481 1380 5552 lb).
1400 5481 1452 5539 llni
1466 5482 1596 5541 dixerunt
1619 5483 1691 5541 servi
1712 5484 1795 5558 ejus:

161 5548 277 5646 multum
289 5552 322 5607 de
337 5555 445 5625 uragnis
464 5558 643 5628 extolluntur,
664 5561 723 5618 sine
742 5578 859 5619 nurnero
875 5575 950 5632 sunt,
1006 5567 1146 5628 «Etiamsi
1161 5584 1218 5625 rem
1235 5572 1365 5644 grandem
1377 5572 1492 5632 dixisset
1502 5574 1549 5630 tihi
1560 5574 1703 5648 propheta,
1718 5551 1796 5636 certe

160 5641 228 5694 ειιιι
242 5636 422 5701 hisonrnihus
440 5661 491 5720 pro
515 5664 563 5706 sua
589 5650 746 5710 extollentia
774 5653 951 5713 humiliandis
1001 5657 1092 5716 lacere
1109 5657 1242 5719 debueras
1257 5663 1346 5737 (iiim,
1365 5664 1446 5740 ¹5)·’
1468 5664 1573 5735 Quibus
1593 5666 1683 5724 rerhis
1710 5682 1796 5724 eura·
