3817 6000
173 149 244 207 stat
649 142 802 200 csbuottt
821 140 1016 201 PRAEPOSll'l
1037 138 1312 196 tttttcttuttsrtttttt.
1757 132 1849 189 tm

171 260 241 319 tium
266 274 324 316 suae
340 256 419 315 faciei
439 258 583 313 aversione
601 257 767 327 repellentis.
787 254 896 313 olicus
911 270 963 311 uo·
976 261 1002 319 A
1016 254 1133 311 tendunt
1150 251 1223 309 sicut
1239 266 1305 306 ores
1321 247 1481 313 occisionis,
1498 256 1530 302 ut
1547 246 1645 302 nobes
1666 245 1708 301 de
1745 247 1851 305 nobie

171 362 238 421 ster,
250 366 336 424 qnare
346 351 387 407 sic
400 350 550 416 obdormis,
571 358 600 405 et
1014 346 1158 419 proveniat
1175 342 1292 409 tructus,
1311 351 1350 408 tu,
1366 350 1462 412 pastor
1478 340 1563 406 bone,
1579 341 1630 411 qui
1651 354 1712 411 pro
1742 355 1852 410 grege

209 444 291 504 Vens.
315 446 361 501 tt.
378 443 518 511 Quereris
531 443 628 513 [urbm
647 454 721 498 tunm
733 444 852 499 amris?
868 441 963 498 b‘onne
1014 447 1062 495 tuo
1077 437 1148 493 mori
1159 436 1288 507 dignatus
1299 449 1340 497 es,
1353 433 1391 488 ita
1404 447 1547 503 procuras,
1561 431 1675 488 utlieet
1697 430 1849 486 [aab

171 540 238 595 olim
260 538 385 611 patribus
408 536 510 593 nostris
535 536 643 592 afflictis
670 536 742 591 ultro
766 536 905 592 excitatus
930 551 963 590 cs
1012 531 1215 609 tibnsdetonsae
1227 526 1433 584 ascenderimus
1444 525 1478 582 de
1488 527 1600 583 braero
1613 522 1774 595 baptismi
1788 538 1848 579 atet

171 641 302 702 tanquam
318 638 416 701 potens
438 629 631 701 crapulatusa
659 629 735 693 rino,
755 636 783 683 et
803 627 963 698 percussisti
1013 626 1207 697 laerymamm,
1232 633 1396 678 tamennon
1411 620 1497 675 estin
1512 618 1592 674 nobis
1611 617 1749 679 sterilis.
1777 617 1846 670 iuno

170 722 298 780 inimicos
324 737 419 778 eurum
437 721 465 777 in
491 721 652 793 posteriora,
688 719 864 791 opprobrium
891 734 963 774 seru·
1013 732 1109 773 sumus
1131 730 1197 772 ores
1215 729 1325 786 pascuas
1346 722 1401 768 tute
1427 727 1524 767 omnes
1541 710 1671 781 gemellis
1702 708 1842 769 letibus.

171 817 309 888 piternum
322 815 391 871 dans
406 813 488 871 illisi
516 813 605 881 Quare
620 827 685 884 ergo
700 827 774 867 nnnc
794 812 832 866 ita
858 810 962 867 obdor·
1013 811 1078 866 dum
1094 809 1159 867 etio
1178 809 1230 864 ltae
1244 808 1300 863 vita
1320 806 1475 877 centuplam
1488 821 1550 862 enm
1563 803 1842 877 persecutionibus

171 905 237 972 mis,
257 913 284 961 et
303 904 345 961 sic
363 905 458 975 [micro
474 912 547 958 tuom
574 903 699 957 coertira
715 900 805 966 nobis,
831 899 962 972 atquead
1013 901 1164 973 accipimus
1190 900 1335 957 utilitatem
1361 913 1454 954 rerum
1475 895 1723 968 pretereuntium,
1749 904 1787 949 et
1805 894 1840 949 in

172 1000 303 1069 parietem
333 1004 506 1068 peccatorum
536 1003 693 1050 nostrorum
721 994 858 1050 convertis
883 991 962 1063 quasi
1013 992 1107 1049 loturo
1130 993 1213 1049 ritant
1238 1001 1367 1048 tetemam
1382 998 1585 1062 exspectamus.
1607 988 1670 1045 lloe
1703 986 1841 1043 manfie-

171 1090 279 1162 pcnitus
292 1089 407 1145 excitari
426 1087 521 1144 nolis?
539 1086 638 1143 Auente
652 1085 750 1143 taciem
773 1095 861 1152 tuam,
886 1101 963 1157 qute-
1013 1083 1111 1140 stando
1134 1083 1254 1138 inimicis
1280 1097 1402 1152 euterpe,
1425 1096 1460 1136 ne
1474 1088 1500 1136 te
1518 1088 1615 1150 putent
1635 1077 1774 1134 omnino
1790 1079 1837 1134 sie

171 1198 279 1249 sumus,
294 1180 440 1252 apeecatir
455 1180 569 1248 nostris,
587 1188 616 1235 et
628 1195 663 1234 ne
673 1186 782 1234 avertas
801 1192 889 1233 cama
905 1192 960 1232 no·
1013 1175 1180 1239 dormirent
1192 1172 1383 1229 noncuresde
1393 1170 1474 1228 nobis
1487 1171 1585 1226 oribus
1596 1172 1663 1224 tuis
1684 1166 1757 1225 noe
1768 1184 1837 1240 per·

170 1273 226 1332 bis.
246 1272 304 1330 lluc
318 1271 429 1329 assidue
443 1271 609 1337 clamamus;
625 1278 748 1327 ettamen
762 1281 791 1325 tu
807 1270 905 1324 ertertis
919 1268 962 1339 {o-
1013 1264 1133 1321 sentiant
1149 1266 1177 1319 itt
1201 1264 1325 1332 tenebis
1344 1261 1445 1318 letibus
1467 1260 1580 1328 nostris,
1595 1260 1672 1332 quod
1686 1275 1754 1315 nnn
1781 1275 1834 1315 sn-

171 1365 237 1420 ciem
254 1374 326 1419 tuum
337 1379 353 1419 a
364 1363 455 1431 nobis,
470 1372 497 1417 et
508 1378 561 1419 non
577 1362 724 1432 apcccatis
741 1361 853 1417 uostris.
871 1360 963 1427 Quare
1014 1374 1086 1426 mus,
1102 1366 1133 1413 ut
1147 1357 1186 1413 illi
1203 1364 1310 1429 putant,
1321 1372 1379 1412 orer
1390 1355 1532 1411 occisionis
1546 1363 1832 1411 tantumetnoure·

171 1458 224 1513 boc
236 1456 316 1524 lacis,
340 1455 465 1523 Domine,
486 1456 534 1527 qui
557 1454 625 1510 nibil
641 1452 709 1511 loeis
726 1454 851 1525 injuste?
873 1455 963 1519 Quare
1013 1451 1204 1516 surrectionis:
1223 1451 1288 1506 dum
1304 1450 1356 1507 sub
1368 1459 1393 1505 te
1404 1459 1542 1520 pastorea
1557 1448 1679 1509 mortuis
1690 1448 1829 1503 resusci-

171 1546 316 1614 obdormit,
333 1562 396 1603 cum
421 1546 582 1601 oblivisceris
611 1545 708 1614 inopie
729 1556 828 1601 nostro
863 1554 889 1598 et
913 1545 963 1598 ιη’-
1013 1552 1070 1600 tato
1085 1552 1113 1600 et
1132 1543 1204 1599 ultra
1227 1559 1283 1599 non
1306 1543 1442 1598 morituro
1461 1541 1595 1597 babemus
1609 1550 1639 1597 et
1656 1557 1745 1596 nune
1769 1541 1829 1596 tru-

172 1635 318 1693 batntionis
342 1638 465 1693 nostro?
487 1636 608 1707 Inopiam
636 1635 766 1707 grandem
780 1635 959 1697 sustinemus.
978 1612 1086 1693 Betunr
1105 1646 1230 1694 nostrum
1247 1637 1275 1691 in
1290 1635 1516 1700 sanctificatione,
1535 1634 1617 1690 linem
1630 1649 1706 1690 vero
1734 1636 1828 1690 vitan

172 1728 219 1800 uui
233 1744 299 1800 opes
314 1730 467 1787 mundanas
495 1739 542 1785 aut
556 1728 633 1784 inuiti
665 1727 821 1797 amisimus,
846 1738 894 1784 aut
917 1744 966 1783 ro-
1013 1738 1153 1786 aeternam.
1177 1729 1318 1801 Hocapud
1330 1729 1392 1785 illos
1409 1728 1534 1784 ideonou
1553 1727 1691 1796 creditur,

172 1821 262 1879 tentet
276 1831 426 1893 propterte
441 1820 607 1890 dimisimus,
634 1820 678 1876 rel
703 1822 845 1893 acquirere
873 1821 963 1878 nolui·
1051 1820 1136 1879 Vens.
1164 1822 1211 1879 25.
1236 1822 1369 1889 Quoniam
1391 1836 1466 1877 nunc
1491 1829 1633 1876 avertente
1656 1828 1685 1875 te
1717 1818 1827 1877 tamen

173 1929 236 1970 mus
254 1922 282 1971 et
293 1916 433 1982 uolumus,
449 1922 531 1985 atque
546 1913 574 1970 ln
591 1921 667 1969 tanta
679 1912 771 1985 inopia
788 1924 824 1981 te,
842 1913 890 1985 qui
902 1929 965 1969 sus·
1015 1922 1091 1970 tuam
1119 1912 1263 1968 humiliato
1278 1922 1318 1968 est
1334 1913 1363 1968 in
1382 1911 1487 1982 puluere
1505 1911 1597 1966 enimn
1620 1920 1733 1978 nostru,
1756 1928 1827 1966 cen-

172 2006 242 2065 citas
263 2021 279 2062 a
301 2015 373 2063 terra
395 2008 515 2079 inopem,
538 2014 566 2062 et
594 2007 628 2063 de
651 2015 773 2063 stercore
791 2005 875 2078 erigis
897 2021 965 2077 pau·
1014 2006 1209 2078 ptatinetureot
1224 2008 1254 2061 iu
1271 2016 1342 2061 terro
1356 2013 1552 2061 maternorum
1578 2005 1680 2060 Animo
1706 2016 1825 2071 nmmo,

173 2112 277 2170 perem,
292 2112 346 2154 unu
363 2098 496 2155 sentimus
510 2098 590 2155 uobis
610 2098 783 2165 clementem,
808 2098 857 2154 scd
869 2097 966 2153 obtini-
1016 2099 1132 2155 comsit
1151 2097 1265 2170 spiritus
1288 2096 1443 2164 rationalis,
1465 2104 1494 2153 et
1508 2097 1575 2154 solis
1587 2096 1703 2152 deberet
1721 2096 1825 2152 inten-

173 2192 255 2247 eeerir
272 2192 368 2263 inopie
380 2201 489 2259 neure,
504 2190 552 2264 qui
576 2205 628 2262 ope
641 2200 688 2247 tua
704 2197 734 2247 et
747 2188 868 2246 bumana
880 2190 966 2247 desti·
1015 2192 1079 2248 dere
1089 2189 1247 2247 coelestibus
1262 2188 1434 2245 illuminante
1447 2189 1520 2245 illam
1532 2188 1656 2245 veritatis
1669 2187 1825 2259 agnitione

173 2281 288 2350 tuimur,
302 2293 326 2337 et
347 2280 529 2337 tribulationis
552 2290 664 2348 nostrae,
680 2296 735 2354 qua
765 2295 817 2338 uos
842 2281 967 2352 affligunt
1015 2294 1097 2356 atque
1112 2283 1299 2342 inflammante
1313 2283 1424 2339 uirtutis
1447 2297 1552 2349 amore,
1566 2280 1595 2337 in
1615 2280 1729 2336 lumine
1757 2281 1826 2336 rul-

173 2375 268 2432 bostes
282 2374 368 2431 nostri
394 2381 423 2429 et
448 2373 497 2430 tui.
523 2371 595 2445 Ergo
623 2373 732 2430 tandem
758 2389 875 2445 exsurge
902 2389 965 2446 per-
1016 2385 1061 2434 tus
1084 2376 1136 2441 tui,
1163 2375 1206 2433 sol
1226 2375 1351 2446 justitiae,
1365 2390 1441 2432 nune
1468 2375 1607 2431 subtracta
1628 2372 1668 2428 tui
1691 2372 1821 2437 risione,

174 2464 292 2523 ticiendo
306 2464 445 2533 virtutem,
463 2475 573 2537 propter
589 2480 672 2537 quom
685 2466 712 2521 in
733 2466 893 2523 infirmitate
905 2482 967 2538 per·
1017 2484 1112 2527 aversa
1134 2467 1442 2536 ferreummontem
1466 2467 1548 2521 estin
1572 2463 1689 2536 putrere,
1719 2464 1821 2520 idest

175 2556 319 2615 finiendam
336 2557 502 2629 colaphizas.
528 2556 648 2630 Excerpe
678 2558 840 2616 dimittendo
871 2574 968 2631 pecca·
1017 2563 1045 2618 in
1061 2562 1179 2620 terrenis
1192 2561 1416 2632 cogitationibus,
1439 2574 1502 2630 quae
1524 2558 1626 2629 pulveri
1642 2573 1820 2630 comparan-

174 2659 246 2715 tunt,
260 2658 371 2720 propiet
380 2648 454 2722 quod
470 2650 675 2721 expurgandum
688 2648 820 2722 flagellas,
846 2647 968 2720 extorto
1017 2662 1063 2710 tur
1078 2673 1086 2710 a
1104 2662 1129 2709 et
1142 2662 1229 2709 uenter
1239 2664 1328 2709 noster
1342 2651 1538 2725 conplutinetus
1552 2661 1591 2707 ert
1610 2652 1639 2705 in
1649 2660 1736 2715 terro,
1749 2649 1818 2722 quia

175 2741 393 2798 consummando
401 2740 560 2813 patientiam
576 2739 604 2796 in
615 2740 802 2807 tribulatione,
814 2739 967 2796 seeundum
1019 2745 1194 2814 sensualitas,
1208 2745 1243 2801 ab
1262 2745 1403 2802 mollitiam
1421 2745 1511 2801 ventri
1536 2753 1706 2815 comparata,
1733 2745 1818 2815 peni-

175 2833 248 2906 quod
264 2834 405 2905 apostolus
423 2833 481 2889 ait:
500 2850 510 2887 t
538 2832 691 2890 Tribulatio
713 2832 872 2905 patientiam
903 2847 969 2904 ope-
1018 2847 1063 2895 tua
1081 2837 1196 2894 adhesit
1210 2839 1239 2893 ιιι
1251 2848 1333 2893 term.

175 2932 263 2990 ratur,
283 2923 413 2995 patientta
429 2924 628 2996 probationem,
649 2923 776 2996 pronao«,
798 2940 862 2980 vero
877 2940 966 2996 spem,
1053 2932 1139 2989 tum
1154 2950 1161 2986 ι
1177 2932 1275 2986 torma
1287 2940 1390 2999 nostra,
1406 2930 1434 2986 id
1447 2936 1491 2987 est
1511 2929 1565 2985 vira
1578 2939 1671 2985 nostra
1685 2944 1737 3001 per
1751 2929 1817 2984 aar·

176 3032 241 3090 ⁸1³0ss
255 3027 346 3076 aulem
361 3034 416 3075 ⁰⁰¹¹
434 3018 578 3075 00¹¹f⁰¹¹dil
599 3018 686 3089 (Bm
710 3034 738 3084 Vs
754 3018 793 3090 ὅ).
810 3037 820 3070 ι
846 3018 968 3091 Excerpe
1019 3041 1090 3081 mam
1102 3022 1252 3096 significata
1267 3032 1297 3080 ut
1322 3024 1379 3079 ibi:
1398 3023 1469 3094 «qui
1486 3032 1560 3078 amat
1582 3022 1702 3077 animam
1715 3038 1814 3086 snam,

176 3110 382 3168 manifestando
412 3112 527 3183 pluriam
553 3120 640 3178 tuam,
660 3110 684 3167 si
705 3111 850 3169 infirmitas
873 3125 968 3168 nostra
1018 3117 1113 3189 perdet
1129 3131 1189 3172 eam
1205 3114 1296 3186 (iona.
1319 3131 1369 3180 ιιι,
1391 3114 1449 3185 st),
1465 3133 1475 3166 ι
1490 3114 1592 3176 anime,
1617 3114 1749 3184 inquam,
1762 3130 1814 3168 no·

177 3217 233 3261 uon
256 3211 299 3260 est
323 3204 357 3262 ad
383 3212 511 3272 mortem,
535 3204 583 3261 sed
603 3220 655 3278 pro
674 3205 760 3276 gloria
781 3215 827 3262 tua
851 3204 969 3262 manile·
1018 3217 1075 3263 etro
1096 3207 1239 3262 humiliato
1257 3216 1296 3262 ert
1313 3204 1466 3276 inpetrem,
1491 3204 1555 3275 quia
1570 3204 1625 3259 rita
1648 3213 1745 3260 nostra
1768 3204 1814 3260 in·

176 3295 488 3364 tttnda,otinllrmitos
512 3294 684 3355 latarit'uit.
715 3296 969 3369 Quomodocunque
1019 3298 1151 3357 veteravit
1165 3298 1236 3355 inter
1258 3313 1355 3354 omnes
1383 3295 1511 3352 inimicus
1533 3311 1599 3352 suos
1620 3295 1731 3365 impios,
1758 3296 1811 3366 qui

177 3403 207 3444 se
227 3388 325 3444 lrabeat
338 3404 434 3456 causa,
447 3405 497 3459 pro
510 3405 570 3462 qua,
587 3390 668 3446 nobis
685 3391 873 3458 obdormiens,
889 3401 916 3445 et
927 3389 970 3445 la·
1019 3401 1083 3449 sunt
1094 3401 1223 3463 tauquam
1245 3390 1345 3461 pulvis,
1367 3403 1448 3460 quem
1471 3386 1580 3458 projicit
1594 3396 1693 3443 uentus
1705 3402 1721 3441 a
1735 3385 1811 3442 faeie

176 3480 247 3536 ciem
269 3487 342 3535 tuam
361 3491 487 3537 avertens
513 3481 674 3538 ottiuirecrt'e
700 3483 797 3554 inopie
820 3492 917 3537 oeatrte
942 3492 968 3537 et
1019 3491 1107 3539 terrae.
1130 3481 1336 3553 Conplutinotns
1363 3490 1403 3534 est
1427 3479 1469 3535 vel
1492 3478 1607 3534 adhaesit
1620 3479 1649 3532 in
1664 3488 1734 3533 term
1749 3495 1812 3533 een·

178 3567 359 3624 tribulationie
378 3580 488 3637 unstrot,
503 3586 577 3628 nuuc
591 3572 701 3628 tandem
715 3588 836 3645 exturpe,
848 3582 873 3627 et
888 3588 969 3626 nere·
1020 3585 1059 3631 ter
1073 3585 1171 3631 notter.
1200 3572 1277 3630 Sicut
1295 3581 1391 3630 uenter
1408 3572 1533 3643 corporis
1548 3572 1625 3627 eibos
1638 3570 1747 3642 exeipit,
1761 3571 1808 3642 qui

176 3662 260 3734 petiae
275 3663 403 3734 influent,
427 3664 475 3720 sed
490 3664 524 3721 da
540 3664 620 3722 nobis
631 3665 803 3737 patientiam,
818 3665 852 3722 de
864 3663 969 3737 qua'di·
1019 3685 1067 3742 per
1089 3683 1122 3724 os
1142 3667 1317 3732 intraueris
1343 3666 1476 3724 memoria
1507 3666 1587 3736 quasi
1608 3673 1696 3721 oerrter
1711 3666 1811 3722 anima

177 3756 271 3812 citur:
290 3773 300 3808 t
323 3754 457 3813 Patientia
479 3772 631 3829 pauperum
657 3774 712 3815 non
732 3758 831 3829 peribit
844 3758 871 3812 in
886 3755 968 3811 tinem
1019 3762 1088 3828 risa,
1103 3760 1206 3827 audita,
1220 3767 1340 3831 gustata,
1355 3758 1480 3826 odorata,
1497 3765 1612 3814 tractata
1634 3765 1724 3813 serrat
1735 3758 1809 3828 apud

178 3845 266 3918 (Prot.
281 3863 319 3913 tx,
341 3848 397 3919 lb),
411 3867 421 3902 ι
437 3856 478 3914 ut,
499 3847 551 3906 etsi
565 3849 713 3907 tribulandi
727 3864 823 3906 sumus
839 3847 970 3919 justoju·
1020 3870 1059 3912 aa,
1078 3854 1132 3910 Sed
1148 3869 1212 3910 aum
1231 3851 1383 3909 aoelestiura
1400 3851 1509 3923 penitus
1523 3848 1620 3913 oblite,
1632 3848 1690 3905 sula
1706 3860 1807 3913 versat,

177 3937 251 3996 ⁶¹⁶⁰
264 3948 312 3997 ¹¹¹⁰
326 3957 413 4014 us(lue
438 3941 472 3997 id
499 3951 615 3999 ”mitem
632 3943 680 3998 ‘³¹¹³
706 3941 897 4013 ⁰⁰¹¹¹l>¹³¹¹l³lis
921 3938 969 4009 qui
1020 3948 1091 4020 apud
1104 3964 1134 4005 se
1162 3955 1280 4012 terrena,
1299 3954 1365 4001 tune
1378 3944 1499 3999 atllrteret
1521 3943 1551 3996 in
1573 3950 1644 3996 terro
1662 3951 1743 3996 uentu
1755 3958 1807 3995 un-

177 4029 292 4087 dltisti:
309 4048 319 4085 t
337 4030 477 4089 Tristises
500 4033 592 4089 animo
622 4049 681 4089 mea
704 4032 839 4102 usquead
852 4040 967 4088 mortem
1020 4049 1084 4106 ater,
1111 4037 1307 4110 eonptutiootur
1333 4033 1412 4106 quasi
1448 4031 1623 4089 meracissimo
1648 4028 1746 4102 glutine
1778 4029 1806 4084 in

177 4122 289 4194 (uuirt.
312 4140 387 4190 utut,
400 4125 458 4196 38),
477 4143 487 4178 a
504 4142 557 4181 non
574 4134 664 4182 tanton
689 4124 851 4180 tribulemur
863 4125 905 4179 rel
921 4124 969 4177 tri·
1020 4128 1212 4200 hujusmundi
1227 4127 1298 4198 pice,
1326 4140 1408 4195 quam
1433 4122 1480 4195 qui
1497 4121 1625 4194 tetigerit,
1654 4119 1806 4191 inquinabi-

178 4226 284 4275 stemur
294 4228 356 4290 post
368 4226 494 4275 mortem.
1021 4229 1076 4287 tur,
1095 4228 1198 4291 quatuo
1211 4220 1308 4291 magis,
1330 4218 1377 4289 qui
1394 4216 1481 4272 eidem
1507 4213 1708 4287 conglutinatus
1720 4213 1761 4268 diu
1776 4213 1806 4268 itt

214 4308 299 4366 Aliter
318 4308 424 4366 :Nobis
437 4308 501 4380 ptiir
524 4308 590 4365 Cere
602 4311 659 4380 jam
678 4320 787 4380 peracta
813 4319 856 4366 est
877 4325 970 4365 resur·
984 4331 1008 4385 p
1021 4332 1052 4370 oa
1068 4314 1199 4370 teucturl

177 4400 275 4466 rectio,
287 4400 350 4470 quia
367 4400 543 4456 credimuset
558 4384 692 4456 scutimus
705 4410 741 4466 te,
755 4401 876 4468 Christe,
892 4417 967 4456 mor·
1053 4408 1137 4464 Aliter
1150 4426 1157 4462 ς
1172 4404 1323 4461 Humidum
1342 4414 1380 4461 est
1399 4404 1427 4458 in
1444 4401 1549 4473 puluere
1564 4402 1654 4456 enimn
1673 4399 1806 4466 nostruid

179 4498 256 4546 [llum
274 4498 384 4562 Ρῐθῦῑθῑ
398 4489 495 4547 ΜΨ·
513 4500 608 4547 ”Osiri
624 4491 825 4559 ffl0l¹lfi⁰³¹¹d22
837 4504 864 4549 ct
876 4508 969 4548 lesur-
1018 4510 1060 4558 est
1071 4499 1191 4571 illi,quia
1200 4498 1334 4568 spiritales
1342 4492 1806 4553 etmembrorum‘carnaliumretto·

180 4580 284 4640 misse
304 4593 414 4653 lll⁰ll²er
435 4582 658 4654 1⁰⁵¹5ss⁰³¹i⁰¹¹l3⁰¹
679 4592 801 4639 ”militm
832 4585 968 4641 suscitan-
1018 4581 1805 4656 resctrirttcaturesessedcnereru‚humittattsuntinpnt-

179 4672 255 4741 dim,
270 4688 302 4730 ³0
322 4675 435 4744 ΡΙὍῑῐῑιῙθ
453 4676 533 4733 Ιιθῧῑθ
561 4689 686 4733 ¹¹¹⁰t11¹¹¹S
714 4691 755 4744 ⁰⁸,
783 4677 863 4734 ¹¹⁰¹)ss
885 4678 967 4733 eliani
1021 4702 1087 4752 ecre,
1102 4685 1130 4739 in
1145 4696 1241 4739 eorum
1261 4680 1385 4738 videlieet
1399 4678 1538 4745 societate,
1558 4677 1686 4749 quisunt
1712 4675 1803 4746 puluis,

180 4767 367 4825 ῑθῦῦῐῐθῑῑὸῑὶ·
394 4766 447 4824 Sed
467 4767 530 4836 illis,
545 4769 592 4839 (lui
613 4783 664 4824 ¹¹⁰⁵
686 4769 828 4837 ²¹5¹>ssle
844 4770 968 4827 nondum
1019 4779 1084 4834 dum
1096 4777 1166 4833 idem
1180 4773 1246 4833 dicti
1257 4781 1437 4830 rectoresnon
1448 4769 1590 4827 excutiunt
1603 4789 1613 4820 r
1624 4767 1752 4840 pulverem
1761 4753 1819 4868 pe}

178 4860 367 4925 resurrexisti,
388 4859 453 4931 prtia
471 4871 609 4918 mortuum
638 4863 749 4934 quidem
776 4879 808 4918 nc
832 4863 980 4934 sepultum·
1020 4858 1816 4950 (ιιιιιι(1,ιιι·.ιι,5)ιειιιιιιιιιιιιιιιιιιοιηιιιιιιιοιιιιιςιιίιιιιιιί

180 4965 235 5008 uon
251 4951 452 5019 contradicunt,
471 4953 517 5010 sed
531 4963 556 5008 tc
570 4953 708 5010 bominem
730 4955 922 5019 resurrexisse,
937 4969 970 5008 ac
1021 4962 1107 5018 stuata
1121 4960 1318 5025 animantum,
1329 4957 1377 5028 qui
1390 4970 1444 5012 non
1454 4954 1590 5024 recipiunt
1601 4962 1685 5010 eoset
1695 4951 1816 5038 rerbomj'

180 5046 370 5116 superomnia
393 5062 448 5102 una
464 5062 527 5103 cum
543 5044 624 5103 Patre
640 5045 696 5102 Deo
716 5063 831 5119 regnare
855 5046 970 5102 tuinitne
1023 5054 1068 5109 bei
1076 5069 1124 5125 per
1131 5068 1180 5111 eos
1187 5052 1413 5127 evangelizatum,
1425 5049 1473 5106 sed
1483 5049 1511 5105 iu
1521 5048 1612 5105 medio
1619 5046 1707 5119 populi
1714 5043 1814 5122 polluti⁸

180 5137 370 5209 atttttlescttttt,
393 5140 458 5195 llum
470 5155 522 5196 lios
538 5137 657 5195 famulos
671 5150 758 5196 tunsa
773 5149 799 5195 ῑθ
815 5153 869 5196 nott
883 5138 971 5210 tnagis
1022 5148 1062 5204 sic
1078 5147 1211 5215 habitant,
1224 5155 1321 5204 utnon
1341 5145 1429 5201 solnm
1443 5142 1526 5214 pedes
1551 5141 1662 5212 pulvere
1688 5139 1798 5204 ἠώιος,

167 5229 271 5308 διιιιιίιί
289 5233 422 5300 sentiunt,
437 5248 520 5305 quam
535 5233 558 5288 si
572 5231 696 5289 dormias
717 5240 766 5287 aut
781 5239 909 5287 mortuus
928 5231 972 5303 ja·
1022 5238 1069 5294 aaa
1082 5238 1164 5294 attam
1175 5238 1246 5294 labia
1262 5252 1310 5309 par
1329 5235 1542 5292 taciturnitatem
1567 5232 1668 5306 polluta
1681 5231 1800 5310 inuenian-

180 5337 246 5380 tots
266 5342 273 5379 :
295 5322 415 5397 Emurpe
438 5326 531 5398 igitur,
547 5324 574 5380 id
593 5333 637 5381 cst
657 5323 770 5381 ostende
782 5334 810 5380 te
831 5334 971 5395 pastorem
1023 5338 1068 5385 tur
1079 5330 1188 5394 babere,
1200 5329 1265 5386 dum
1278 5327 1376 5383 nolunt
1388 5340 1512 5397 arguere,
1523 5321 1721 5396 quaearguendt
1731 5317 1800 5378 intr}

181 5413 295 5481 imnum,
309 5415 371 5472 lieet
384 5431 433 5488 tro
451 5417 507 5472 tuis
526 5415 625 5471 ovibus
647 5416 769 5472 occisum
787 5415 858 5471 victa
883 5424 972 5472 tnorte
1024 5422 1120 5494 ligurit.
1140 5419 1334 5476 Venterautem
1347 5417 1555 5474 nosterudboetit
1569 5416 1686 5479 interro,
1699 5413 1796 5486 quisti,

182 5505 349 5580 surrexisse,
364 5523 397 5563 ae
409 5523 491 5578 super
503 5524 555 5565 tros
574 5524 640 5565 ores
653 5518 715 5564 tuas
731 5506 833 5580 jugiter
848 5507 971 5580 uigilare.
1023 5514 1070 5584 qai
1088 5514 1202 5569 omnino
1212 5513 1239 5567 ia
1252 5511 1381 5568 sacietate
1393 5520 1486 5568 aaataa
1499 5517 1579 5566 arant
1591 5507 1720 5572 carnales,
1730 5505 1797 5562 jatat-

183 5590 347 5651 ⁰⁹¹¹¹⁰l¹⁵²ffl
366 5598 497 5666 inimicis,
511 5600 642 5670 quoniam
655 5614 726 5672 quos
742 5601 781 5656 illi
792 5613 913 5659 mactare
928 5600 972 5656 iu·
1024 5601 1144 5676 ligentiac
1157 5603 1308 5675 spiritualis
1318 5601 1431 5659 minime
1446 5616 1562 5673 capaces
1576 5594 1796 5656 adbmscmnttlta
