3817 6000
96 221 149 281 719
435 220 712 282 tundamentum
729 224 763 283 tu
781 225 950 283 PSALMOS.
965 226 1175 284 -111151-
1192 228 1291 286 PSAL.
1311 229 1380 286 1111.
1667 234 1719 293 700

94 342 141 400 irie
159 355 295 395 memoret
311 338 431 395 heulinis
442 341 601 410 temporalia
625 340 882 398 contemnendam
897 351 920 406 Α
934 341 1034 399 mantia
1052 342 1187 414 usquead
1205 360 1340 401 summam
1369 344 1522 403 llrrinitatis
1542 349 1657 421 gloriam
1675 358 1719 408 est

95 456 107 488 ι
122 433 250 491 immines
271 441 299 488 et
319 432 444 503 jumenta
458 431 597 500 salvabis,
610 432 736 502 Domine,
751 435 882 506 quemod-
935 446 1041 504 euecta,
1051 436 1192 493 divinitate
1205 437 1402 495 humarritatem
1417 452 1472 494 non
1494 450 1674 498 consumente
1688 443 1717 499 in

93 527 210 584 modum
238 523 425 594 multiplicasti
448 523 665 582 misericordiam
690 534 764 582 tuam
792 524 880 598 (Psoi.
935 529 1016 587 iidem
1030 528 1201 597 deiectionis,
1227 529 1275 587 sed
1297 541 1505 588 consummante
1520 533 1641 589 induem
1655 549 1718 605 per·

95 635 184 685 serr,
199 617 226 684 ’1,
238 617 300 688 8).ι
317 615 442 674 Veterem
457 617 595 675 homiuem
618 618 708 676 salvas
734 634 767 675 oo
790 620 879 676 salute
933 620 1072 688 iectionis,
1096 630 1127 678 ut
1147 621 1283 692 perieetus
1305 623 1399 691 lemn,
1425 622 1553 696 idemque
1578 623 1718 696 perlectos

91 727 149 782 qna
163 710 349 767 salvaremur
365 709 507 782 iumenta:
532 727 633 767 norum
651 720 755 777 auen,
774 714 821 784 qui
837 711 882 768 di·
933 711 1008 769 Deus
1018 712 1097 784 quasi
1109 713 1326 785 rotundumque
1337 714 1548 773 interminabilis
1561 717 1656 789 gloriae
1669 718 1716 774 sit.

91 803 168 858 citior
177 801 251 871 pitina
266 801 380 857 dominis
392 817 477 874 prope
490 803 614 875 respicis,
638 814 666 861 et
686 805 790 872 visitur,
814 804 880 860 dum
931 803 1036 876 Quippe
1046 804 1118 874 filios
1131 805 1245 859 dominis
1257 804 1343 877 pluria
1368 816 1392 860 et
1406 807 1502 862 nonore
1516 808 1615 864 dicitnr
1637 825 1717 865 coro·

91 893 213 951 interios
231 894 335 952 lumine
360 894 453 952 vultus
479 895 519 950 tui
546 894 643 952 torrem
668 896 729 968 ejus
749 896 879 952 illustras.
931 906 1023 959 natus,
1035 893 1314 967 qnarrdoassumptus
1328 896 1450 952 lronroin
1467 896 1554 968 pluria
1573 907 1599 954 et
1619 899 1717 954 trorrore

91 982 247 1042 lindeeum
262 985 381 1043 dieitur:
407 986 478 1053 Quid
502 996 542 1042 ert
558 987 646 1054 lomi,
668 987 824 1059 depressive
842 987 881 1042 le-
930 983 1071 1038 liirinitati
1095 985 1246 1041 assumenti
1273 995 1316 1041 est
1339 987 1487 1043 identatus.
1510 985 1588 1044 Unde
1608 988 1671 1047 lieet
1687 990 1716 1047 in

88 1076 213 1148 gendum
226 1085 279 1145 est,
294 1092 327 1134 ae
337 1078 360 1133 si
371 1077 495 1134 dicatur:
510 1094 592 1150 quom
609 1077 722 1136 rilisres
732 1089 771 1135 ert
781 1079 880 1134 lomet
929 1073 1181 1132 veritateClrristus
1194 1076 1331 1134 sitiamus
1348 1094 1382 1135 ex
1396 1081 1502 1136 semine
1516 1079 1601 1137 David
1617 1097 1716 1139 seeun-

87 1168 126 1226 m
152 1169 215 1227 ideo
238 1177 282 1226 est
315 1170 437 1226 mirabile
461 1172 534 1243 quod
549 1180 589 1240 tu,
616 1171 878 1240 nominenominee
930 1166 995 1222 dum
1009 1181 1131 1235 carnem,
1153 1177 1243 1223 molen
1268 1185 1323 1225 non
1336 1169 1394 1241 jan
1419 1173 1659 1232 eorrnumerandus
1673 1184 1716 1232 est

87 1271 192 1330 nom,
203 1277 303 1317 mmor
317 1279 345 1318 ρ,
369 1263 437 1334 ejus,
449 1264 517 1321 Cum
533 1280 598 1321 vero
608 1264 708 1322 (ticinus
724 1283 732 1320 :
748 1264 819 1331 Quia
840 1275 880 1322 ις(
929 1255 1000 1311 iuter
1010 1270 1093 1326 opera
1103 1257 1205 1322 diviua,
1220 1259 1267 1313 sed
1277 1258 1434 1317 adorandus
1447 1277 1524 1331 super
1535 1262 1625 1319 omitia
1636 1281 1716 1336 opero

84 1350 168 1422 fitius
181 1351 295 1406 iomiuir
306 1352 320 1407 l
333 1353 479 1409 exaltative
503 1354 646 1426 legendum
670 1364 723 1422 est,
743 1370 776 1411 ae
790 1356 813 1412 si
837 1356 879 1411 di·
929 1364 1056 1404 ”motum
1069 1349 1167 1405 Pallii·
1181 1348 1311 1421 80(1111101
1324 1351 1416 1408 001103

86 1451 187 1499 eatur:
206 1457 288 1514 quam
302 1445 421 1515 pretiosa
441 1461 487 1503 res
508 1447 631 1517 eetfilim
652 1448 788 1503 dominis!
800 1447 878 1515 Quod
965 1438 1048 1497 Vens.
1068 1440 1093 1495 7.
1115 1440 1151 1495 m
1175 1444 1338 1499 eortstitnisti
1358 1458 1425 1500 'enni
1453 1463 1532 1519 super
1552 1466 1633 1520 opere
1655 1467 1714 1505 mu-

90 1534 160 1591 inde
168 1544 302 1607 apparet:
320 1539 451 1608 quoniam
476 1550 516 1607 tu,
535 1539 658 1609 Domine,
678 1539 808 1596 Dominum
831 1557 878 1596 rto·
928 1538 1715 1613 nwmittfumsssliiiffi⁵⁰90f²¹¹8010f⁰¹¹¹⁵¹¹fflffl⁰⁸Ch>·

84 1639 148 1683 ster
157 1629 247 1684 airum
257 1645 328 1685 mm.
341 1628 489 1702 Prirreipali
501 1631 658 1691 uisitatione
676 1634 750 1705 lilim
764 1635 877 1692 ionrmie
927 1627 1130 1706 1003001005
1158 1631 1277 1685 ’0100011
1298 1648 1367 1699 eum·
1390 1644 1415 1688 ⁶⁸
1434 1638 1627 1706 *immolas
1648 1656 1711 1712 qun

87 1717 217 1772 visitetur
231 1726 281 1785 ert,
295 1734 358 1774 eom
376 1738 386 1771 ι
405 1718 522 1777 Verbum
535 1738 600 1780 coro
613 1722 716 1781 tactum
730 1735 774 1783 est
783 1725 875 1799 (loen.
893 1693 980 1775 Bsuli
993 1728 1019 1775 te
1034 1730 1108 1776 suut.
1125 1721 1194 1778 Cum
1219 1734 1309 1781 autern
1333 1725 1400 1782 dicit
1435 1731 1535 1797 omnio,
1563 1731 1631 1786 nihil
1656 1747 1712 1789 non

86 1822 111 1874 ι,
126 1809 283 1880 illisum
303 1808 375 1867 lleus
387 1809 478 1869 laetus
489 1822 534 1870 est
555 1814 643 1883 tomo,
656 1816 689 1874 de
701 1826 877 1890 quopropter
925 1810 1078 1880 subiectum
1094 1813 1207 1871 dimisit.

84 1899 276 1957 initi-mitatem
288 1904 381 1961 earnis
395 1905 595 1964 teutonicum:
961 1901 1045 1958 Vens.
1073 1904 1100 1961 8.
1125 1905 1231 1973 Omnia,
1248 1908 1347 1979 inquit,
1377 1911 1513 1982 subjecisti
1530 1914 1577 1968 mli
1603 1914 1713 1986 peditus

124 1993 209 2053 Vns,
228 1999 255 2052 6,
276 1996 400 2055 uenusto·
412 2017 473 2055 eum
500 2002 581 2072 paolo
606 2003 693 2058 nonu,
715 2003 748 2059 ap
764 2005 874 2078 myas„
924 1993 992 2064 ejus.
1008 1993 1060 2049 Per
1074 1994 1157 2066 pedes
1170 1996 1332 2070 intelligitur
1349 1999 1451 2057 Christi
1464 2004 1710 2071 lrurnanitas,sicut

84 2085 275 2145 &peonnam
303 2091 413 2161 quinem
434 2101 547 2162 peccam
568 2103 595 2150 ει
616 2096 727 2152 miseria
753 2098 874 2169 pienum,
924 2088 1138 2158 perouputejus
1155 2088 1294 2147 diviuitas.
1314 2091 1410 2148 Omnia
1425 2110 1491 2167 ergo
1506 2097 1627 2167 subjecta
1647 2111 1712 2156 suut

85 2180 229 2237 lmnninem
241 2191 372 2249 veterem,
390 2184 507 2240 mulium
524 2186 645 2241 melloten·
657 2188 689 2243 ot
701 2188 802 2260 appell,
813 2206 876 2261 pec.
924 2196 980 2236 non
996 2182 1085 2236 solum
1099 2183 1194 2253 capiti,
1207 2184 1348 2240 sedetiam
1362 2185 1472 2256 peditus
1482 2188 1549 2257 eim.
1564 2187 1641 2248 Unde
1650 2192 1711 2264 ipse
1729 2223 1733 2238 ›

83 2280 152 2328 meo
162 2281 189 2327 et
203 2272 314 2329 miseria
326 2275 509 2332 parentinus:
534 2275 617 2333 istum
633 2293 699 2335 vero
714 2295 815 2338 novum
828 2282 876 2336 tio.
924 2272 1002 2327 lome
1019 2273 1078 2343 jum
1100 2275 1186 2345 gloria
1213 2273 1433 2334 llesurreetinnis
1461 2291 1602 2337 coronatur
1624 2285 1710 2340 dicit:

85 2367 409 2439 niuem9qttipoeca1um
431 2385 487 2426 non
509 2370 808 2444 fecit‚minnigtim10
822 2390 874 2429 mg.
926 2383 938 2416 t
958 2362 1027 2420 1)οΒ
1040 2374 1083 2420 est
1097 2365 1165 2421 1111111
1179 2366 1271 2423 omnis
1286 2367 1448 2437 1101θὸ10810
1468 2369 1538 2425 011110
1549 2380 1577 2426 et
1590 2373 1617 2427 111
1635 2383 1707 2430 terro

85 2474 152 2525 rme,
178 2460 253 2529 qnia,
280 2476 344 2515 eum
364 2476 415 2532 per
429 2461 545 2532 justitiae
561 2463 688 2522 virtutem
705 2466 828 2536 superior
839 2465 876 2522 sit
924 2456 1198 2528 (llottlarvnrdll),
1210 2459 1293 2530 aquia
1312 2459 1338 2514 in
1350 2460 1420 2516 coelo
1433 2459 1496 2516 etin
1506 2471 1576 2518 terra
1588 2465 1710 2537 subjecta

85 2549 204 2620 anoctis,
227 2560 316 2608 temen
339 2564 450 2626 propter
475 2556 650 2615 nior-talitatis
678 2558 873 2627 internitionem,
923 2559 989 2608 sunt
1012 2550 1050 2608 illi
1064 2551 1164 2606 omitia.
1178 2550 1245 2618 Qun
1254 2552 1453 2609 omnialllnnr
1468 2554 1573 2612 seilicet
1585 2565 1613 2613 et
1625 2560 1709 2617 ruala.

85 2658 147 2712 qua
161 2653 254 2699 carent
267 2645 367 2715 angeli,
381 2645 472 2702 minor
488 2646 540 2703 init
556 2648 656 2720 ampelio
668 2649 751 2719 portio
775 2650 872 2715 oditur,
961 2643 1026 2701 Ores
1039 2655 1065 2700 et
1079 2644 1154 2699 boner
1165 2645 1312 2712 uniuersus,
1327 2647 1434 2716 desuper
1457 2657 1483 2702 et
1495 2664 1589 2719 peoora
1611 2652 1709 2722 campi.

87 2736 116 2792 lo
130 2744 173 2792 est
191 2737 227 2794 ad
242 2738 379 2795 modicum
393 2750 510 2812 tempos,
518 2741 643 2799 videlieet
657 2758 743 2814 usque
755 2743 788 2798 ad
802 2759 874 2798 nior·
923 2736 1006 2793 liittit
1017 2752 1070 2794 nos
1080 2737 1114 2793 nd
1129 2738 1276 2809 mysticum
1288 2738 1465 2806 intellectum,
1475 2756 1538 2797 eum
1553 2741 1655 2799 relictis
1666 2743 1710 2799 al·

86 2835 156 2884 tem.
186 2828 238 2884 Sed
265 2840 329 2901 post
354 2832 452 2888 mortis
474 2833 655 2904 triumphuni,
670 2832 810 2891 destructo
826 2850 875 2906 per
923 2828 1451 2902 tiorilruspnnitima.Perouerocuipit
1466 2832 1643 2902 innoeentes;
1657 2850 1708 2907 per

84 2918 149 2988 ejus
172 2929 288 2977 mortem
315 2937 349 2978 eo
385 2923 433 2994 qui
456 2923 573 2980 ltalteltat
598 2924 695 2981 mortis
717 2923 872 2995 imperium,
922 2921 998 2977 iones
1013 2921 1150 2992 praelatos,
1170 2921 1217 2993 qui
1245 2921 1329 2978 verto
1349 2922 1398 2979 liei
1424 2934 1503 2981 aram
1523 2937 1656 2992 terrenos,
1679 2940 1709 2985 nt

83 3011 176 3081 pierio
199 3011 418 3072 Resurrectionis
444 3025 471 3073 et
494 3017 591 3074 tenore
609 3016 785 3074 Aseeuslonis
798 3033 873 3073 eoro-
885 3043 909 3108 c
923 3016 1097 3074 iruetilieent.
1110 3017 1163 3074 Per
1183 3034 1241 3073 mes
1254 3019 1335 3074 etiam
1351 3019 1540 3093 intelliguntur
1560 3025 1707 3095 enepotius

84 3105 162 3159 nosti
179 3121 240 3160 eom
254 3122 265 3161 ;
277 3108 368 3165 earnis
389 3124 499 3181 quoque
524 3119 598 3167 tauta
623 3109 826 3178 darilleatione,
843 3120 874 3166 ut
923 3123 957 3164 eo
975 3107 1047 3178 qnod
1064 3108 1187 3181 legitur,
1207 3108 1280 3180 quod
1303 3111 1405 3167 relictis
1429 3113 1577 3186 nonaginta
1599 3132 1706 3183 rnorem,

85 3197 162 3268 quod
174 3198 247 3255 ineo
264 3210 322 3256 erar
332 3217 431 3273 corpus
442 3201 619 3271 trininitatis,
637 3219 712 3260 nunc
725 3204 761 3261 sir
772 3219 872 3275 corpus
925 3214 987 3268 qun
1006 3205 1071 3253 suot
1090 3197 1187 3270 tondi,
1208 3198 1281 3255 venie
1293 3215 1416 3270 querere
1428 3216 1506 3258 orem
1519 3205 1706 3275 centesiman,

83 3288 221 3346 claritatis
233 3289 268 3346 od
278 3291 488 3349 similitudinem
505 3294 604 3351 solaris
614 3295 762 3367 eorporis:
788 3295 871 3363 unde,
925 3287 952 3344 id
963 3287 1152 3345 estilotttittem
1168 3288 1244 3358 (laot-
1263 3305 1310 3358 xv,
1324 3292 1364 3363 1).
1380 3290 1414 3348 Ει
1436 3302 1479 3350 est
1498 3311 1598 3351 sensus
1613 3315 1621 3352 z
1637 3313 1706 3364 ores,

84 3396 170 3452 ouem
185 3380 396 3456 Redemptoreur
407 3386 579 3457 suscepimus
592 3387 619 3442 in
633 3401 747 3457 corpore
756 3386 872 3442 intirmi·
924 3378 950 3434 id
964 3388 1008 3435 est
1019 3379 1131 3451 angelos
1150 3381 1276 3438 eoelestes
1291 3383 1319 3438 in
1341 3385 1411 3441 coelo
1424 3396 1561 3455 meantes,
1574 3398 1600 3442 et
1621 3390 1706 3457 tenu,

84 3474 163 3542 tatis,
188 3477 277 3547 ipsunt
300 3478 493 3535 «salvatorem
519 3490 708 3551 emmeramus
726 3479 870 3536 Dominum
923 3469 950 3525 io
964 3480 1008 3526 est
1028 3471 1209 3544 evangelistas
1233 3472 1261 3529 in
1290 3482 1361 3531 terra
1375 3476 1543 3547 laborantes,
1556 3479 1707 3551 subjecisti:

84 3565 182 3624 Jegum
194 3566 344 3635 Christum¹
356 3571 404 3643 qui
416 3569 577 3628 reformabit
596 3588 698 3644 corpus
709 3572 873 3629 humilitatis
922 3562 1031 3632 insuper
1044 3571 1068 3617 ti
1080 3579 1175 3634 pecora
1190 3566 1289 3635 campi,
1300 3566 1327 3622 111
1342 3579 1384 3624 &Si
1399 3584 1454 3625 non
1466 3570 1555 3627 solum
1567 3571 1653 3629 bouus
1665 3573 1704 3628 1111

86 3669 192 3716 nostra
208 3662 407 3735 configuratum
426 3664 536 3734 corpori
562 3663 695 3720 claritatis
715 3678 772 3721 suae
786 3661 870 3735 (Phil,
893 3690 900 3699 ·
921 3653 1067 3724 subjecisti,
1082 3655 1129 3712 sed
1152 3666 1180 3712 ei
1200 3657 1299 3725 malos,
1313 3658 1360 3730 1101
1384 3669 1448 3716 suut
1476 3662 1503 3717 111
1529 3663 1707 3720 torcularibus

87 3768 131 3820 ιιι,
142 3753 200 3825 at).
219 3772 302 3808 ›-‹
322 3754 399 3813 runo
407 3757 473 3829 posu
485 3755 750 3829 tntpnuntsicunot
760 3756 870 3829 (narrt.
921 3746 1044 3817 permisti
1067 3744 1158 3814 nonis,
1176 3756 1207 3803 or
1221 3748 1419 3817 vinaceis-roo,
1438 3762 1465 3808 et
1488 3768 1600 3811 amurca
1624 3756 1704 3824 οἰκίη

85 3844 218 3918 1121,ng
241 3863 252 3900 ι
272 3845 414 3919 fulgebunt
438 3863 548 3920 quoque
574 3858 730 3905 sanctorum
757 3863 872 3920 corpora
922 3837 1071 3895 sonteuim
1082 3854 1176 3908 peroro
1190 3840 1288 3910 compi,
1304 3840 1368 3911 quia
1390 3841 1485 3897 vivunt
1500 3843 1526 3898 iu
1547 3860 1639 3911 carne,
1658 3862 1705 3902 so·

83 3937 261 3995 gicmgolm
275 3954 375 4011 cop-pus
394 3939 507 4006 Christi,
530 3940 604 4012 quod
627 3939 796 4012 fulgoresuo
810 3940 873 3996 illu.
922 3926 1162 3998 tislaoetosetnper
1172 3929 1314 4000 0111110111θὸ
1328 3931 1429 3999 11011111,
1445 3943 1473 3988 ei
1488 3935 1592 3990 0111111111
1603 3953 1705 3993 coticu-

83 4037 157 4085 mne
171 4031 273 4086 omnia,
287 4030 364 4088 siem
381 4032 454 4088 onim
475 4032 514 4089 ira
535 4041 631 4103 regnat
651 4031 790 4103 plenitudo
801 4032 872 4104 iguis
920 4026 1060 4098 piseentiae
1070 4027 1097 4084 in
1109 4027 1164 4083 tata
1174 4037 1202 4085 et
1212 4029 1332 4101 spatiosa
1350 4032 1404 4100 ria,
1422 4049 1483 4104 qnae
1497 4034 1572 4091 ducit
1584 4037 1618 4091 ad
1629 4055 1705 4093 erur-

83 4121 199 4178 aetluerei
211 4121 238 4178 in
254 4123 337 4179 solari
351 4139 474 4194 torpore,
485 4136 516 4180 nt
527 4124 589 4180 inde
602 4124 720 4180 calorem
743 4132 771 4180 et
782 4124 872 4195 splen·
920 4133 971 4188 pos
983 4119 1183 4177 desideriorum
1194 4122 1378 4190 terrestrium,
1394 4123 1512 4182 vitantes
1530 4126 1654 4195 arduam,
1676 4138 1705 4184 et

84 4212 183 4269 (loreto
209 4214 307 4270 habeat
332 4216 451 4272 mundus
477 4222 570 4272 totus:
599 4215 640 4272 sie
654 4215 681 4272 in
695 4215 795 4272 Christi
811 4232 871 4272 eor-
920 4223 1066 4284 ougustam
1077 4215 1161 4281 uiam,
1178 4230 1241 4286 quae
1255 4215 1333 4272 ducit
1344 4216 1378 4271 ad
1392 4218 1626 4289 pasenajnstitiae,
1642 4237 1705 4293 que

85 4316 157 4374 pore
169 4303 348 4373 corporaliter
361 4304 517 4360 inhabitans
531 4305 622 4361 omnis
643 4304 784 4375 plenitudo
796 4305 872 4361 [liri-
921 4312 964 4360 est
976 4304 1048 4361 sieut
1058 4315 1165 4361 montes
1178 4304 1237 4361 oet.
1250 4304 1316 4365 lnde
1334 4308 1417 4363 etiam
1438 4308 1507 4365 Atel
1527 4311 1662 4368 occiditur
1675 4313 1704 4371 iu

85 4395 186 4452 nitatis
203 4396 340 4452 illuminat
365 4396 490 4453 veritatis
514 4396 691 4468 agnitionem,
720 4396 870 4454 inflammat
884 4392 1018 4468 Deorupo
1030 4394 1106 4469 (Gen.
1121 4413 1159 4464 rr,
1170 4398 1206 4466 8).
1226 4396 1259 4453 lli
1280 4407 1346 4455 sunt
1361 4401 1407 4470 qni
1422 4401 1540 4457 dieunt:
1560 4423 1569 4456 ι
1587 4402 1704 4462 Uxorem

83 4484 198 4545 virtutis
219 4503 312 4545 amore
326 4489 425 4545 eoelurn
452 4499 481 4543 et
498 4497 610 4554 terram,
626 4488 652 4544 id
666 4496 709 4545 est
732 4488 869 4545 ooelestenr
919 4489 997 4555 duri,
1009 4499 1037 4546 et
1058 4490 1120 4547 iden
1137 4506 1192 4548 non
1212 4506 1323 4561 possum
1345 4494 1438 4549 verrire
1454 4493 1532 4564 (ιιι.
1546 4512 1602 4564 rm,
1615 4497 1672 4569 2⁰).
1692 4520 1702 4553 r

84 4586 283 4636 etterrestrem
299 4578 557 4651 Bonosumlgunr
577 4580 662 4651 plotio
675 4589 701 4635 et
716 4580 813 4635 lomere
823 4596 870 4636 co·
955 4582 1194 4653 stipationem
1223 4583 1331 4653 peditus
1354 4585 1477 4657 eiusdem
1506 4587 1554 4645 liiii
1581 4589 1704 4646 lromiuir

85 4681 205 4728 rouatus
217 4681 260 4728 est
281 4672 355 4743 filim
383 4671 498 4727 leminis
522 4688 571 4743 per
584 4672 805 4730 elaritloatioueru
818 4672 871 4729 lle·
920 4676 1008 4747 (vrrs.
1019 4675 1048 4745 0)
1061 4675 1178 4733 uolucres
1191 4677 1260 4742 culi,
1271 4677 1301 4735 id
1314 4686 1357 4734 est
1372 4679 1516 4750 superinos,
1532 4681 1590 4752 qui,
1607 4690 1637 4738 ut
1648 4683 1705 4740 eie·

86 4763 267 4820 surrectionis
296 4772 324 4820 et
352 4763 541 4821 Ascensionis.
568 4762 637 4820 Nam
664 4780 774 4837 eorpus,
797 4765 870 4837 quod
919 4777 1017 4822 rentur
1028 4782 1109 4838 super
1120 4776 1234 4827 eeteros
1248 4770 1275 4825 in
1292 4771 1344 4827 hoc
1355 4770 1468 4834 mundo,
1477 4773 1704 4843 acquisitionibus

84 4858 186 4914 eratin
198 4857 308 4914 Cheimo
320 4857 443 4926 iuferius,
456 4859 567 4930 quando
579 4859 659 4929 punio
672 4862 758 4914 miens
775 4860 807 4915 ai
822 4877 871 4917 au·
920 4860 1034 4915 terrenis
1055 4859 1172 4926 inhiant,
1191 4861 1291 4933 quilms
1317 4863 1460 4934 adquisitis
1482 4865 1558 4921 uelut
1581 4867 1633 4923 alis
1646 4870 1705 4940 qui·

85 4952 153 5023 petia
165 4961 224 5009 erat
236 4953 400 5019 minoratos,
415 4954 467 5010 loe
479 4953 602 5010 aseendit
623 4953 658 5010 ad
678 4963 786 5010 aeterme
798 4952 871 5010 Diri·
920 4950 1035 5005 busdam
1051 4966 1081 5007 se
1093 4951 1122 5005 iu
1135 4952 1235 5008 eoelum
1254 4967 1336 5024 posse
1348 4955 1440 5011 rotare
1455 4965 1561 5026 putant,
1576 4974 1639 5015 eum
1657 4977 1702 5015 re·

85 5044 181 5101 nitetis
192 5055 219 5102 et
231 5045 364 5102 claritatis
375 5054 479 5102 tautam
492 5047 689 5111 summitatem,
704 5055 734 5103 ut
745 5055 818 5103 recte
828 5045 871 5102 di·
920 5040 1010 5113 liquos
1023 5041 1148 5098 immines
1161 5045 1364 5114 eorrrparatione
1375 5047 1418 5102 sui
1435 5062 1567 5117 pauperes
1578 5058 1606 5103 ut
1619 5050 1705 5121 inglo-

84 5135 287 5193 uetur2l'itim
300 5138 413 5193 leminis
423 5136 510 5209 ptumo
520 5147 545 5192 et
559 5136 657 5193 tenore
667 5136 871 5194 Deitatiseoro·
918 5132 975 5188 n'os
1000 5132 1079 5202 quasi
1105 5133 1185 5206 longe
1211 5136 1263 5191 suli
1283 5152 1313 5192 se
1336 5138 1441 5208 positos
1475 5138 1639 5209 despiciunt.
1669 5140 1703 5197 lli

84 5238 178 5284 natus.
198 5227 307 5284 Corona
320 5229 393 5285 eninr
414 5228 515 5284 dieitur
541 5243 605 5285 oum
620 5227 741 5284 circulus
768 5241 869 5283 aureus
919 5233 985 5280 sunt
997 5222 1046 5295 qui
1063 5223 1177 5281 dieunt:
1194 5246 1204 5279 ‹
1222 5225 1318 5283 Villam
1332 5228 1386 5284 euri
1410 5227 1488 5297 (dne.
1507 5245 1564 5296 xm,
1577 5231 1634 5303 llll,
1648 5252 1660 5287 ι
1675 5243 1704 5291 ct

85 5321 114 5376 iu
136 5337 168 5377 re
191 5322 281 5393 ipsum
303 5330 346 5378 est
370 5321 511 5389 reduetus,
536 5322 573 5378 ita
599 5330 630 5377 ut
652 5334 737 5376 turea
766 5318 869 5375 lamina
919 5314 981 5371 ideo
992 5330 1045 5372 non
1061 5331 1173 5387 possum
1185 5319 1287 5375 venire.

86 5412 114 5468 iu
136 5413 263 5484 seipsam
284 5414 398 5470 reducto
420 5429 477 5470 uon
492 5414 591 5472 lrabeat
610 5415 702 5481 tinem,
723 5413 787 5485 quia
807 5412 870 5470 linis
954 5406 1096 5479 Sullecieti
1111 5410 1392 5484 etiampireetmorir,
1406 5415 1434 5472 id
1446 5424 1489 5473 est
1508 5418 1642 5488 curiosos,
1657 5418 1703 5492 ori

85 5504 342 5576 principiojunotus
355 5504 478 5561 imitatur
498 5506 658 5563 intlrritotem
680 5521 728 5577 per
745 5505 870 5561 intermi·
918 5506 1101 5576 perambulant
1114 5508 1220 5562 semitm
1235 5509 1365 5577 marmio
1381 5510 1517 5581 profundo
1535 5513 1627 5568 saeouli
1644 5514 1698 5569 lm·

86 5597 207 5655 stabilem
235 5597 413 5655 rotunditatis
440 5599 634 5670 equalitatem.
669 5597 819 5668 Similiter,
843 5609 870 5656 et
917 5598 1128 5669 jusquaerentes
1145 5600 1315 5670 temporalia,
1328 5617 1389 5673 quae
1406 5604 1486 5674 quasi
1504 5605 1607 5662 semitae
1620 5606 1702 5662 moris

85 5689 232 5763 plusquam
243 5689 380 5761 similiter,
403 5691 467 5764 quia
490 5691 609 5749 numana
634 5690 662 5749 iu
676 5690 785 5752 Christo
805 5694 871 5752 sult-
919 5701 1097 5752 erauescunt.
1112 5690 1144 5749 lli
1156 5703 1220 5752 sunt
1229 5692 1332 5751 curiosi
1344 5706 1511 5755 scrutatores
1523 5697 1583 5755 vitm
1597 5699 1702 5763 olienae.
