3817 6000
328 227 436 284 015

1299 221 1606 279 GERHOHI
1643 220 2035 279 PRAEPost'rt
2081 218 2629 285 nsstclfflttspssnc.

3479 217 3582 277 ote

327 347 611 419 peti-abile.
640 344 846 402 Probat
890 345 999 402 hoc
1026 345 1116 401 ille
1166 346 1416 401 centurio
1457 346 1619 417 cujus
1644 361 1899 417 magnam
1932 351 1981 408 A
2007 361 2105 416 pes
2130 345 2247 417 ipse
2268 346 2374 402 mei
2406 344 2689 417 regiminis
2715 342 3061 416 praesentiam
3083 347 3139 398 et
3164 337 3462 412 potentiam
3484 354 3549 394 ex
3567 366 3590 380 -

329 442 490 498 tidem
536 439 801 495 Dominus
848 438 1127 496 admirans
1173 440 1289 495 ait:
1337 438 1462 494 Non
1495 442 1667 497 inveni
1699 451 1905 495 tautam

329 535 487 606 fidem
515 533 572 586 in
615 530 789 586 Israel
813 531 969 603 (Luc.
1002 532 1124 603 vu).
1176 529 1233 587 ln
1280 532 1387 588 ltoc
1413 542 1595 590 autem
1639 542 1757 591 erat
1783 551 1903 590 ma-

330 623 557 698 gnitudo
598 623 725 680 lidci
758 624 882 693 eJus
925 624 1242 693 laudabilis,
1274 625 1424 697 quod
1465 641 1577 682 non
1604 643 1742 699 opus
1781 642 1905 684 esse

329 716 717 785 arbitrabatur,
745 727 806 772 ιιι
829 717 1103 787 corporali
1143 719 1431 787 praesentia
1477 720 1683 776 veniret
1710 720 1781 776 ad
1809 737 1903 777 sa·-

329 810 571 866 nandum
595 824 828 879 puerum
872 817 1134 882 :egrotum
1171 826 1387 882 semper
1416 821 1472 867 et
1517 813 1718 885 ubique
1760 831 1904 886 prae-

329 916 460 959 sens
513 901 800 957 ordinator
828 901 1078 958 omnium
1122 917 1330 970 rerum,
1374 919 1515 974 quas
1550 905 1769 962 ordinat
1793 923 1903 964 non

330 996 475 1053 sicut
515 1004 773 1066 operator
798 994 1145 1051 extrinsecus
1177 996 1394 1051 ordinat
1416 1011 1575 1066 opus,
1601 997 1752 1054 verbi
1779 1015 1905 1071 gra·

328 1089 403 1145 tia
430 1088 805 1145 molendinum
833 1087 949 1143 sive
977 1087 1212 1157 alicujus
1231 1088 1428 1144 domus
1456 1089 1770 1157 aediticium,
1808 1090 1902 1146 scd

329 1185 472 1241 sicut
494 1183 826 1240 intrinsecus
848 1191 905 1239 et
930 1182 1227 1239 immobilis
1253 1198 1319 1240 ac
1338 1185 1499 1239 tenax
1524 1184 1681 1257 vigor
1692 1200 1908 1240 earum·-

329 1278 449 1330 dutn
481 1294 681 1330 [arrum.

404 1370 645 1422 nunt-tur
697 1370 842 1422 tumr.
898 1370 1275 1424 centurionem
1327 1367 1555 1439 spiritus
1583 1381 1639 1424 et
1674 1368 1902 1425 animus

333 1470 513 1514 nourr
557 1461 802 1514 nancta-tn
834 1462 934 1514 suh
962 1478 1038 1522 tw,
1074 1474 1183 1514 non
1210 1473 1375 1530 super
1398 1473 1459 1515 se
1487 1458 1709 1525 milites,
1738 1459 1791 1514 id
1820 1468 1906 1515 est

333 1554 509 1602 variar,
561 1550 938 1618 tmgitulinrtvs,
978 1550 1054 1602 vul
1106 1550 1160 1605 in
1191 1548 1339 1606 bono
1369 1550 1456 1606 vel
1497 1550 1552 1605 in
1585 1551 1731 1606 malo
1760 1551 1905 1606 mili·

2005 436 2244 492 bibendo
2267 450 2423 493 suam
2462 436 2857 503 obedientiam,
2880 435 2958 491 ita
2984 440 3043 489 ut
3083 447 3192 487 non
3223 431 3297 486 sit
3322 430 3456 485 mibi
3485 445 3590 486 ne·

2006 543 2159 586 cesse
2182 537 2242 584 ut
2267 543 2370 601 ego
2405 528 2624 585 animus
2659 527 2729 584 ad
2769 527 2960 598 pedem
2987 524 3095 580 mei
3121 522 3366 595 corporis
3391 521 3590 578 vadam

2004 628 2060 675 et
2086 621 2320 689 mittam,
2346 621 2608 692 quoniam
2643 620 2760 694 ipse
2813 619 2921 676 mei
2952 626 3120 674 nutus
3174 615 3438 687 persentit
3478 612 3589 670 sibi

2004 721 2327 784 presentem
2377 715 2591 786 sibique
2636 713 2970 772 intrinsecus
3011 710 3234 766 insitam
3260 707 3587 773 efficaciam,

2004 806 2262 876 quoniam
2291 820 2392 877 ego
2412 806 2636 877 spiritus
2676 804 2753 861 illi
2777 814 2976 875 praesto
3003 802 3195 866 vitam,
3223 799 3354 856 mihi
3390 816 3421 854 a
3457 813 3588 854 meo

2005 898 2277 969 superiori
2301 898 2398 954 tibi
2427 901 2596 954 etiam
2625 897 2870 953 interiori
2914 894 3241 966 praestitarnz
3268 907 3468 959 nonne,
3499 891 3590 946 in-

2004 1005 2192 1061 quam,
2218 990 2488 1058 similiter,
2514 990 2625 1046 imo
2655 989 2828 1046 multo
2868 987 3387 1060 superexcellentius
3436 983 3585 1041 Deus

2005 1085 2062 1140 in
2110 1100 2171 1140 se
2211 1100 2440 1141 manens
2480 1086 2708 1141 omuino
2733 1083 2948 1141 stabilis
2973 1084 3067 1139 dat
3106 1090 3303 1138 cuncta
3355 1080 3588 1148 moveri,

2004 1176 2179 1232 multo
2206 1176 2321 1246 ipse
2341 1177 2659 1246 prmentior
2676 1174 3091 1233 extremissimis
3116 1171 3402 1237 creaturi5‚
3416 1187 3586 1242 quam

2003 1282 2106 1340 ego
2152 1276 2369 1324 creatus
2420 1268 2649 1339 spiritus
2709 1267 2956 1338 corporis
2999 1265 3110 1322 mei
3162 1264 3325 1320 etiam
3377 1263 3587 1320 intimis

2003 1359 2309 1416 membris?
2338 1357 2397 1415 Si
2437 1375 2539 1430 ego
2566 1359 2964 1431 qualiscunque
3009 1358 3260 1416 centurio
3288 1357 3391 1412 sub
3435 1355 3586 1412 illius

2003 1460 2271 1520 potestate
2295 1452 2626 1508 constitutus
2650 1451 2775 1508 dico
2809 1467 2967 1508 servo
2994 1467 3137 1519 meo,
3170 1451 3222 1506 id
3251 1458 3337 1507 est
3369 1449 3586 1519 corpori

2004 1557 2167 1598 meo:
2197 1539 2310 1598 Fac
2346 1540 2450 1597 boc
2481 1550 2538 1598 et
2575 1539 2706 1597 facit
2728 1541 2873 1615 (dico
2898 1550 3082 1597 autem
3124 1556 3235 1597 non
3278 1555 3415 1597 sono
3432 1540 3587 1596 vocis

329 1658 525 1706 tantm,
557 1658 609 1698 rt
641 1650 782 1698 tolient
810 1646 965 1710 buin,
992 1646 1042 1698 'nl
1074 1652 1155 1699 est
1176 1645 1334 1700 malae
1362 1644 1680 1716 cogitationi
1710 1664 1724 1700 :
1766 1644 1906 1701 Vade
2006 1634 2101 1690 ⁸0⁴¹
2142 1641 2278 1688 ΜΨ
2307 1633 2637 1701 ῪΟῙῦΠῑῧῑῙΒ,
2669 1642 2878 1705 (luam-⁰
2913 1633 3090 1706 magis
3118 1633 3210 1690 ille
3243 1648 3585 1704 quaecunqu‘

325 1750 377 1791 rr
429 1742 569 1791 musi:
601 1754 621 1791 ;
645 1750 693 1791 ει
738 1738 858 1803 ulii,
906 1738 1114 1795 scilicet
1156 1737 1318 1792 bonae
1361 1737 1679 1808 cogitationi
1709 1738 1857 1794 dicat
1886 1755 1901 1793 ε
1935 1713 1979 1768 Β
2008 1724 2194 1791 νθῐῦἰῑ,
2230 1723 2360 1782 ‘005¹-
2384 1725 2437 1780 5¹¹
2462 1726 2677 1783 0oe100‘
2700 1727 2754 1783 ῑῐῑ
2786 1735 2929 1784 term
2964 1734 3019 1782 0‘
3049 1725 3103 1783 5¹¹
3133 1728 3392 1783 ⁰¹¹¹¹¹ib¹¹⁵
3420 1727 3587 1799 abYS·

345 1829 469 1883 t'cni
513 1843 561 1883 rt
605 1831 738 1883 nrm]
766 1847 786 1883 :
818 1839 866 1883 et
914 1847 1058 1883 sert-u
1098 1843 1217 1894 suo,
1251 1827 1307 1882 id
1346 1835 1430 1883 est
1471 1828 1711 1898 corpori,
1755 1827 1903 1898 quod

329 1923 557 1992 castigat
589 1933 639 1979 nt
693 1923 746 1975 in
778 1923 1098 1975 scri-itnnrfm
1130 1917 1347 1989 redigit,
1378 1917 1717 1975 confidenter
1758 1918 1904 1975 dicat

329 2015 445 2083 ipsu
473 2015 689 2067 artimus
734 2035 746 2067 z
782 2015 862 2083 ,ΓΗ-ι’-
894 2015 1006 2075 linc,
1042 2010 1246 2067 scilicet
1267 2009 1402 2065 utile
1422 2024 1563 2080 opus
1591 2009 1832 2081 aliquod,
1852 2019 1904 2065 88

333 2111 529 2175 [nritffl
553 2107 854 2175 l'ntpctttlnt
878 2119 1098 2175 qunque
1124 2102 1239 2172 ipse
1260 2101 1479 2157 animus
1503 2109 1761 2172 tanquam
1790 2101 1905 2157 dis·

329 2211 509 2251 {Tutin-t
541 2199 810 2259 cummim,
846 2199 970 2267 quin
1030 2195 1122 2247 snb
1149 2202 1405 2264 potestate
1425 2193 1608 2250 divina
1646 2194 1905 2249 constitu·-

329 2298 435 2356 tus,
465 2288 538 2344 ita
569 2297 622 2345 et
646 2288 1076 2361 cogitationibus
1111 2294 1164 2341 et
1188 2286 1407 2358 corpori
1433 2301 1537 2342 suo
1558 2286 1808 2356 imperat,
1840 2292 1902 2340 ut

327 2380 480 2436 nullo
506 2381 573 2436 ad
611 2381 716 2436 boc
742 2379 1080 2437 internuntio
1120 2379 1380 2451 indigeat,
1404 2379 1664 2450 quoniam
1691 2393 1788 2449 per
1816 2386 1902 2434 ta-

326 2472 498 2529 citum
527 2472 828 2529 voluntatis
865 2483 1058 2529 nutum
1103 2482 1159 2529 et
1193 2473 1337 2528 mala
1367 2472 1627 2543 cogitatio
1658 2471 1899 2543 fugatur,

325 2572 383 2622 et
423 2565 564 2621 bona
594 2563 911 2631 advocatur,
943 2574 1109 2637 atque
1145 2564 1392 2636 corporis
1424 2578 1563 2635 pene
1594 2572 1703 2619 tota
1732 2564 1902 2619 motio

324 2662 535 2734 regitur
574 2668 712 2716 nutu
743 2659 943 2717 mentis
964 2660 1276 2717 voluntario
1301 2659 1423 2716 sine
1452 2658 1698 2730 quolibet
1735 2658 1905 2715 inter-

326 2753 543 2810 nunno.

398 2844 602 2901 Verum
664 2844 938 2916 quomodo
995 2843 1299 2900 centurioni
1367 2851 1500 2899 tunc
1544 2842 1900 2909 famulantur,

328 2951 470 3009 quos
494 2937 657 2992 babet
696 2937 799 2992 sub
822 2951 902 3004 se,
924 2937 969 2992 si
1012 2937 1149 3008 ipse,
1172 2953 1297 3011 cum
1324 2936 1395 2991 sit
1416 2935 1522 2991 sub
1551 2936 1806 3008 praetoria
1847 2942 1904 2991 et

327 3027 679 3100 imperatoria
724 3038 990 3100 potestate
1033 3030 1390 3098 constitutus,
1435 3030 1699 3085 obediens
1738 3028 1902 3086 fucrit

325 3135 430 3177 suo
456 3120 749 3191 superiori,
781 3121 873 3175 cui
916 3121 961 3177 si
998 3121 1319 3177 inobediens
1364 3130 1421 3177 ct
1448 3120 1666 3178 rebellis
1715 3120 1899 3190 suerit,

325 3211 675 3268 rebellionem
705 3227 923 3284 quoque
955 3212 1012 3268 in
1060 3212 1294 3269 subditis
1326 3213 1443 3270 suis
1490 3214 1731 3269 inveniet
1767 3228 1902 3270 con-

323 3313 410 3361 tra
437 3320 519 3372 se,
556 3320 722 3375 quam
762 3304 859 3359 diu
893 3304 1011 3376 ipsc
1041 3304 1281 3361 noluerit
1316 3305 1591 3375 superiori
1632 3306 1896 3361 obedire:

324 3397 402 3453 ita
424 3406 478 3452 e:
506 3405 693 3453 noster
719 3396 939 3453 animus
967 3396 1127 3469 quasi
1172 3396 1425 3453 centurio
1448 3395 1561 3452 Deo
1591 3395 1707 3467 regi
1751 3410 1900 3453 sem-

324 3488 540 3561 piterno
570 3489 873 3561 subjectuS,
908 3488 986 3544 illi
1015 3488 1318 3546 obediendo
1359 3489 1465 3545 erit
1490 3496 1705 3559 potens,
1745 3488 1901 3543 illum

325 3581 725 3638 contemnendo
765 3583 856 3638 liet
886 3581 1178 3652 impotens,
1207 3589 1289 3649 ut,
1320 3581 1424 3636 etsi
1450 3581 1598 3637 dicat
1623 3579 1769 3637 malo
1797 3581 1902 3636 mi·

323 3672 429 3740 liti,
456 3673 604 3739 vade,
654 3687 767 3728 non
808 3672 992 3740 radat,
1024 3671 1120 3729 sed
1161 3686 1340 3743 neque
1367 3670 1569 3728 suimet
1602 3669 1776 3742 ipsius
1804 3686 1898 3743 po-

325 3773 574 3820 testatem
630 3764 847 3821 babcat.
892 3763 1163 3821 Caeterum
1216 3777 1319 3819 nos
1377 3764 1592 3836 agimus
1641 3763 1711 3820 de
1755 3763 1900 3818 bono

323 3855 649 3913 centurione
695 3862 799 3913 sub
846 3865 1117 3928 potestate
1160 3856 1245 3911 sui
1293 3855 1594 3927 superioris
1637 3854 1899 3912 obedien-

325 3957 409 4006 ter
440 3950 760 4017 constituto,
788 3957 844 4005 et
888 3949 1013 4006 ideo
1040 3949 1246 4021 potenti
1288 3955 1344 4004 et
1372 3947 1574 4006 valido.
1606 3946 1755 4004 Talis
1799 3948 1901 4018 igi·

322 4050 415 4098 tur
456 4041 675 4096 animus
728 4040 833 4097 sub
878 4047 1148 4110 potestate
1186 4039 1370 4095 divina
1422 4038 1560 4095 bene
1601 4038 1900 4110 dispositus

322 4132 393 4189 ad
444 4135 754 4205 exentplum
813 4133 1115 4205 evangelici
1167 4131 1506 4187 centurionis
1563 4131 1640 4186 ita
1704 4131 1901 4202 poterit

322 4239 512 4282 secum
561 4222 979 4295 argumentari:
1032 4221 1092 4277 Si
1142 4238 1244 4295 ego
1295 4222 1526 4279 interior
1559 4223 1746 4291 homo,
1796 4223 1900 4279 sub

323 4324 592 4387 potestate
638 4313 932 4371 invisibilis
981 4313 1127 4385 regis
1176 4314 1532 4382 constitutus,
1580 4314 1655 4370 ita
1694 4315 1900 4386 cogita·

2005 1818 2083 1875 sis
2112 1818 2315 1889 ubique
2366 1826 2512 1875 totus
2561 1820 2636 1874 ita
2669 1835 2909 1890 praesens
2932 1863 2948 1889 ‚
2981 1820 3441 1894 quemadmodum
3483 1836 3589 1893 ego

2005 1909 2223 1966 animus
2243 1917 2298 1965 et
2325 1911 2508 1966 anima
2536 1913 2798 1971 membris
2831 1915 3078 1985 co'rporis
3104 1915 3212 1970 mei
3242 1913 3472 1985 siugulis
3492 1920 3586 1970 to·-

2007 2011 2095 2058 tus
2121 2012 2176 2059 et
2216 2012 2326 2059 tota
2373 2019 2497 2061 sum
2522 2009 2795 2078 praesens?
2819 2007 2886 2065 Et
2921 2009 2969 2066 si
2996 2025 3098 2082 ego
3141 2026 3252 2067 non
3281 2010 3496 2067 scindor
3524 2010 3584 2066 in

2003 2102 2206 2164 partes,
2233 2095 2307 2150 ita
2347 2104 2408 2151 ιιι
2452 2111 2579 2167 pars
2620 2098 2728 2154 mei
2767 2099 2841 2156 sit
2881 2100 2939 2155 in
2967 2115 3078 2158 uno
3121 2101 3282 2158 oculo
3336 2099 3585 2170 corporis

2005 2187 2114 2243 mei
2140 2198 2193 2244 et
2218 2204 2348 2259 pars
2386 2189 2440 2245 in
2467 2189 2659 2259 altero,
2689 2193 2949 2263 quoniam
2979 2203 3161 2264 partes
3179 2193 3440 2251 divisivas
3467 2207 3585 2249 non

2005 2279 2200 2347 babeo,
2223 2291 2430 2351 quanto
2478 2284 2652 2355 magis
2687 2284 2777 2342 ille
2815 2286 2895 2342 sic
2946 2295 3032 2343 est
3084 2302 3227 2344 unus
3267 2285 3585 2344 individuus

2006 2373 2171 2441 Deus,
2203 2384 2262 2430 ut
2294 2390 2404 2430 non
2427 2375 2500 2433 sit
2518 2377 2639 2447 eius
2676 2378 2847 2436 altera
2887 2394 3017 2450 pars
3059 2380 3117 2435 in
3141 2380 3304 2448 coelo,
3331 2381 3501 2437 altera
3528 2381 3583 2437 in

2004 2472 2171 2534 terra,
2204 2468 2466 2538 quoniam
2495 2469 2639 2539 pleni
2668 2477 2799 2526 sunt
2833 2471 2959 2528 coeli
2992 2479 3051 2527 et
3085 2479 3231 2528 terra
3279 2471 3585 2542 maiestatis

2004 2560 2191 2632 gloriae
2217 2561 2430 2632 ipsius?

2075 2648 2187 2705 Cur
2208 2650 2413 2722 itaque,
2440 2667 2474 2708 o
2499 2652 2746 2710 Salvator
2773 2654 2976 2726 ubique
2995 2671 3260 2727 praesens,
3283 2656 3424 2713 dicis
3448 2657 3584 2714 mihi

2005 2758 2105 2813 pro
2129 2759 2299 2814 puero
2331 2761 2455 2801 meo
2473 2746 2688 2818 roganti
2713 2766 2726 2801 :
2753 2745 2866 2819 qu
2887 2748 3090 2802 veniam
3116 2759 3167 2804 et
3203 2750 3400 2806 curabo
3426 2751 3588 2806 eum?

2005 2832 2225 2904 (ΜαιιΙι.
2256 2837 2398 2907 vm.)
2434 2836 2556 2904 Quo
2594 2839 2803 2906 venias,
2833 2839 2929 2910 qui
2956 2840 3159 2912 ubique
3187 2842 3285 2898 esi
3308 2843 3585 2913 quomodo

2005 2924 2176 2982 intres
2212 2928 2315 2983 sub
2342 2936 2544 2984 tectum
2586 2943 2791 3000 mcum,
2812 2945 2976 3003 quem
3019 2930 3143 2989 coeli
3173 2934 3438 2990 eoelorum
3472 2950 3584 2990 non

2004 3020 2260 3090 capiunt?
2299 3020 2459 3078 Forte
2498 3023 2685 3078 venias
2734 3025 3034 3080 secundum
3077 3026 3261 3083 carnis
3305 3027 3584 3083 carnalem

2006 3113 2383 3183 praesentiam?
2411 3112 2517 3171 Sed
2557 3132 2683 3170 caro
2722 3134 2825 3172 non
2850 3118 3063 3190 prodest
3087 3120 3378 3192 quidquam
3393 3119 3580 3193 (Ῑοωι.

2001 3205 2100 3275 vi).
2131 3201 2249 3259 Nou
2290 3220 2386 3275 per
2417 3203 2757 3262 divinitatem
2789 3207 2894 3265 sibi
2948 3210 3191 3279 insitam,
3223 3227 3346 3282 quae
3388 3213 3586 3268 divini·

2005 3303 2109 3363 tas,
2131 3310 2256 3350 cum
2282 3296 2358 3354 sit
2391 3296 2612 3369 ubique,
2636 3298 2832 3356 sufficit
2857 3301 2990 3356 mun
3016 3312 3170 3358 tuum
3199 3304 3356 3372 velle,
3389 3303 3587 3362 sufficit

2004 3387 2141 3443 mihi
2167 3388 2394 3445 tacitum
2422 3390 2724 3447 voluntatis
2754 3401 2861 3450 tuae
2889 3394 3201 3465 imperium.
3223 3394 3357 3464 Quae
3384 3398 3585 3453 volun·

2001 3488 2087 3537 tas
2112 3489 2172 3540 ut
2194 3483 2358 3540 etiam
2394 3484 2532 3540 soris
2559 3486 2882 3555 innotescat,
2913 3489 3001 3542 dic
3032 3487 3182 3543 verbo
3209 3498 3260 3544 et
3301 3490 3588 3545 sanabitur

2002 3590 2130 3645 puer
2177 3592 2322 3632 meus
2348 3576 2568 3647 (ΜαιιΙι.
2601 3580 2743 3650 vm).
2775 3577 2855 3634 Tu
2910 3580 3058 3636 enim
3098 3596 3159 3638 es
3197 3580 3454 3650 Verbum,
3484 3598 3585 3653 per

2002 3667 2150 3738 quod
2176 3668 2318 3725 l'acta
2346 3679 2475 3726 sunt
2496 3671 2703 3738 omnia,
2733 3687 2847 3727 non
2883 3673 3031 3744 quod
3061 3673 3265 3731 desinit
3285 3675 3582 3747 prolatum,

2003 3760 2098 3817 sed
2120 3761 2266 3831 quod
2293 3772 2578 3834 permanet
2602 3773 2814 3821 natum.
2841 3764 2995 3821 Dixit
3024 3766 3171 3823 enim
3211 3764 3374 3823 Pater
3429 3775 3581 3834 tuus,

2000 3862 2051 3909 et
2078 3855 2225 3924 [acta
2244 3864 2365 3911 sunt
2390 3857 2598 3913 omnia.
2626 3857 2799 3924 Dixit,
2823 3858 2928 3915 hoc
2948 3867 3033 3916 est
3061 3870 3320 3916 aeternum
3345 3859 3581 3917 Verbum

2003 3947 2209 4017 genuit,
2235 3963 2343 4005 non
2391 3950 2537 4005 sicut
2573 3949 2811 4007 carnalis
2839 3959 2995 4021 pater
3040 3952 3214 4024 gignit
3261 3953 3455 4025 lilium,
3486 3956 3583 4011 sed

2004 4040 2146 4095 sicut
2191 4040 2431 4110 prudens
2482 4041 2700 4098 animus
2748 4042 2920 4115 gignit
2971 4047 3210 4115 prudens
3265 4049 3579 4116 consilium,

2000 4132 2149 4203 quod
2175 4133 2468 4190 consilium
2504 4135 2561 4191 in
2590 4137 2795 4204 animo,
2819 4146 2874 4193 et
2901 4138 2971 4193 ab
2993 4138 3177 4194 animo
3204 4141 3446 4211 genitum
3471 4143 3582 4199 sle-

2001 4232 2063 4279 ut
2089 4239 2198 4281 non
2221 4234 2400 4296 potest
2419 4227 2489 4283 ab
2516 4226 2637 4299 ipso
2658 4228 2845 4286 animo
2870 4232 3133 4302 separari,
3163 4232 3244 4290 sic
3266 4244 3323 4291 tu
3348 4251 3460 4292 non
3489 4252 3583 4307 po-

2002 4324 2083 4375 tes
2111 4334 2142 4374 a
2167 4316 2328 4374 Patre
2352 4327 2447 4376 tuo
2486 4323 2748 4391 separari.
2780 4319 2918 4378 Nam
2947 4324 3049 4381 etsi
3095 4326 3387 4383 consilium
3415 4343 3581 4385 voca·

324 4408 503 4463 tiones
542 4408 598 4462 in
640 4421 730 4462 me
766 4418 821 4463 et
862 4406 967 4463 sub
995 4421 1084 4461 me
1111 4406 1408 4463 militantes
1442 4421 1574 4479 rego
1619 4415 1679 4462 ut
1720 4416 1897 4464 totum
1931 4395 1976 4450 D
2003 4412 2110 4467 lem
2135 4427 2439 4468 sermonem
2467 4413 2677 4480 induat,
2701 4424 2764 4471 ut
2782 4415 2933 4473 l'oras
2954 4417 3021 4473 ad
3044 4419 3381 4478 audientium
3403 4430 3460 4477 et
3489 4422 3578 4477 in-

329 4502 429 4550 laun
481 4502 717 4570 regium:
769 4498 861 4554 lint
913 4502 1210 4554 intrim-icen
1258 4502 1490 4570 qnantum
1526 4502 1770 4566 nnumin.
1810 4502 1894 4554 nui

325 4606 501 4662 nuque
533 4594 805 4662 ungimini,
833 4610 1006 4662 itt-qna:
1045 4594 1150 4646 ullu
1194 4598 1438 4646 resistet-c
1462 4598 1902 4662 potestant-puris

329 4684 513 4746 tnntin,
545 4694 749 4754 quantu
777 4686 945 4754 iungis
981 4690 1190 4742 invium:
1222 4686 1434 4738 tistulis
1458 4698 1646 4738 :tuctur
1670 4698 1718 4738 nt
1754 4690 1902 4738 insu-

329 4774 581 4842 perabilis
613 4778 821 4846 imperii
873 4794 965 4830 rnzt
1009 4798 1069 4834 nt:
1105 4794 1314 4846 semper
1358 4778 1682 4846 magnificus
1710 4782 1902 4834 trilun-

329 4870 521 4934 piantur
577 4870 941 4930 secretissimo
989 4882 1041 4922 nt
1097 4874 1394 4926 intrinseco
1434 4890 1546 4926 snat}
1614 4874 1902 4926 voluntatis

329 4966 465 5014 ttttltt
513 4966 565 5014 ct
609 4962 849 5018 adversat
901 4964 1290 5018 *insufflationis
1342 4966 1482 5018 virus
1534 4967 1806 5034 repritttt'l,
1850 4978 1902 5018 ul:

329 5054 493 5106 :imin
549 5054 861 5122 depellendo
913 5058 1089 5122 [sicut
1158 5074 1254 5126 ego
1314 5061 1482 5110 inuias
1542 5062 1898 5126 ungitatinncs

329 5159 457 5199 cum
501 5143 709 5215 depello
757 5163 849 5215 per
901 5151 1073 5215 ipsius
1118 5151 1426 5211 atzxiliurni,
1482 5151 1718 5203 salubria
1770 5151 1902 5203 sunit

329 5239 541 5307 nituisse,
569 5243 709 5295 sicut
737 5259 833 5311 egn
865 5243 1033 5295 liunus
1061 5247 1418 5315 cogitatmus-5
1454 5263 1574 5299 nnn]
1602 5247 1742 5307 min.
1766 5247 1902 5299 sntio>

329 5331 537 5387 adesse.
581 5331 769 5387 finiant?-
797 5335 933 5387 sicut
977 5351 1073 5403 nnn
1101 5339 1246 5391 nulia
1282 5339 1574 5391 :nobilitate
1606 5339 1758 5395 innuli
1790 5339 1898 5395 1115-

329 5443 521 5491 currn,
561 5427 653 5479 scd
709 5427 845 5483 infru
893 5447 977 5483 inc
1033 5447 1258 5483 innuens
1322 5431 1646 5487 :inutilitates
1694 5435 1898 5503 arigim*

329 5519 537 5571 tinnnn]
589 5531 641 5571 nt
697 5539 953 5575 sensnum
1001 5539 1097 5575 scu
1142 5527 1514 5579 tumulti-urum
1550 5539 1762 5579 numina
1818 5523 1898 5579 sa*

333 5607 533 5659 tantam
581 5611 693 5663 sinn
757 5615 1103 5667 intui-nuntiis
1142 5615 1378 5679 ιΙίε-,ῑμῃιιιι
1430 5635 1438 5666 ;
1490 5615 1638 5667 wrln
1694 5615 1886 5683 gratia,

333 5711 457 5747 cum
481 5699 601 5751 wir]
625 5707 681 5751 ul.
710 5719 769 5755 st:
805 5719 897 5771 pus
929 5715 1162 5767 nitimini,
1194 5707 1250 5759 tit
1290 5707 1430 5771 quud
1462 5707 1602 5771 tuin,
1630 5709 1898 5771 sentitque*

1975 4504 2362 4574 ‹telligentium
2384 4515 2594 4562 mentes
2627 4509 2905 4579 procedat,
2927 4508 3285 4568 nihilominus
3314 4520 3492 4567 tamen
3519 4511 3578 4566 in

2002 4597 2255 4670 gignente
2277 4597 2462 4653 animo
2485 4608 2765 4668 permanet
2788 4600 2950 4657 etiam
2989 4616 3113 4657 cum
3145 4617 3241 4672 per
3266 4618 3577 4661 sermonem

2002 4691 2069 4747 ad
2093 4690 2324 4746 aliorum
2353 4701 2565 4747 mentes
2607 4692 2886 4763 procedat,
2917 4707 3151 4765 cumque
3181 4694 3356 4766 ipsum
3386 4697 3577 4755 consi-

2001 4781 2136 4838 lium
2162 4798 2287 4839 sese
2308 4784 2541 4840 aliorum
2567 4784 2930 4843 intellectibus
2956 4787 3168 4854 inserit,
3191 4787 3342 4843 illum
3368 4796 3576 4856 tamen,

1962 4894 1972 4901 ·
2002 4889 2033 4929 a
2063 4892 2173 4948 quo
2206 4877 2448 4947 genitum
2486 4885 2598 4945 est,
2631 4893 2742 4932 non
2790 4877 3067 4949 relinquit.
3106 4880 3197 4936 Sic
3245 4888 3324 4946 tu,
3354 4896 3388 4937 o
3421 4881 3577 4949 Iesu,

1966 5006 1971 5012 -
2000 4972 2188 5026 aeterni
2216 4970 2393 5026 Patris
2424 4979 2686 5027 aeternurn
2716 4969 2952 5027 Verbum
2982 4972 3098 5028 sive
3115 4975 3428 5043 consilium,
3452 4976 3579 5033 licet

2002 5062 2298 5118 humanam
2355 5062 2714 5119 substantiam
2761 5062 2992 5119 induens
3034 5063 3181 5121 foras
3223 5069 3575 5137 processeris,

2001 5169 2129 5209 cum
2153 5153 2312 5209 Patre
2342 5162 2523 5209 tamen
2542 5163 2597 5210 et
2628 5154 2685 5209 in
2714 5153 2873 5210 Patre
2901 5171 3069 5211 unum
3099 5165 3263 5228 atque
3288 5157 3429 5214 idem
3453 5175 3577 5230 per·-

2001 5259 2252 5313 manens,
2286 5244 2357 5300 ab
2404 5245 2500 5300 illo
2550 5259 2821 5316 nusquam
2884 5254 2939 5301 et
2987 5263 3267 5318 nunquam
3312 5251 3574 5306 recedis:

2002 5339 2270 5406 Quoniam
2301 5347 2358 5393 tu
2386 5345 2442 5393 et
2460 5337 2551 5394 ille
2569 5352 2682 5393 non
2711 5338 2820 5392 duo
2843 5340 2975 5394 estis
3005 5338 3088 5395 Dii
3124 5341 3218 5396 sed
3245 5357 3387 5396 nnus
3412 5342 3573 5410 Deus,

2000 5432 2159 5501 cujus
2185 5439 2269 5487 est
2299 5430 2402 5486 boc
2444 5429 2688 5486 dictum:
2721 5428 2922 5485 Coelum
2945 5441 2995 5485 et
3021 5443 3213 5487 terram
3253 5449 3345 5505 eqo
3384 5435 3574 5504 impleo

2000 5521 2219 5594 (leram,
2243 5521 2424 5592 unt).
2449 5521 2625 5591 Absit,
2671 5533 2732 5578 ut
2778 5537 2880 5593 ego
2932 5523 3097 5580 bomo
3147 5526 3250 5580 sub
3307 5536 3577 5594 potestate

1998 5615 2324 5672 constitutus
2365 5622 2419 5669 te
2470 5625 2582 5671 tam
2643 5616 2991 5682 immensum,
3020 5625 3129 5672 tam
3152 5619 3577 5676 inestimabilem

1999 5707 2102 5765 sub
2146 5715 2349 5764 tectum
2408 5723 2590 5765 meum
2641 5710 3112 5779 coarctem,quod
3161 5709 3396 5765 facerem
3432 5726 3575 5782 quo·
