3817 6000
173 148 226 208 685
639 151 790 210 GEllllOIll
810 150 1004 208 cumeosttt
1023 148 1295 208 hutcttthsruttu.
1602 188 1611 207 .
1738 148 1794 208 684

171 265 200 323 ln
224 264 374 323 volutabris
389 266 491 335 carnis,
521 268 584 323 item
610 268 826 340 compungimini
842 266 962 324 stimulis
976 269 999 327 Α
1013 265 1083 322 inter
1095 264 1191 332 Deum,
1206 274 1234 321 et
1251 262 1386 330 homines,
1408 261 1563 329 insulllarit,
1574 271 1602 317 ει
1615 261 1685 318 dixit
1696 278 1703 318 a
1714 262 1794 320 Acci·

166 357 344 429 poenitentiae.
1008 360 1062 429 pite
1075 356 1205 430 Spiritum
1222 367 1352 426 surtctum,
1365 356 1469 414 scilicet
1483 355 1712 411 inremissionem
1728 371 1795 426 pec·

204 446 387 513 Aliteerute
401 448 492 503 dicitis
509 463 557 503 ore
569 447 717 503 lectitando
732 445 842 518 Moysen
857 455 884 502 et
894 461 959 518 pro·
1009 458 1146 517 catorum3
1182 448 1306 519 sequitur
1339 448 1411 504 enim
1432 466 1438 501 ε
1460 444 1604 512 «Quorum
1631 443 1795 501 remiseritis

168 538 276 609 phetas,
291 537 373 594 dieite
392 554 502 609 quoqne
527 540 556 592 in
581 539 703 594 cordibus
727 542 831 606 uestris,
844 549 870 594 ει
886 538 958 594 inter
1007 549 1128 611 peccata,
1156 541 1330 597 remittuntur
1350 539 1401 595 eis.
1414 537 1505 611 (loun.
1531 553 1577 603 xx,
1601 536 1680 608 Rp»
1696 534 1730 592 Et
1747 535 1795 591 dic

168 629 324 701 legendum,
337 645 386 686 seu
406 629 560 685 canendum
582 632 609 685 iu
631 630 760 684 cubilibus
775 632 867 685 cestus
885 646 958 684 com-
1008 631 1182 690 Pentecostes
1210 631 1285 690 misit
1305 630 1431 687 eumdem
1445 627 1577 700 Spiritum
1604 627 1632 683 in
1654 627 1793 683 divisione

167 720 327 790 pungimini,
339 736 373 776 ne
388 721 458 777 ultra
476 729 661 791 conqueratur
677 720 711 777 de
730 721 809 776 robis
823 720 957 778 Dominus
1007 726 1155 797 gratiarum
1169 725 1263 780 multis
1277 722 1484 779 coruscantibus
1495 719 1646 777 miraculis.

168 808 263 865 dicens
277 827 285 865 ι
300 808 439 880 ‹Populus
452 811 497 866 hic
509 811 590 868 labiis
603 826 647 866 me
658 811 788 879 honorat,
805 821 955 870 rorantem
1040 817 1079 872 lta
1099 818 1233 889 signatum
1248 815 1379 871 hahentes
1400 829 1518 885 superse
1537 813 1625 868 lumen
1639 811 1727 867 uultus
1740 811 1791 877 tui,

167 913 263 955 eorum
281 899 362 972 longe
382 910 425 957 est
440 919 455 957 a
469 917 513 957 me
535 902 643 974 (hatab.
658 919 704 971 rr,
718 903 757 974 8.)
772 923 782 956 r
800 905 955 975 Diapsalma
1005 907 1127 974 Domine,
1139 917 1281 977 coeperunt
1293 906 1387 962 eadem
1400 906 1444 962 die
1455 920 1554 961 vocare
1566 903 1646 972 alios,
1664 912 1692 959 ει
1704 904 1793 961 addu-

167 990 213 1047 lsic
226 991 415 1063 interpositum
431 994 624 1051 notatareteri
640 996 695 1051 rita
708 1011 757 1067 per
767 997 955 1068 paenitentiam
1005 1012 1076 1066 cere,
1091 1006 1122 1053 ut
1135 997 1289 1066 signaretur
1311 1011 1393 1067 super
1407 1011 1454 1053 eos
1478 995 1505 1051 id
1525 995 1614 1066 ipsum
1639 994 1728 1049 lurusn
1743 1010 1793 1067 per

165 1086 362 1140 transeundum
376 1086 403 1141 in
416 1102 525 1142 novam.
540 1085 569 1141 lu
583 1102 637 1158 qua
1004 1088 1126 1158 ipsorum
1148 1087 1342 1156 ministerium,
1366 1096 1394 1143 ct
1416 1101 1547 1142 manuum
1573 1085 1789 1156 impositionem.

201 1172 285 1231 Vens.
307 1175 334 1231 6.
352 1174 507 1248 Sucriticute
528 1179 822 1250 sucrificiumjustitioe,
837 1196 891 1237 non
907 1195 954 1237 re·
1003 1179 1104 1236 Eadem
1123 1180 1223 1252 quippe
1236 1180 1290 1248 die,
1302 1196 1356 1252 qua
1372 1188 1531 1248 receperunt
1555 1194 1721 1243 sermonem.
1741 1180 1792 1235 ha·

165 1267 277 1335 tus,sed
290 1283 402 1336 norttm,
415 1285 469 1325 non
480 1271 507 1324 in
519 1271 651 1345 sanguine
662 1280 802 1328 taurorum
813 1273 856 1328 vel
871 1288 953 1345 agno-
1002 1273 1098 1344 ptirati
1121 1283 1186 1329 sunt
1207 1273 1236 1328 in
1263 1272 1374 1328 nomine
1389 1269 1487 1336 Patris,
1498 1267 1606 1336 eutitii,
1622 1278 1648 1324 ot
1670 1266 1791 1340 Spiritus

164 1373 239 1426 rum,
251 1359 338 1415 sedin
352 1360 448 1431 spiritu
460 1362 655 1419 contribulato.
1004 1367 1107 1433 Sancti,
1119 1377 1147 1424 ει
1161 1366 1292 1439 appositae
1313 1371 1378 1421 sunt
1397 1364 1426 1419 in
1447 1363 1493 1418 illa
1509 1362 1554 1419 die
1566 1364 1665 1418 anirum
1680 1362 1791 1420 circiter

199 1449 236 1504 Et
247 1462 350 1522 speruus
360 1453 389 1506 in
399 1451 524 1519 Domino,
537 1470 592 1510 non
612 1454 640 1510 in
658 1465 750 1512 restro
771 1457 880 1513 merito.
899 1456 952 1513 Sed
1002 1460 1054 1516 tria
1070 1460 1164 1525 millia,
1178 1459 1226 1531 qui
1242 1471 1338 1514 omnes
1353 1470 1407 1511 una
1418 1470 1481 1512 cum
1492 1455 1624 1526 apostolis
1637 1455 1728 1511 dicere
1740 1469 1791 1526 po·

164 1541 229 1611 quia
243 1543 270 1597 in
285 1543 379 1598 multis
394 1551 436 1598 est
461 1542 616 1599 futurorum
640 1545 775 1601 bonorum
793 1548 949 1617 diffidentia,
1002 1560 1132 1608 tueruut:
1146 1549 1286 1622 Signatum
1303 1558 1343 1604 cst
1362 1563 1440 1618 super
1454 1563 1500 1601 nos
1521 1545 1610 1601 lumen
1632 1545 1721 1600 uultus
1736 1547 1789 1613 tui,

163 1634 242 1689 multi
260 1635 362 1704 dicunt,
380 1636 439 1706 quis
461 1636 575 1690 ostendit
600 1637 674 1692 uubis
696 1637 774 1707 bonu,
788 1641 888 1711 quihus
901 1657 951 1699 uos
967 1611 1123 1710 BDorrrine,
1139 1642 1236 1697 dedisti
1260 1639 1387 1695 testitum·
1403 1639 1433 1692 in
1456 1638 1534 1693 corde
1555 1653 1621 1693 men.
1646 1636 1789 1693 Outinam

163 1729 279 1799 ²¹D⁰S¹Oli
294 1727 492 1800 115901118111115
505 1747 512 1783 ²
523 1727 592 1795 Quia
1002 1735 1144 1807 (quoniam
1162 1733 1196 1789 de
1216 1731 1332 1804 singulis
1347 1730 1427 1786 dictis
1441 1744 1496 1784 uon
1507 1743 1655 1800 possumus
1671 1727 1790 1784 effodere

198 1820 281 1878 Vens.
299 1821 325 1876 i.
341 1820 533 1893 signatumest
547 1838 684 1893 supernos
698 1823 787 1878 tumen
800 1824 886 1879 uultus
899 1827 949 1881 tui.
1001 1828 1159 1884 thesaurum
1177 1827 1204 1882 in
1228 1824 1268 1881 eis
1282 1823 1483 1890 absconditum,
1496 1821 1604 1878 excedit
1617 1821 1719 1891 quippo
1734 1821 1789 1874 hoc

163 1912 305 1986 Signatum
318 1929 367 1985 per
381 1913 490 1983 signum
506 1916 607 1983 crucis,
624 1929 673 1985 per
687 1915 949 1986 sigillumreritatis‚
999 1917 1207 1988 possibilitatem
1234 1917 1369 1984 nostram)
1395 1914 1491 1970 saltem
1517 1912 1599 1967 unius
1622 1912 1689 1967 dicti
1703 1911 1789 1982 hujus

160 2006 326 2074 impressum
339 2004 463 2057 cordibus
477 2005 581 2071 uestris,
596 2013 625 2060 ut
644 2005 672 2060 in
687 2005 767 2061 nobis
777 2015 906 2077 tanquam
922 2008 950 2062 in
1000 2024 1111 2064 sensum
1125 2016 1267 2079 penetrare
1290 2005 1380 2069 liceat,
1402 2004 1475 2075 quod
1499 2003 1569 2059 dixit
1583 2003 1703 2058 :dedisti
1717 2003 1789 2059 ioeti·

159 2095 291 2151 drachma
303 2094 458 2165 esangelica
473 2095 612 2165 splendeat
627 2096 717 2168 imago
730 2098 862 2153 ueritatis.
1000 2102 1066 2155 tiam
1085 2101 1112 2153 in
1131 2098 1209 2153 corde
1230 2098 1302 2151 meu!
1314 2097 1361 2152 sed
1376 2097 1439 2167 quis
1452 2105 1594 2166 penetrare
1614 2095 1710 2166 possit,
1733 2095 1789 2151 nisi

197 2189 283 2243 Aliter
307 2189 342 2243 ad
368 2190 596 2261 glorificationem
622 2200 724 2248 sanctae
738 2191 881 2250 Trinitatis
898 2193 949 2265 legi
999 2192 1047 2263 qui
1058 2191 1181 2247 eamdem
1196 2189 1319 2244 letitiam
1331 2187 1451 2258 accepit?
1469 2186 1527 2242 lloc
1538 2188 1646 2243 interim
1663 2187 1746 2252 scire,
1758 2194 1788 2242 ει

157 2290 250 2354 potest
263 2281 314 2337 iste
325 2282 478 2340 versiculus
491 2303 498 2339 ε
512 2281 652 2355 Signatum
663 2294 789 2357 estsuper
803 2303 849 2341 nos
862 2286 949 2342 lumen
998 2284 1089 2341 dioere
1099 2297 1247 2356 possumus
1260 2300 1267 2336 ι
1281 2281 1345 2351 quia
1361 2280 1453 2335 laetitia
1466 2280 1524 2335 haec
1539 2277 1659 2349 Spiritus
1672 2289 1788 2338 sanctus

158 2372 248 2427 uultus
270 2375 320 2442 tui,
340 2373 462 2443 Domine,
486 2375 582 2430 dedisti
606 2375 729 2432 letitiam
748 2377 776 2431 in
790 2378 868 2432 corde
882 2395 947 2434 meo.
999 2384 1050 2430 est.
1061 2372 1144 2429 Plane
1158 2372 1275 2444 Spiritus
1287 2380 1399 2427 sanctus
1412 2371 1483 2427 sicut
1493 2370 1580 2425 lumen
1591 2372 1678 2425 uultus
1692 2369 1788 2445 Domi·

160 2465 294 2522 Dominus
316 2467 400 2534 enim,
426 2468 470 2524 cui
494 2468 554 2524 ltaec
579 2469 727 2525 dicuntur:
742 2468 882 2541 Signatum
910 2479 948 2525 est
998 2467 1038 2533 ni,
1049 2466 1090 2521 sic
1102 2475 1175 2521 recte
1189 2464 1290 2520 dieitur
1302 2473 1328 2519 et
1340 2472 1382 2519 est
1395 2463 1488 2519 latitia
1499 2462 1597 2529 Patris,
1613 2473 1639 2519 et
1648 2462 1719 2518 Filii.
1732 2461 1787 2521 Ubi

149 2562 239 2629 super
257 2574 305 2613 nos
321 2559 410 2615 lumen
433 2560 521 2616 uultus
543 2562 593 2629 tui,
612 2561 670 2632 ipso
688 2569 730 2618 est
744 2560 834 2617 Pater.
855 2560 948 2617 Vultus
1000 2557 1117 2629 Spiritus
1131 2565 1243 2612 srttrctus
1257 2555 1402 2622 inhabitat,
1426 2555 1482 2610 illic
1495 2554 1671 2625 sempiterna,
1682 2562 1709 2610 ct
1725 2554 1787 2610 ine·

158 2646 280 2719 Domini,
298 2652 356 2723 ipse
370 2662 412 2708 est
426 2652 522 2710 Filius.
539 2653 640 2709 Lumen
651 2654 739 2709 uultus
755 2653 876 2723 Domini,
890 2656 949 2726 ipse
998 2650 1144 2705 narrabilis
1154 2657 1196 2704 est
1209 2648 1313 2714 laetitia,
1327 2662 1378 2702 nce
1392 2647 1475 2714 aliud,
1488 2662 1570 2718 quam
1585 2647 1644 2717 ipse
1654 2653 1697 2702 cst
1715 2647 1789 2703 lati·

155 2750 201 2797 'est
215 2741 333 2812 Spiritus
352 2752 463 2800 sanctus
480 2742 582 2813 Patris,
604 2753 633 2800 et
653 2742 725 2800 Filii.
742 2742 829 2802 Filius
845 2746 949 2801 idcirco
998 2742 1046 2805 tia,
1063 2756 1144 2812 quam
1158 2742 1297 2810 importat.
1312 2738 1396 2794 David
1411 2740 1479 2810 ipse,
1496 2754 1545 2810 per
1558 2753 1640 2809 quem
1653 2739 1711 2795 haec
1724 2738 1785 2810 ipsa

157 2844 233 2892 recte
246 2836 347 2891 dicitur
361 2835 447 2891 uultus
466 2836 515 2895 Dei
537 2836 626 2893 Patris
639 2857 646 2894 :
660 2837 726 2909 quia
740 2835 813 2893 sicut
828 2836 857 2892 iu
874 2838 948 2892 uultu
998 2835 1155 2901 dictasunt,
1167 2833 1290 2895 letitiam
1308 2835 1395 2903 ipsam
1415 2842 1542 2904 expertus
1563 2831 1660 2888 luerat.
1676 2831 1784 2888 Etenim

159 2929 276 3001 alicujus
288 2930 408 2986 bominis
419 2930 526 2987 allectio
537 2930 647 2999 laetitiae,
658 2930 702 2986 rel
716 2930 845 2987 moeroris
858 2940 947 3002 potest
961 2946 982 3006 g
998 2928 1079 3001 pleno
1103 2943 1164 2983 cam
1187 2941 1273 2982 cornu
1296 2932 1449 2996 acceperat,
1473 2926 1544 2981 sicut
1572 2925 1704 2997 scriptum
1718 2934 1761 2981 εει
1774 2944 1783 2981 :

158 3020 283 3091 percipi:
298 3021 338 3077 sic
352 3036 401 3091 per
409 3021 509 3077 Filium
525 3022 651 3077 uoluntas
670 3020 719 3077 Dei
742 3020 831 3078 Patris
844 3022 948 3078 mundo
1001 3021 1134 3093 slmple,s
1153 3021 1191 3076 ait
1211 3018 1343 3076 Dominus
1356 3018 1389 3074 ad
1403 3017 1568 3087 Samuelem,
1586 3032 1694 3074 ‹cornu
1705 3026 1785 3074 tuum

159 3112 288 3167 innotuit.
300 3110 400 3167 Lumru
417 3111 503 3167 uultus
520 3111 629 3168 Domini
643 3112 745 3169 idcirco
758 3121 833 3171 recte
848 3113 948 3170 intelli-
998 3115 1069 3182 olen,
1083 3122 1111 3170 et
1124 3113 1196 3179 reni,
1215 3120 1246 3167 ut
1260 3112 1365 3167 mittam
1385 3119 1413 3166 te
1438 3110 1471 3166 ad
1492 3110 1544 3166 lsai
1567 3109 1783 3168 Detlrleemitem.

159 3203 251 3273 gimus
262 3202 395 3274 Spiritum
411 3214 536 3262 sanctum
550 3204 650 3272 Patris,
665 3212 692 3261 et
703 3205 765 3261 Filii
779 3222 786 3259 ε
800 3207 865 3278 quia
876 3205 949 3264 sicut
997 3206 1106 3263 Proridi
1123 3205 1236 3263 enimin
1250 3205 1313 3262 liliis
1325 3205 1386 3275 ejus
1403 3204 1469 3258 mihi
1481 3218 1591 3274 regem»
1607 3203 1634 3276 (l
1650 3203 1712 3275 lieg,
1725 3219 1783 3272 xrs,

158 3296 246 3350 tumen
265 3295 381 3366 alicujus
398 3296 528 3351 reinalde
545 3295 661 3352 lucentis
685 3296 770 3363 riam,
785 3306 812 3352 et
830 3312 947 3369 prospe·
997 3300 1037 3372 2).
1056 3299 1149 3355 «Tulit
1161 3314 1226 3371 ergo
1247 3297 1357 3354 Samuel
1367 3312 1451 3353 cornu
1470 3297 1532 3364 olei,
1545 3307 1572 3353 et
1584 3299 1662 3354 unxit
1672 3314 1734 3354 eum
1751 3299 1781 3354 in

159 3397 233 3444 ctum
247 3391 340 3461 pandit
354 3391 542 3462 corporalibus
558 3390 655 3458 oculis,
674 3391 750 3446 verbi
765 3393 863 3464 gratia,
876 3394 948 3450 sicut
997 3393 1087 3449 medio
1102 3391 1217 3448 l'ratrum
1229 3391 1299 3462 ejus.
1314 3398 1342 3446 et
1357 3391 1477 3446 directus
1487 3398 1530 3446 est
1542 3387 1661 3460 Spiritus
1672 3390 1782 3446 Domini

159 3483 271 3539 claritas
292 3484 358 3539 solis
371 3484 485 3555 depulsa
506 3483 623 3554 caligine
648 3483 738 3541 noctis
764 3484 844 3542 nohis
867 3485 948 3541 efficit
997 3488 1025 3544 in
1045 3487 1129 3542 David
1157 3484 1231 3541 adio
1246 3485 1291 3539 illa
1312 3503 1322 3537 r
1355 3484 1442 3556 (ibid,
1460 3485 1514 3556 lb),
1534 3493 1562 3541 et
1585 3485 1614 3540 iu
1635 3485 1781 3555 reliquum.

159 3574 232 3631 diem
246 3593 253 3629 :
266 3575 307 3629 sic
322 3572 440 3644 Spiritus
460 3583 573 3630 sanctus
595 3574 718 3646 depulsis
731 3574 891 3646 ignorantia.
905 3584 947 3632 te·
998 3579 1191 3636 Verumtamen
1204 3576 1237 3633 ad
1249 3577 1344 3632 horam
1361 3577 1411 3633 sibi
1427 3576 1631 3632 letitiumhanc
1642 3576 1782 3646 diminuit,

158 3667 253 3723 crebris
265 3667 343 3723 docet
357 3682 407 3724 noa
421 3683 530 3722 omnen
542 3667 700 3724 veritatem:
710 3667 774 3739 qnia
785 3683 833 3739 per
844 3668 945 3739 ipsum,
996 3684 1024 3731 et
1038 3682 1069 3730 ut
1081 3672 1171 3730 verbis
1184 3681 1245 3727 utar
1257 3671 1378 3742 apostoli
1398 3671 1534 3726 nicenus:
1550 3690 1559 3722 r
1575 3668 1609 3726 Et
1622 3670 1705 3725 notice
1716 3685 1783 3726 con·

158 3774 186 3817 et
199 3761 298 3816 Filium
314 3761 416 3817 scimus
428 3771 455 3816 et
469 3759 587 3829 Patrem,
604 3770 631 3816 ει
649 3761 739 3832 ipsum
754 3762 947 3832 cognoscimus
997 3768 1106 3823 tristare
1130 3764 1261 3836 Spiritum
1287 3771 1410 3820 sanctum
1436 3763 1484 3820 Dei
1504 3764 1612 3836 (Epiros.
1636 3781 1674 3833 rr,
1698 3763 1778 3835 ὅθι)

157 3871 192 3909 es
208 3862 325 3924 utroquo
346 3853 546 3923 procedentem.
573 3852 652 3921 Quis,
670 3853 790 3924 quautlo,
804 3862 831 3908 et
845 3853 891 3907 ubl
907 3853 946 3906 ti·
996 3868 1062 3915 tunc
1076 3858 1206 3928 Spiritum
1223 3865 1346 3912 sanctum
1360 3857 1418 3925 ipse
1432 3857 1616 3925 contristarit,
1628 3856 1739 3929 quando
1752 3856 1782 3913 irs

158 3950 247 4018 grunnit
259 3964 337 4018 super
347 3963 393 4001 aros
405 3948 457 4002 hoc
468 3947 555 4002 lunen
568 3946 655 4000 uultus
668 3946 718 4011 tui,
744 3944 877 3999 Domine?
891 3943 945 3999 Do·
996 3949 1090 4006 Uriam
1103 3947 1244 4004 lintheum
1256 3947 1387 4018 peccavit.
1404 3946 1481 4014 Quod
1493 3947 1583 4004 sciens
1595 3949 1664 4019 ipse,
1678 3955 1705 4004 et
1720 3962 1783 4003 sen·

158 4043 249 4097 ruinas
261 4039 341 4097 lesus
360 4039 496 4105 Christus,
510 4038 620 4108 quarrdo
640 4037 730 4094 adhuc
742 4036 844 4092 latebat
857 4037 945 4091 uultus
996 4042 1077 4107 siens,
1105 4040 1214 4106 ‹redde
1230 4060 1240 4093 r
1257 4039 1356 4108 inquit,
1386 4038 1480 4093 «mihi
1505 4038 1626 4095 laetitiarn
1650 4040 1781 4097 salutaris

157 4144 222 4189 tuus
240 4133 268 4187 in
293 4132 339 4186 illa
366 4130 546 4196 humanitate,
569 4137 599 4184 ut
619 4128 741 4198 cruciligi
765 4137 869 4198 posset.
887 4126 945 4182 Nisi
995 4134 1034 4189 uni
1043 4132 1130 4205 (Paul.
1145 4149 1171 4200 a,
1184 4133 1256 4200 lul.»
1273 4130 1369 4185 Sciunt
1380 4130 1453 4185 enim
1464 4131 1550 4187 saneti
1563 4131 1697 4199 homines,
1708 4147 1781 4203 quo.

156 4227 231 4282 onim
255 4224 392 4288 latuisset,
415 4221 469 4277 nisi
494 4237 523 4277 sc
546 4220 738 4286 continuisset,
763 4228 792 4274 et
807 4226 944 4275 cessasset
996 4243 1057 4283 rum
1071 4236 1179 4298 portora
1207 4231 1272 4279 sunt
1293 4222 1446 4278 habitacula
1464 4221 1582 4293 Spiritus
1594 4224 1693 4291 sancti,
1711 4240 1780 4296 qno-

156 4321 266 4375 dicere:
282 4316 431 4387 ‹Egosum
448 4334 457 4365 r
476 4311 566 4384 (doun.
583 4329 661 4379 xrrn,
678 4311 718 4382 b),
729 4327 825 4368 omnes
838 4313 945 4369 abirent
960 4292 983 4345 ⁰
998 4318 1079 4375 modo
1090 4317 1138 4376 liat
1158 4315 1234 4381 illud,
1256 4313 1328 4385 quod
1342 4313 1488 4384 Apostolus
1508 4315 1566 4370 lieri
1583 4331 1636 4371 non
1658 4317 1724 4380 ruti,
1737 4316 1780 4371 di-

156 4423 318 4475 retrorsum,
329 4417 357 4465 et
370 4409 499 4463 caderent
514 4407 541 4461 in
554 4415 666 4472 tetram,
681 4422 731 4463 net
743 4415 855 4476 possent
869 4421 945 4460 0⁰¹¹!-
996 4426 1061 4468 cens
1074 4429 1081 4463 :
1096 4407 1150 4462 «Et
1163 4405 1248 4462 nolite
1263 4404 1425 4461 contristare
1438 4402 1571 4475 Spiritum
1582 4414 1706 4461 sanctum
1719 4404 1778 4473 Dei,

155 4501 325 4576 prehendere
339 4517 413 4557 eum.
437 4498 580 4566 Dominus,
607 4498 731 4569 inquam,
755 4506 849 4553 noster
864 4495 945 4554 lesus
996 4504 1096 4573 inquo
1117 4497 1217 4569 signati
1237 4495 1305 4553 estis
1327 4496 1355 4551 in
1367 4495 1442 4551 diem
1462 4495 1655 4566 redemptionis
1669 4494 1777 4568 (Epher.

155 4595 296 4660 Christus,
312 4609 375 4649 cum
397 4592 486 4647 adhuc
509 4592 604 4647 lateret
628 4592 755 4645 incarne
772 4590 832 4660 ejus
857 4588 945 4644 uultus
996 4610 1034 4661 rr,
1045 4592 1125 4664 3⁰)·'
1142 4588 1191 4645 Est
1211 4589 1285 4645 enim
1299 4586 1411 4659 quidam
1424 4595 1513 4643 tactus
1525 4587 1646 4658 ciusdem
1661 4584 1779 4657 Spiritus

157 4698 232 4751 tuus,
260 4686 430 4756 signaturum
445 4698 474 4739 se
487 4682 612 4752 promisit
639 4696 778 4751 supernos
793 4684 846 4737 ¹100
858 4679 945 4733 lumen
996 4687 1094 4752 sancit,
1108 4698 1163 4755 qrro
1177 4681 1313 4737 inertum
1339 4679 1503 4737 sistuntur
1523 4679 1664 4735 scurnum
1679 4677 1779 4748 oripi,

157 4776 246 4832 uultus
270 4777 319 4844 tui,
342 4785 369 4832 et
394 4775 524 4830 continuo
544 4774 671 4846 signarit,
695 4782 725 4827 ut
744 4787 807 4828 rere
824 4769 945 4842 pontifex
995 4778 1059 4834 dnm
1074 4777 1130 4832 cult
1150 4789 1213 4830 eum
1233 4773 1366 4830 suscitare
1389 4771 1423 4827 ad
1437 4771 1596 4842 optandum,
1615 4779 1646 4826 ut
1662 4784 1715 4824 uon
1731 4783 1781 4827 nef

158 4884 284 4927 summus
294 4883 344 4939 pro
359 4868 421 4938 jure
438 4864 518 4921 officii
533 4866 586 4932 sui,
603 4865 683 4935 cujus
695 4873 738 4921 est
758 4864 868 4937 signare
889 4879 945 4919 non
996 4870 1079 4942 gligat
1090 4868 1215 4938 gratiam,
1227 4880 1310 4937 quam
1322 4864 1380 4934 ipse
1393 4864 1508 4920 contulit
1523 4863 1574 4918 illi.
1589 4861 1640 4929 Qui
1652 4864 1676 4917 si
1688 4871 1782 4921 mente

158 4960 246 5019 solam
260 4960 377 5016 frontem
391 4958 525 5028 corporis,
545 4958 733 5013 verumetiam
754 4957 871 5013 frontem
886 4956 941 5010 ani-
996 4959 1087 5031 quieta
1100 4967 1165 5013 tunc
1178 4955 1289 5019 incedit,
1303 4963 1351 5008 aut
1373 4953 1400 5007 in
1424 4961 1528 5009 secretu
1545 4967 1637 5009 secum
1651 4960 1704 5019 est,
1721 4955 1781 5010 sire

159 5070 212 5111 ruae
223 5053 368 5109 credentis.
390 5049 464 5106 Dixit
486 5050 561 5105 enim
576 5050 633 5119 ipsa
648 5059 738 5117 nocte,
751 5065 805 5120 qua
820 5048 946 5105 tradeha·
997 5048 1245 5119 somnuindulgens
1256 5061 1305 5118 pro
1318 5046 1638 5118 temporesireperrigil,
1649 5045 1781 5102 blandum

156 5159 225 5203 trtr:
242 5143 479 5201 ‹nitranroutsr
495 5139 945 5212 Paracletum‹Spiritumrerita-
996 5149 1024 5195 ει
1045 5137 1237 5196 suavissimum
1264 5144 1367 5191 tactum
1391 5135 1468 5190 illurn
1491 5136 1623 5207 persentit
1647 5145 1781 5207 tanquam

160 5240 208 5308 tis,
219 5240 266 5310 qui
286 5255 302 5293 a
327 5235 407 5291 Patre
422 5234 543 5306 procedit
560 5233 650 5305 (toust.
667 5249 712 5300 rr,
722 5231 800 5302 Sul»
816 5230 849 5285 Et
860 5230 945 5285 multa
996 5228 1158 5285 familiarem
1180 5226 1387 5297 appellationem
1403 5227 1543 5297 praesentis
1555 5227 1647 5284 amici.
1661 5225 1742 5293 Quod
1756 5231 1781 5285 si

161 5331 364 5400 hujusmodiad
380 5327 581 5383 distinctionem
607 5325 771 5397 pertinentia
787 5324 946 5393 triumper-
997 5321 1075 5376 aliter
1088 5329 1140 5387 cst,
1166 5319 1190 5375 si
1211 5319 1288 5374 uerbi
1312 5319 1398 5389 gratia
1422 5317 1525 5374 festuca
1548 5318 1656 5373 irruens
1682 5321 1781 5377 trientis

159 5437 292 5478 sonarum
300 5420 397 5490 Patris,
412 5430 438 5476 et
448 5419 555 5488 Filii‚ct
569 5418 688 5490 Spiritus
702 5417 800 5485 sancti,
813 5426 839 5472 et
849 5415 946 5472 deinde
996 5413 1137 5469 oraculum
1161 5409 1289 5478 turbarit,
1305 5419 1332 5466 ει
1356 5425 1406 5481 pro
1427 5410 1479 5465 hoc
1498 5410 1620 5467 nondum
1634 5409 1781 5481 satislecit,

163 5514 233 5580 ipsa,
245 5528 299 5582 qua
312 5513 460 5569 resurrexit
478 5503 533 5581 dic,
557 5522 632 5568 stans
646 5511 672 5565 in
688 5509 778 5565 medio
798 5507 945 5578 discipulu-
996 5517 1061 5562 tunc
1076 5502 1120 5560 ille
1132 5512 1221 5560 tactus
1234 5513 1262 5559 et
1284 5503 1388 5560 tardior
1408 5502 1521 5566 accedit.
1547 5514 1575 5558 et
1595 5504 1722 5573 asperior
1738 5513 1782 5560 est

164 5615 225 5656 rum
252 5604 393 5674 praemisso
413 5603 486 5662 bono
514 5603 590 5679 pacis
602 5602 722 5672 mutio,
745 5615 827 5673 quam
845 5598 946 5657 lecerat
996 5612 1088 5685 sensu,
1101 5594 1139 5684 ita
1151 5605 1190 5684 'ut
1208 5595 1298 5655 dicere
1310 5594 1476 5654 conscientia
1492 5609 1546 5650 non
1565 5593 1694 5651 dubitat:
1712 5594 1782 5651 lices
