3817 6000
333 241 434 300 ¹2¹1

877 343 1106 407 ‘cmm‘
1134 346 1323 406 XXIX.

940 439 1007 477 nt:
1037 437 1263 477 nucum.

323 516 389 572 In
447 515 724 586 Scriptura
775 530 934 568 sacra
964 501 1096 566 ‘cum
1130 511 1339 583 repulus
1368 513 1630 581 singulari
1676 528 1892 566 munero

393 588 624 657 ponitur,
665 585 952 655 aliquando
990 582 1256 647 diabolus,
1295 581 1580 666 aliquando
1622 582 1893 637 Antichri-

393 668 506 710 stm
529 655 873 725 inteltiyitur;
899 669 1020 706 cum
1042 670 1160 708 vero
1193 653 1478 724 piurattter
1507 652 1675 725 reqnli
1703 652 1894 707 dicim·-

396 738 503 792 tur.
531 728 791 782 doemoner
821 726 1119 796 sithmztr.

394 821 544 893 (197)
573 820 763 891 Reguli
804 819 1027 875 nomine
1079 817 1326 874 diabolus
1371 817 1710 888 designatur,
1757 818 1901 873 sicut

325 929 425 986 per
451 912 772 984 prophetam
797 910 998 967 dieitur
1026 930 1040 965 :
1067 909 1429 966 Detectobitur
1453 910 1637 980 infans>
1658 912 1724 964 ao
1747 910 1901 964 ubere

324 1020 481 1077 super
508 1004 769 1075 [oramine
793 1003 1023 1074 aspidia;
1050 1013 1099 1057 et
1118 1003 1173 1056 in
1193 1019 1415 1056 caverna
1431 1002 1618 1073 repuli,
1640 1003 1731 1074 qui
1751 1002 1902 1057 obla-

325 1108 500 1152 clatus
550 1098 734 1170 suerit,
765 1111 978 1149 manum
1017 1110 1170 1148 suam
1211 1094 1401 1149 mittet.
1453 1091 1576 1147 Non
1623 1094 1900 1158 nocebunt,

324 1207 487 1261 neque
512 1189 749 1244 occident
771 1188 827 1241 in
848 1187 1086 1241 universo
1111 1196 1292 1239 sancto
1315 1193 1487 1239 monte
1523 1199 1633 1239 meo
1674 1183 1810 1255 (In.
1846 1201 1900 1241 ιιι

326 1282 403 1352 8).
469 1279 640 1348 Quem
691 1294 928 1350 namque
984 1276 1245 1332 infantem
1293 1276 1363 1330 ab
1412 1275 1576 1331 ubere
1642 1276 1726 1330 vel
1776 1291 1902 1331 cum

326 1373 634 1428 ablactatus
662 1371 844 1438 inerit,
868 1370 973 1424 nisi
1005 1369 1295 1423 Dominum
1324 1368 1588 1437 appellat?
1613 1366 1754 1435 Quid
1775 1383 1903 1422 vero

330 1465 598 1521 i'oraininc
634 1464 860 1534 aspidis,
889 1460 1140 1516 cavcruis
1164 1460 1358 1531 reguli,
1393 1459 1498 1516 nisi
1525 1460 1690 1515 corda
1723 1461 1904 1531 signa-

328 1557 407 1611 vit
433 1555 791 1626 iniquorum?
821 1552 888 1609 Et
913 1555 1173 1624 antiquus
1196 1552 1369 1607 hostis
1391 1552 1521 1606 dum
1548 1551 1707 1624 156
1727 1560 1902 1606 totum

326 1664 388 1703 se
419 1649 470 1702 in
498 1663 687 1702 eorum
717 1662 1051 1702 consensum
1084 1644 1346 1712 contulit,
1372 1644 1530 1714 quasi
1559 1645 1614 1698 iu
1638 1640 1904 1698 foramine

1213 235 1545 294 nanuum!
1582 233 1742 291 CAN.
1787 233 1948 291 REG.
1994 233 2054 290 S.
2092 232 2414 291 vic'rolus
2449 232 2654 289 PARts

1920 351 1969 410 Α

3459 228 3565 285 {28

2472 346 2627 418 157
2650 343 2880 401 estur
2916 343 3085 400 xxx.

2614 455 2682 493 BE
2731 453 2941 495 vimna-

2002 533 2068 588 Iu
2098 532 2379 603 Scriptura
2398 548 2555 586 saera
2580 545 2701 585 cunt
2718 531 2895 600 vipera
2929 527 3190 599 sinqulari
3219 545 3433 582 nttmero
3472 546 3571 599 po-

2064 606 2236 668 nitur,
2264 602 2554 673 aliquando
2574 601 2751 657 subita
2775 611 2827 657 et
2857 600 3085 655 uiolenta
3110 598 3310 652 diaboli
3343 601 3574 654 tentatio

2070 673 2406 744 iutelliqitur‚
2472 672 2759 743 aliquando
2803 675 2909 740 [per
2957 671 3282 724 contrarium
3338 669 3471 723 lenis
3517 680 3567 725 et

2072 745 2326 799 diuturna
2382 743 2617 812 eiusdem
2657 742 2910 806 ιειιιαιίος
2957 757 3078 795 cum
3129 757 3245 800 vero
3288 739 3572 811 pluraliter

2070 817 2259 886 viperoe
2289 815 2558 880 dicuntur,
2579 813 2729 884 pravi
2762 813 2993 867 hommes
3015 812 3399 881 exprimuntur.

2074 907 2223 979 (200)
2274 906 2483 976 Vipera!
2533 907 2755 962 nomine
2802 906 3038 962 violenta
3066 906 3151 961 vei
3182 906 3320 963 ienis
3350 915 3406 962 et
3442 907 3570 963 diu·

2006 1010 2168 1055 tuma
2196 999 2420 1055 tentatio
2452 998 2654 1054 diaboli
2679 998 3015 1069 designatur,
3044 998 3188 1055 sicut
3224 1014 3322 1068 per
3352 999 3576 1053 beatum

2002 1091 2108 1147 Joh
2131 1092 2199 1147 dc
2240 1090 2517 1163 hypocrita
2564 1089 2782 1146 dicitur.
2828 1090 3000 1161 Caput
3050 1090 3292 1161 aspidum
3322 1099 3488 1162 supet,
3519 1099 3575 1144 et

2004 1184 2209 1240 occidet
2236 1200 2356 1238 eum
2395 1182 2578 1254 linqua
2614 1183 2802 1253 viperoe
2843 1181 2963 1253 (lob
2991 1199 3083 1249 xx,
3108 1182 3217 1253 16).
3250 1181 3410 1254 Aspis
3440 1198 3573 1254 par-

2006 1293 2111 1332 vus
2154 1286 2242 1332 est
2278 1275 2737 1354 serpensuvipera
2774 1290 2901 1330 vcro
2925 1276 3239 1346 prolixioris
3266 1286 3352 1332 est
3377 1293 3579 1348 corpo-

2006 1367 2104 1422 ris.
2138 1365 2206 1421 Et
2235 1366 2449 1438 aspides
2477 1382 2577 1421 ova
2627 1364 2874 1437 gignunt,
2908 1375 3069 1436 atque
3114 1383 3180 1422 ex
3222 1368 3341 1423 ovis
3382 1383 3578 1424 eorum

2007 1457 2103 1513 filii
2146 1469 2522 1529 procreantur.
2576 1457 2783 1529 Viperae
2825 1468 3005 1513 autem
3051 1475 3174 1513 cum
3206 1461 3576 1531 conceperint,

2008 1549 2105 1605 filii
2128 1564 2317 1606 earum
2350 1550 2405 1604 in
2453 1560 2641 1606 ventre
2678 1551 2912 1607 saeviunt
2933 1550 3077 1621 (201.
3106 1550 3209 1616 Qui
3240 1551 3415 1621 ruptis
3442 1552 3581 1607 late-

2009 1641 2164 1697 ribus
2208 1651 2469 1708 matrum,
2516 1657 2584 1697 ex
2619 1657 2809 1698 earum
2839 1651 3027 1697 ventre
3056 1643 3376 1713 procedunt.
3423 1642 3582 1700 Unde

326 1738 553 1808 proprio
583 1746 866 1793 tortuosus
907 1737 1065 1792 sinus
1098 1734 1313 1791 astutias
1354 1735 1659 1806 colligendo
1701 1735 1903 1803 glome-
1935 1704 1977 1774 Β
2002 1741 2058 1788 ει
2097 1732 2281 1804 vipera
2326 1747 2394 1788 eo
2433 1733 2577 1803 quod
2624 1733 2677 1787 vi
2724 1733 2921 1803 pariat,
2975 1733 3345 1788 nominantur.
3385 1732 3580 1805 Vipera

326 1831 486 1886 ravit.
534 1828 708 1896 Quem
737 1839 792 1885 et
822 1828 1026 1898 aspidis
1052 1828 1286 1898 appellat
1314 1827 1534 1883 nominc
1561 1826 1773 1883 occulte
1798 1841 1903 1880 sae·

325 1920 562 1974 rientem
609 1928 665 1973 ct
700 1919 871 1990 reguli
921 1931 1104 1988 aperte
1150 1917 1457 1973 ferientem.
1513 1915 1734 1971 Manum
1774 1931 1908 1987 ergo

323 2026 486 2066 suam
542 2009 808 2066 Dominus
837 2011 894 2064 in
940 2009 1208 2065 foramine
1260 2011 1456 2081 reguli,
1508 2018 1672 2080 atque
1700 2007 1907 2078 aspidis

333 2105 506 2168 misit,
538 2103 759 2175 quando
779 2103 1092 2173 iniquorum
1129 2101 1292 2158 corda
1316 2101 1498 2158 divina
1536 2108 1804 2171 potestate
1832 2108 1909 2154 te-

333 2196 471 2262 nuit,
505 2204 560 2249 ct
603 2193 1057 2264 comprehensum
1099 2194 1292 2250 exinde
1336 2193 1602 2264 aspidem,
1627 2192 1713 2248 vei
1750 2206 1904 2263 regu·

325 2285 473 2352 tum,
506 2285 556 2340 id
587 2294 671 2340 cst
699 2285 974 2356 captivum
1015 2285 1291 2341 diabolum
1320 2284 1506 2358 traxit,
1536 2294 1595 2340 ut
1626 2285 1679 2339 iu
1723 2293 1907 2340 monte

327 2383 518 2430 sancto
555 2374 697 2442 ejus,
728 2375 822 2446 qui
863 2384 948 2431 est
980 2373 1223 2430 Ecclesia
1263 2375 1455 2431 electis
1499 2373 1748 2430 fidelibus
1796 2388 1906 2429 non

330 2476 565 2522 noceret.

402 2560 549 2632 (198)
585 2560 775 2631 chttii
802 2560 1026 2616 nomine
1052 2558 1424 2616 Antichristus
1463 2559 1803 2628 designatur,
1828 2558 1898 2612 si·

332 2661 425 2708 cut
446 2653 513 2708 dc
542 2653 723 2723 pravis
739 2653 1067 2724 quibusdam
1087 2653 1350 2723 scriptum
1378 2659 1462 2706 est
1486 2669 1500 2706 ε
1528 2649 1640 2706 Ova
1664 2649 1908 2720 aspidum

331 2754 605 2815 ruperunt,
631 2755 680 2801 et
708 2744 839 2800 telas
890 2762 1100 2802 aranea:
1140 2753 1434 2800 teoeuerum.
1476 2742 1582 2809 Qua·
1629 2741 1908 2797 comederit

328 2836 394 2890 de
414 2837 524 2892 ovis
557 2852 737 2890 eorum
769 2838 1049 2902 morietur,·
1073 2848 1123 2891 et
1146 2838 1286 2908 quod
1311 2836 1579 2906 confotum
1606 2844 1704 2902 eet,
1734 2851 1911 2889 erum-

323 2938 414 3001 pet
447 2930 503 2984 in
542 2928 778 3001 requiam
824 2928 961 3001 (Iso.
1007 2946 1122 2996 ux,
1161 2930 1240 3002 5).
1272 2929 1384 2986 Ova
1425 2929 1626 3002 quippe
1656 2927 1908 2997 aspidum

329 3023 516 3092 pravis
567 3022 882 3078 hominihus
929 3038 1183 3092 rumpere
1219 3029 1305 3077 est
1339 3022 1704 3091 malignorum
1747 3018 1910 3089 spiri·

325 3121 489 3169 *tuum
545 3114 776 3170 consilia
805 3131 930 3185 quae
967 3114 1023 3170 in
1050 3130 1241 3170 eorum
1271 3113 1526 3169 cordibus
1568 3113 1755 3178 latent,
1788 3124 1911 3180 per-

335 3206 511 3262 versis
536 3206 795 3276 operibus
831 3207 1061 3277 aperire.
1093 3205 1253 3261 Teias
1273 3219 1493 3275 quoque
1512 3219 1729 3259 araneae
1756 3213 1910 3260 texe·-

320 3313 397 3353 τε
426 3307 511 3353 εει
539 3313 639 3368 pro
675 3298 840 3369 hujus
866 3298 1056 3354 mundi
1100 3296 1544 3367 concupiscentia
1592 3297 1911 3367 temporalia

336 3390 588 3454 qun-iilud:
620 3390 829 3454 ιιμιιιτιιι
881 3406 889 3438 .’
941 3404 1064 3454 quae
1101 3386 1231 3442 dum
1263 3386 1413 3441 nulia
1454 3385 1750 3442 stabilitate
1783 3387 1914 3442 soli·

336 3482 456 3530 [inlu
496 3490 640 3538 sulti,
672 3498 733 3530 vu,
765 3482 949 3546 prurit]
985 3478 1149 3534 dubio
1176 3486 1374 3534 ventus
1397 3476 1522 3533 vitae
1551 3477 1802 3533 mortalis
1825 3493 1914 3533 ra·-

336 3570 432 3638 pit.
468 3570 604 3622 [ionic
632 3578 809 3622 τιιιιι-ιιι
853 3570 1068 3625 additur
1099 3590 1113 3625 ε
1147 3570 1253 3637 Qut
1274 3568 1560 3624 comederit
1585 3568 1655 3623 cte
1687 3570 1798 3623 ovis
1819 3585 1911 3623 eo-

340 3678 452 3715 rum
512 3662 785 3727 :sini-irim,
841 3666 965 3731 qui-„i
1017 3664 1110 3735 qui
1160 3662 1569 3719 immundorum
1623 3661 1911 3732 spirituum

336 3755 564 3807 >animilia
600 3755 837 3823 ref-picit,
865 3755 1027 3808 titani
1048 3754 1102 3808 iu
1132 3768 1191 3809 sc
1215 3754 1414 3810 auimae
1432 3754 1652 3811 occidit.
1681 3752 1748 3807 Ec
1774 3753 1916 3824 qnod

340 3847 608 3915 confertim
652 3859 749 3911 ικιι,
801 3855 1035 3911 vrwnjwt
1069 3848 1126 3901 in
1176 3846 1437 3918 requiam,
1465 3846 1596 3915 quia
1622 3844 1914 3901 consilium

340 3939 560 4007 maligni
596 3943 817 4007 spiritus
861 3943 1005 4007 quud
1036 3939 1201 3996 corde
1232 3940 1435 4011 tegitur
1473 3939 1540 3995 ad
1568 3942 1781 4011 plenam
1813 3939 1916 3996 ini-

337 4030 602 4100 quitatem
649 4032 912 4098 nutritur‚
949 4032 1171 4104 regulus
1211 4048 1449 4103 namque
1474 4043 1788 4103 serpentum
1819 4048 1916 4087 rex

339 4120 563 4177 dicitur.
593 4122 729 4190 Quis
749 4138 884 4179 vero
907 4125 1265 4194 reproborum
1292 4134 1456 4195 caput
1479 4133 1586 4190 est,
1619 4125 1725 4180 nisi
1760 4124 1919 4179 Anti-

339 4214 614 4270 christus?
641 4213 797 4282 Quod
827 4231 958 4287 ergo
983 4214 1268 4271 confotum
1295 4224 1380 4271 est
1405 4224 1656 4286 erumpet
1675 4217 1732 4271 iu
1756 4231 1918 4287 regu-

339 4303 476 4369 lum,
506 4305 634 4374 quia
665 4306 712 4361 is
743 4305 838 4375 qui
869 4306 924 4359 in
953 4321 1013 4361 se
1041 4306 1330 4362 nutrienda
1350 4306 1557 4376 aspidis
1577 4307 1808 4363 consilia
1829 4322 1918 4361 re-

2006 1823 2193 1895 itaque
2220 1823 2303 1880 sic
2336 1823 2604 1890 nascitur,
2634 1832 2695 1878 ut
2718 1823 2985 1878 violenter
3008 1831 3181 1889 excat,
3218 1831 3274 1877 et
3308 1839 3432 1878 cum
3461 1839 3583 1878 tna-—

2007 1916 2108 1972 tris
2155 1930 2270 1970 suae
2315 1914 2675 1970 exstinctione
2727 1914 3076 1985 producatur.
3120 1914 3260 1981 Quid
3303 1930 3433 1986 ergo
3481 1930 3583 1985 per

2007 2006 2226 2077 aspides
2268 2022 2488 2077 parvoS,
2520 2007 2626 2061 nisi
2654 2007 2883 2063 latentes
2927 2008 3301 2077 suggestiones
3341 2005 3583 2060 immun-

2008 2095 2203 2152 dorum
2242 2096 2532 2166 spirituum
2585 2097 2907 2168 figurantur,
2950 2098 3043 2167 qui
3094 2098 3351 2152 cordibus
3398 2097 3580 2152 homi·

2009 2204 2140 2244 num
2173 2202 2337 2259 parva
2364 2189 2518 2258 prius
2545 2189 2901 2258 persuasione
2926 2191 3260 2260 subrepunt?
3292 2189 3433 2258 Quid
3453 2206 3585 2246 veru

2008 2297 2104 2353 per
2134 2282 2375 2354 linguam
2418 2282 2633 2351 viperae,
2685 2281 2789 2336 uisi
2827 2281 3064 2336 violenta
3104 2283 3302 2338 diaboli
3352 2283 3585 2338 tentatio

2009 2374 2358 2445 designatur?
2387 2372 2547 2429 Prius
2565 2374 2714 2429 enim
2735 2373 2929 2429 leniter
2948 2374 3201 2445 subripit,
3225 2377 3587 2446 postmodum

2010 2479 2142 2523 vero
2187 2466 2358 2522 etiam
2392 2466 2657 2539 violenter
2678 2466 2851 2537 (2⁰2).
2885 2466 3061 2537 Caput
3102 2469 3286 2539 itaque
3329 2468 3586 2539 aspidum

2010 2555 2157 2627 sugit
2196 2554 2499 2627 hypocrita,
2531 2557 2664 2627 quia
2697 2556 2911 2612 initium
2949 2557 3314 2628 suggestionis
3357 2560 3589 2615 occultae

2011 2661 2240 2716 parvum
2278 2646 2432 2717 prius
2457 2647 2514 2702 iu
2552 2647 2717 2703 corde
2762 2647 3027 2715 nascitur,
3073 2649 3169 2704 sed
3211 2647 3413 2705 occidit
3454 2666 3585 2704 cum

2012 2736 2198 2807 lingua
2242 2735 2458 2807 viperae,
2508 2736 2637 2808 quia
2683 2738 3032 2807 postmodum
3072 2746 3230 2808 capta
3272 2753 3588 2805 mensflve-

2011 2841 2155 2882 neno
2197 2826 2447 2884 violeutae
2481 2828 2793 2885 tentationis
2839 2838 3082 2885 necatur.
3124 2827 3369 2885 Primum
3410 2833 3588 2888 subti-

2012 2918 2155 2975 libus
2193 2919 2457 2984 consiliis‚
2505 2919 2574 2974 ad
2618 2934 2716 2974 cor
2760 2919 2998 2976 hominis
3046 2919 3313 2975 immundi
3359 2922 3590 2992 spiritus

2014 3017 2335 3086 loquuntur,
2358 3014 2454 3084 qui
2482 3013 2611 3069 dum
2637 3013 2830 3068 leniter
2864 3015 3192 3084 persuadent
3234 3015 3395 3085 quasi
3417 3032 3585 3071 vene-

2015 3122 2147 3162 num
2175 3105 2423 3177 aspidum
2464 3103 2716 3160 fundunt.
2759 3101 2911 3160 Unde
2948 3105 3216 3175 scriptum
3247 3114 3371 3161 cst:
3423 3106 3586 3179 158

2017 3199 2129 3256 Ova
2172 3198 2418 3269 aspidum
2468 3205 2739 3267 ruperunt,
2777 3206 2827 3251 et
2874 3196 3007 3252 telos
3029 3213 3241 3253 araneoe
3286 3209 3583 3254 tenuerunt.

2014 3288 2121 3356 Qun·
2174 3289 2459 3343 comederit
2512 3286 2576 3343 de
2634 3287 2744 3343 ovis
2800 3303 2979 3342 eornm
3026 3289 3300 3356 morietur,
3354 3301 3404 3344 et
3447 3291 3587 3361 qnod

2014 3382 2284 3452 confotum
2317 3390 2392 3435 est
2426 3390 2660 3451 erumpet
2690 3382 2745 3434 in
2793 3377 3030 3451 regulum
3057 3379 3196 3453 (Iso.
3240 3396 3350 3446 ux,
3385 3382 3462 3445 5).
3509 3382 3588 3439 De

2015 3477 2119 3532 hoc
2147 3476 2221 3531 ita
2249 3476 2532 3547 hypocrita
2557 3474 2757 3531 dicitur
2785 3491 2799 3527 ε
2841 3472 3012 3543 Caput
3056 3474 3296 3544 aspidum
3321 3483 3488 3544 mayel,
3534 3486 3588 3531 et

2015 3568 2214 3624 occidet
2260 3583 2381 3622 eum
2411 3566 2593 3639 linqua
2625 3567 2835 3636 vipera.
2865 3565 2993 3636 quia
3022 3582 3147 3621 cum
3185 3567 3427 3636 iniquam
3458 3584 3587 3640 sug-

2014 3663 2317 3735 gestionem
2347 3662 2558 3733 antiqui
2570 3660 2987 3729 hostisgtibenter
2998 3660 3245 3729 suscipit,
3260 3661 3513 3718 violentis
3529 3678 3590 3719 se

2013 3764 2139 3827 post
2158 3756 2378 3813 modum
2401 3754 2521 3825 ejus
2535 3752 2924 3810 tentationibus
2937 3752 3179 3808 devictus
3206 3753 3399 3809 tradet.
3436 3752 3590 3811 Unde

2018 3856 2075 3904 et
2116 3848 2174 3904 iu
2222 3847 2476 3918 paradiso
2504 3859 2723 3918 quoque
2745 3845 2909 3900 stanti
2938 3843 3143 3899 homini
3170 3845 3332 3901 verba
3376 3845 3590 3900 blandae

2015 3938 2387 4010 persuasionis
2398 3937 2599 4003 intulit,
2613 3935 2708 3991 sed
2721 3951 2881 4005 quem
2894 3933 3059 3991 semel
3073 3934 3251 4004 rapuit
3263 3935 3329 3989 ad
3348 3950 3579 3991 cousen-

2017 4047 2161 4098 sum,
2170 4032 2285 4102 jam
2297 4028 2615 4085 nuncetiam
2637 4028 2957 4084 renitentem
2978 4028 3143 4083 trahit
3153 4034 3208 4082 ct
3216 4028 3591 4097 corruptionis

2018 4139 2135 4180 suae
2145 4121 2597 4179 delectationibus
2608 4120 2878 4178 devictum
2891 4135 3026 4191 pene
3039 4118 3589 4177 violenteriuterficit.

2089 4218 2240 4289 (205)
2276 4215 2382 4272 Sed
2417 4215 2649 4272 fortasse
2678 4215 2796 4271 hare
2818 4214 2934 4286 ipsa
2971 4212 3271 4284 intelligere
3294 4213 3464 4269 etiam
3496 4227 3593 4284 per

2016 4313 2352 4365 contrariam
2402 4308 2904 4379 interpretationem
2948 4307 3214 4362 valemus.
3270 4304 3406 4361 Nam
3459 4306 3591 4377 quia

341 4397 560 4466 ceperit,
612 4397 918 4452 membrum
954 4398 1125 4473 inifflii
1159 4398 1356 4469 capitis
1389 4396 1587 4465 sactus,
1610 4400 1667 4454 in
1710 4413 1915 4469 corpus
1945 4424 1990 4480 1)
2016 4418 2227 4459 veneno
2249 4418 2351 4459 suo
2391 4404 2541 4473 aspis
2560 4403 2793 4469 concite,
2822 4402 3007 4473 vipera
3035 4412 3222 4458 autem
3260 4400 3470 4457 tardius
3495 4415 3592 4456 oc-

340 4487 660 4544 Antichristi
687 4489 972 4545 accrescit.

413 4580 564 4653 (199)
614 4579 945 4653 Regularum
983 4582 1206 4638 nomine
1233 4582 1509 4640 daemones
1539 4584 1916 4656 designantur.

342 4672 498 4731 Unde
544 4684 600 4729 et
642 4674 782 4730 bene
823 4674 1070 4732 irascens
1107 4675 1345 4746 peccatis
1371 4677 1825 4747 praecedentibus,
1849 4677 1919 4733 de

340 4766 429 4823 his
452 4782 595 4838 quos
622 4767 679 4821 in
709 4782 875 4822 manu
905 4766 1115 4838 antiqui
1143 4766 1317 4824 hostis
1338 4768 1544 4825 deserit
1564 4784 1661 4839 per
1685 4770 1920 4840 prophe·

341 4869 452 4916 tam
487 4859 748 4918 Dominus
769 4860 905 4917 dicit
943 4878 957 4915 ε
984 4859 1289 4916 Ἰηιιιιίιιαηι
1305 4862 1451 4919 vobis
1477 4872 1738 4934 serpentes
1763 4880 1915 4935 requ-

341 4952 442 5017 tos,
473 4951 660 5023 quibus
690 4934 791 5007 no’n
821 4962 899 5009 εει
946 4953 1239 5008 incantatio
1265 4952 1400 5025 (Jer.
1431 4972 1551 5022 νιιι,
1598 4956 1708 5028 17).
1749 4957 1830 5013 Ac
1864 4958 1915 5013 si

341 5045 545 5101 diceret
576 5065 589 5101 ε
619 5044 783 5102 Justo
826 5045 1036 5117 judicio
1062 5047 1265 5105 talibus
1304 5048 1602 5106 immundis
1630 5048 1914 5120 spiritibus

341 5138 573 5199 tradam.
603 5138 698 5208 qui
743 5155 775 5195 a
806 5139 966 5196 vohis
987 5141 1169 5196 excuti
1197 5140 1575 5197 exhortatione
1622 5142 1915 5212 pradican-

342 5230 479 5286 tium
505 5231 663 5302 quasi
694 5232 1084 5288 incantantium
1119 5249 1372 5291 sermone
1399 5250 1508 5292 non
1531 5234 1765 5290 valeant.

440 5385 563 5452 197)
603 5384 681 5441 Ex
713 5386 808 5441 lib.
839 5402 973 5452 xvn,
1002 5387 1055 5440 in
1079 5385 1205 5454 Job,
1236 5404 1285 5443 c.
1317 5406 1387 5444 xx

439 5456 542 5512 198
603 5455 681 5511 Ex
703 5457 798 5512 lib.
839 5474 928 5518 xv.
963 5457 1015 5511 in
1051 5456 1173 5520 lot»,
1206 5474 1253 5514 c.
1292 5477 1365 5514 tx.

441 5524 543 5579 199
605 5526 683 5580 Ex
719 5528 811 5582 iili.
845 5543 1029 5590 xxxiv,
1056 5529 1107 5581 in
1133 5527 1255 5582 Job.
1290 5546 1338 5584 c.
1368 5547 1420 5584 x.

442 5594 570 5664 2⁰0)
610 5594 688 5649 Ex
718 5598 812 5651 lib.
844 5615 930 5663 xv,
958 5598 1009 5652 iu
1036 5596 1159 5663 lob,
1196 5616 1244 5653 c.
1283 5617 1374 5654 ιιι.

427 5663 576 5735 (2⁰1)
621 5664 751 5721 Vide
788 5668 955 5723 Arist.
1006 5670 1099 5724 lib.
1141 5686 1194 5734 v,
1243 5669 1314 5725 Dc
1344 5671 1467 5725 nist.
1511 5672 1756 5737 animab,
1789 5688 1907 5742 cap.

2017 4496 2172 4563 cidit,
2199 4511 2297 4566 per
2332 4494 2577 4565 aspidem
2608 4495 2845 4549 violenta
2892 4503 2948 4549 et
2990 4494 3193 4557 subita,
3222 4508 3320 4564 per
3352 4493 3588 4563 viperam

2016 4590 2156 4645 ienis
2198 4602 2254 4645 et
2297 4590 2553 4645 diuturna
2604 4588 2833 4644 tentatio
2874 4588 3208 4660 designatur.
3253 4584 3407 4642 Unde
3435 4586 3590 4641 etiiii

2016 4696 2167 4737 mors
2215 4681 2269 4737 in
2317 4681 2567 4736 suctione
2599 4681 2815 4751 capitiS,
2855 4680 3054 4750 ᾔρει-ιε
3082 4689 3264 4735 autem
3300 4679 3357 4733 in
3390 4678 3589 4749 {lingua

2014 4789 2138 4830 esse
2166 4773 2503 4845 perhibetur,
2549 4774 2678 4845 quia
2714 4773 2993 4843 repentina
3031 4772 3259 4828 tentatio
3297 4784 3439 4840 saepe
3464 4770 3589 4826 ino-

2016 4862 2255 4933 pinatam
2303 4872 2540 4918 mentem
2583 4879 2731 4929 mox,
2764 4869 2823 4916 ut
2852 4863 3046 4933 surgit,
3095 4861 3377 4927 interficit;
3424 4861 3589 4932 longa

2015 4969 2148 5009 vero
2179 4954 2428 5020 tentatio,
2464 4952 2594 5023 quia
2624 4967 2790 5023 prava
2821 4950 3029 5008 diutius
3056 4950 3431 5022 persuadendo
3460 4968 3589 5022 sug-

2015 5044 2173 5116 gerit,
2199 5045 2350 5101 velut
2376 5062 2441 5101 ex
2476 5045 2658 5117 lingua
2691 5045 2876 5115 vipera
2900 5044 3119 5100 occidit.

2083 5137 2238 5209 (204)
2284 5138 2602 5209 Viperarum
2653 5136 2895 5200 nomine,
2945 5137 3096 5206 pravi
3144 5137 3395 5193 homiues
3439 5136 3589 5192 desi-

2014 5244 2273 5307 gnnntur,
2304 5237 2443 5292 sicut
2464 5252 2562 5307 per
2589 5234 2855 5291 Ioannem
2889 5231 3189 5304 Baptistam
3224 5232 3428 5291 ludatis
3451 5230 3592 5290 diei·

2021 5390 2122 5457 54;
2153 5390 2294 5448 Piin.
2324 5391 2418 5447 lib.
2446 5407 2502 5455 x.
2528 5406 2649 5461 cap.
2676 5389 2766 5445 62.

2092 5461 2222 5532 (2⁰2
2284 5461 2364 5516 Ex
2393 5477 2513 5531 cap.
2546 5476 2660 5516 viu.

2093 5532 2221 5601 (205
2284 5532 2359 5586 Ex
2384 5532 2596 5596 iisdem,
2625 5531 2745 5598 lib„
2776 5541 2829 5587 et
2858 5545 2907 5586 c.
2938 5543 3056 5587 vni.

2112 5603 2239 5672 2⁰4)
2276 5602 2352 5657 Ex
2383 5603 2528 5658 hom.
2557 5601 2627 5657 20
2680 5602 2734 5658 iu
2763 5600 2964 5674 Evang.
