3817 6000
443 239 585 297 1659

1403 233 1711 293 GERllOlll
1744 225 2132 288 PRAEPOSlTl
2167 228 2715 288 REICHERSPERG.

3546 228 3693 288 16ῦο

439 365 613 414 ternae
638 355 1053 424 sollicitudinis,
1077 359 1215 427 quas
1239 355 1427 426 utique
1454 355 1567 419 dat,
1596 352 1690 422 qui
1713 351 1876 408 solvit
1896 364 2010 404 eas.
2044 344 2094 404 Α
2120 346 2247 400 mali
2272 365 2286 401 ε
2315 347 2450 402 etin
2485 348 2592 403 hoc
2619 346 2824 402 mundo
2858 346 3138 403 sublimati
3167 347 3472 405 bonoribus
3502 364 3567 405 ac
3591 365 3694 419 po-

440 447 643 503 Verum
684 448 731 505 si
767 448 906 504 adeo
921 448 1117 519 ligatas
1143 449 1307 504 habet
1343 447 1541 512 officio,
1574 447 1803 503 fratrum
1848 447 2010 502 saluti

438 538 865 609 pernecessario,
898 548 960 596 ut
987 547 1208 611 propter
1232 539 1364 595 illud
1402 540 1740 610 implendum
1794 538 2014 595 avolare

437 645 548 685 non
582 632 756 701 possit
790 639 847 687 et
896 632 1024 688 illos
1068 632 1341 696 deserere.
1389 634 1589 690 crescit
1638 633 1895 688 meritum
1943 647 2011 689 ex

436 720 532 776 tali
563 722 858 789 desiderio,
913 730 969 777 et
1022 731 1152 780 tnnc
1201 725 1368 789 dicat,
1419 726 1515 795 qui
1562 726 1833 796 ejusmodi
1882 735 2008 783 est:

442 831 463 865 ι
499 813 675 885 Cupio
695 815 945 886 dissolvi,
989 829 1041 874 et
1064 833 1188 875 esse
1215 833 1341 873 cum
1382 818 1625 888 Christo,
1660 822 1832 876 multo
1861 821 2011 877 enim

435 906 666 973 melius;
700 924 923 965 manere
950 920 1133 966 autem
1182 911 1237 965 in
1281 927 1446 968 carne
1485 913 1857 969 necessarium
1882 930 2012 985 pro-

434 1006 556 1068 pter
589 1015 687 1056 vos
712 1000 972 1072 (Philipp.
1019 1018 1057 1071 1,
1086 1003 1201 1074 23).
1234 1022 1253 1055 ι
1285 1003 1361 1060 lta
1388 1020 1489 1074 ego
1528 1004 1718 1074 David,
1747 1022 1851 1078 ego
1894 1023 2011 1078 poe-

435 1090 616 1146 nitens
638 1092 864 1162 quaesivi
903 1110 1123 1164 pennas,
1159 1105 1325 1166 atque
1369 1097 1644 1154 interdum
1686 1099 1863 1171 gratia
1915 1098 2010 1156 Dei

433 1182 671 1239 donante
696 1184 800 1240 illis
826 1188 1081 1257 acceptis.
1112 1187 1246 1244 Ecce
1263 1190 1501 1262 elongavi
1524 1193 1751 1264 fraqima,
1776 1203 1825 1249 et
1857 1210 2011 1248 man-

432 1271 480 1324 si
514 1271 568 1325 in
607 1272 913 1331 solitudine.

505 1364 680 1436 Super
705 1367 851 1426 hunc
879 1369 1059 1426 locum
1090 1372 1281 1430 beatus
1310 1374 1605 1445 Gregorius
1628 1377 1759 1433 dicit
1784 1378 1836 1433 in
1865 1378 2003 1435 Job:

434 1460 604 1530 (tw)
636 1480 656 1514 t
685 1461 920 1534 Fugiens
947 1466 1185 1537 elongat,
1222 1467 1317 1539 qui
1354 1484 1385 1524 a
1417 1471 1571 1526 turba
1611 1470 2007 1529 desideriorum

432 1552 811 1622 temporalium
846 1555 902 1610 in
924 1556 1032 1612 alta
1054 1555 1148 1612 Dei
1176 1560 1633 1631 contemplatione
1654 1578 1715 1620 se
1735 1564 2005 1623 sublevat.

2116 439 2404 497 testatibus
2424 440 2798 509 dominantur,
2821 450 2874 496 et
2893 451 3086 497 mutuo
3125 443 3423 499 multorum
3454 459 3688 500 assensu

2115 532 2168 587 in
2198 533 2484 589 mendacio
2516 543 2708 590 contra
2741 534 3022 591 veritatem
3047 536 3400 591 roborantur.
3431 536 3527 593 Sic
3555 535 3688 592 olim

2113 633 2306 681 contra
2365 623 2534 681 Deum
2580 626 2707 682 filiis
2762 623 2935 682 Adam
2994 626 3140 682 inter
3194 642 3254 683 se
3303 628 3689 686 consentaneis

2112 718 2277 788 coepit
2307 718 2399 774 illa
2446 720 2617 775 turris
2652 718 2932 787 aedificari,
2973 718 3041 776 de
3077 719 3234 790 cujus
3273 720 3563 778 altitudine
3608 720 3689 780 ini

2112 819 2242 868 sunt
2271 811 2430 883 quasi
2462 811 2804 882 praecipitati,
2832 811 2928 883 qui
2957 812 3122 868 simul
3154 812 3422 870 divisione
3450 822 3511 869 et
3553 830 3687 871 eon·

2111 901 2348 961 i'usione.
2400 904 2734 977 Linguarum
2791 906 3052 976 prohibiti
3094 905 3162 962 ah
3198 907 3318 977 ejus
3375 909 3690 980 peragenda

2109 999 2486 1056 aedillcatione.
2551 998 2641 1056 Sic
2687 1000 2852 1057 ctiam
2908 1015 3056 1056 nunc
3103 1001 3397 1071 proecipito,
3434 1001 3687 1067 Domine,

2111 1106 2301 1147 omnes
2322 1093 2601 1163 operarios
2621 1093 2945 1166 iniquitatis,
2960 1104 3009 1149 et
3036 1094 3210 1150 divide
3231 1095 3441 1166 linquas
3477 1113 3685 1151 eona.

2110 1184 2400 1255 Proecipita
2427 1187 2481 1242 in
2514 1188 2765 1258 praesenti
2794 1188 2860 1243 ad
2882 1188 3282 1259 poenitentiam,
3309 1203 3380 1244 ne
3408 1189 3467 1243 in
3500 1188 3690 1245 tuturo

2104 1277 2316 1347 judicio
2342 1279 2646 1350 praecipites
2675 1295 2772 1336 eos
2822 1279 2890 1335 ad
2938 1295 3156 1350 poenam
3202 1290 3496 1336 aeternam:
3527 1282 3692 1336 etdi-

2108 1371 2224 1425 vidc
2253 1368 2463 1442 linquas
2490 1386 2671 1425 eornm
2698 1386 2848 1427 nuuc
2871 1370 3013 1426 inter
3032 1386 3112 1439 se,
3138 1385 3207 1426 ne
3229 1371 3285 1426 in
3306 1369 3498 1427 futuro
3548 1371 3694 1426 divi-

2108 1464 2307 1520 dantur
2342 1457 2487 1522 sicut
2511 1465 2651 1521 haedi
2675 1465 2745 1520 ab
2784 1480 3048 1536 agnorum
3103 1465 3382 1521 societate.
3425 1464 3694 1520 Dividam-

2110 1564 2199 1612 tur
2227 1573 2374 1614 nunc
2419 1557 2559 1614 inter
2614 1573 2674 1614 se
2721 1574 2819 1630 per
2866 1558 3105 1630 gladium
3153 1559 3399 1628 spiritus,
3425 1558 3581 1629 quod
3609 1564 3695 1613 est

431 1642 614 1701 lllanet
641 1661 770 1702 vero
800 1647 854 1702 in
896 1649 1209 1716 solitudine,
1241 1652 1335 1722 qui
1378 1664 1688 1723 perseverat
1712 1656 1766 1712 in
1800 1668 2008 1715 remota
2039 1691 2084 1747 B
2111 1647 2337 1703 verbum
2373 1646 2492 1715 Dei,
2520 1665 2588 1704 ¹¹³
2612 1656 2743 1706 ‘¹1⁰⁰
2772 1648 3088 1705 dividantur
3115 1665 3214 1720 1³0¹·
3259 1647 3519 1704 eumdem
3580 1649 3692 1720 8¹²-

432 1737 631 1794 mentls
659 1739 975 1794 Intssnlinllv.
1014 1741 1168 1798 Mens
1224 1759 1457 1814 {tulitque
1516 1757 1777 1818 appetens
1817 1748 2004 1806 illicita
2109 1741 2260 1797 dium
2291 1756 2322 1796 ὃ
2347 1756 2517 1813 “³8ss0
2551 1741 2666 1799 Del·

431 1830 590 1899 quasi
616 1834 903 1902 qimi-nilum
927 1838 1188 1906 pupulum
1220 1842 1440 1907 fallitur,
1464 1856 1589 1910 quae
1617 1841 1873 1898 insolenti
1904 1859 2004 1900 co·

430 1921 747 1992 gitationnm
787 1930 1020 1982 tnltmltn
1060 1938 1320 1982 vastatur.
1356 1934 1421 1985 ,tt
1458 1940 1645 1988 contra
1678 1936 1852 1991 sancti
1876 1936 2002 2004 viri,

429 2015 558 2084 quia
590 2016 719 2071 nillil
767 2022 947 2071 :namsi
987 2022 1148 2091 liujus
1180 2033 1456 2091 appr-lunt,
1491 2025 1656 2082 nullis
1683 2029 1874 2098 procul
1902 2031 2006 2086 du·

425 2109 521 2165 bio
545 2110 600 2165 in
626 2115 791 2167 curili:
831 2119 1152 2171 [munibus
1200 2129 1538 2187 pumuntur,
1562 2122 1678 2189 sed,
1702 2126 2005 2194 appetendo

426 2201 599 2258 solam
627 2215 879 2259 ffllssl'llnln
919 2211 1144 2275 patriam
1200 2219 1391 2267 run-ntis
1444 2215 1835 2285 tranquillitate
1882 2233 2005 2287 pet·-

425 2291 743 2351 t'ruuntur.»
781 2296 975 2370 Magna
1001 2300 1201 2372 quippe
1231 2317 1294 2357 ac
1323 2306 1620 2376 tranquilla
1675 2308 1873 2365 mentis
1920 2317 2004 2365 est

424 2387 683 2456 solitudo,
714 2390 808 2446 ubi
830 2392 948 2448 sola
979 2392 1097 2464 ipsa
1121 2403 1207 2450 est
1237 2410 1361 2452 cum
1407 2399 1529 2455 solo
1575 2399 1686 2456 Deo
1736 2409 2001 2472 tanquam

426 2494 626 2550 sponsa
656 2497 780 2537 cum
811 2498 1016 2554 sponso
1043 2485 1097 2541 in
1130 2487 1331 2544 lectulo
1380 2491 1564 2548 cordis
1615 2492 1831 2560 florido,
1857 2495 2002 2550 sicut

426 2566 541 2636 ipsa
571 2569 703 2625 dicit
726 2572 780 2626 in
804 2571 1043 2631 Canticis
1072 2577 1441 2635 canticorum:
1480 2601 1500 2633 c
1528 2579 1787 2641 Lectulus
1815 2596 2001 2642 noster

422 2660 651 2718 floridus
680 2673 766 2719 est
812 2662 992 2737 (Cant.
1020 2684 1058 2732 t,
1086 2669 1241 2739 ¹5).›
1301 2671 1431 2729 Plus
1479 2675 1759 2732 abundant
1804 2678 2000 2749 hujus-

423 2752 573 2808 modi
617 2753 780 2813 tlores
814 2757 872 2810 in
922 2758 1231 2830 solitudine,
1288 2778 1456 2834 quam
1514 2766 1571 2821 in
1626 2769 1994 2826 multitudine.

421 2839 625 2901 Omnes
645 2847 813 2916 enim,
835 2848 929 2919 qui
951 2849 1137 2908 illicita
1161 2862 1444 2924 appetunt,
1466 2857 1553 2913 vel
1579 2859 1636 2914 in
1662 2860 1768 2917 hoc
1790 2864 1997 2918 mundo

421 2935 595 2991 videri
630 2939 835 3011 aliquid
866 2942 1075 3008 volunt.
1112 2944 1296 3004 densis
1347 2949 1738 3021 cogitationum
1786 2957 1994 3013 tumul-

421 3030 569 3086 tibus
589 3031 644 3085 in
667 3034 829 3090 corde
857 3037 1313 3107 comprimuntur,
1339 3057 1575 3116 cumque
1597 3047 1991 3105 desideriorum
2021 3056 2064 3115 c
2096 3042 2248 3101 unita
2275 3042 2697 3110 constrinxerat,
2718 3041 2891 3097 divisa
2922 3040 3157 3097 laxabat.
3186 3039 3518 3112 Eripiuntur
3542 3044 3684 3098 enin
3794 3101 3795 3104 ,

423 3121 611 3178 turbas
635 3133 775 3180 mter
796 3142 855 3183 se
874 3129 1133 3198 excitant,
1153 3141 1425 3202 prostrata
1450 3152 1604 3194 mens
1624 3140 1759 3209 pede
1788 3142 2002 3199 miserae

420 3214 877 3287 frequentationis
899 3224 1160 3293 calcatur,
1198 3238 1363 3301 atque
1394 3229 1448 3285 in
1495 3231 1675 3287 lusum
1709 3234 1997 3307 redigitur.

422 3307 712 3374 Quomodo
744 3311 797 3367 in
828 3314 923 3369 tali
977 3328 1157 3375 mente
1211 3331 1458 3377 crescant
1500 3324 1762 3381 virtutum
1811 3327 1997 3396 ssorcS‚

422 3404 489 3457 de
515 3403 716 3473 quibus
744 3407 837 3462 flat
868 3408 1099 3468 lectulus
1124 3411 1351 3470 floribus
1401 3417 1737 3488 nuptialibus
1787 3420 2000 3478 deliciis

351 3490 360 3496 ⁴
422 3495 622 3562 aptus?
650 3494 721 3551 Ut
766 3513 897 3569 ergo
943 3500 1105 3559 ssores
1157 3506 1434 3576 haberem,
1469 3525 1633 3580 super
1678 3527 1819 3583 quos
1872 3530 1997 3570 cum

423 3582 535 3641 Deo
569 3598 622 3644 et
674 3589 730 3644 in
771 3590 883 3649 Dco
932 3597 1354 3669 requiescerem,
1413 3611 1698 3673 separatus
1731 3608 1833 3663 etsi
1886 3624 1997 3664 non

422 3690 670 3747 corpore,
704 3689 885 3739 tamen
909 3686 1076 3742 corde
1098 3704 1129 3744 a
1161 3694 1498 3749 tumultuosa
1528 3696 1880 3756 multitudine
1909 3699 1998 3755 su-

421 3769 576 3839 giens
605 3775 778 3828 mansi
800 3775 853 3830 in
878 3777 1186 3850 solitudine,
1220 3784 1312 3840 ubi
1342 3788 1691 3858 requiescens
1719 3791 1773 3846 in
1796 3793 1997 3850 lectulo

420 3861 614 3917 florido
635 3869 1002 3936 exspectabam
1025 3889 1166 3941 enm,
1190 3876 1281 3946 qni
1304 3878 1507 3933 solvam
1531 3897 1613 3936 me
1635 3882 1784 3952 [ecit.

493 3954 632 4023 Quia
652 3974 780 4015 vero
802 3977 1029 4021 manens
1060 3965 1118 4020 in
1163 3969 1457 4027 solitudine
1489 3971 1713 4031 fruebar
1739 3977 1996 4049 aliquan-

420 4049 533 4103 tula
592 4053 779 4122 requie
829 4055 1070 4113 intentus
1118 4062 1239 4129 paci
1308 4064 1673 4135 sempiternae,
1711 4077 1857 4125 recte
1907 4070 1997 4127 hic

420 4139 724 4210 diapsalma
764 4144 1146 4219 interponitur,
1178 4167 1279 4222 pro
1311 4156 1499 4223 quoin
1525 4154 1749 4214 Hebraeo
1782 4159 1997 4230 Semper

423 4231 715 4303 invenitur,
741 4238 837 4308 qui
868 4241 1195 4311 sempiterna
1220 4260 1325 4315 pax
1356 4246 1412 4301 in
1458 4249 1755 4308 solitudine
1796 4254 1996 4311 mentis

421 4335 802 4396 praegustatur.
834 4328 1110 4403 Sequitur.

495 4415 878 4488 Exspectabam
904 4439 1043 4492 eum,
1065 4426 1158 4496 qui
1177 4426 1382 4482 salvum
1410 4446 1491 4485 me
1510 4432 1636 4502 [ecit
1655 4452 1686 4488 a
1707 4435 1996 4505 pusillani-

421 4508 608 4564 mitate
635 4512 852 4581 spiritns
873 4524 922 4568 et
947 4525 1269 4586 tempestate.
1314 4520 1517 4581 videns
1560 4543 1796 4600 namque
1839 4530 1996 4601 prius

420 4608 641 4656 ventum
671 4604 907 4660 validum
937 4607 1096 4664 timui
1119 4612 1274 4681 quasi
1299 4615 1682 4687 pusillanimis,
1709 4622 1867 4692 quasi
1893 4639 1995 4693 pu-

423 4690 559 4746 sillae
581 4693 664 4748 vel
694 4695 921 4753 modicae
949 4699 1092 4757 ndei.
1120 4701 1249 4771 Sed,
1269 4722 1357 4762 me
1384 4707 1683 4766 clamante:
1714 4731 1733 4764 ‹
1762 4712 1995 4771 Domine

419 4783 630 4839 salvum
656 4785 843 4844 mefac
867 4789 1082 4862 (Malta.
1101 4799 1363 4869 xiv,50)‚»
1381 4799 1437 4854 in
1464 4801 1583 4872 ipso
1607 4803 1846 4873 periculo
1865 4823 1992 4862 cum

421 4877 709 4947 coepissem
738 4884 929 4956 mergi,
959 4886 1167 4943 salvum
1208 4907 1291 4946 me
1336 4892 1461 4962 [ecit
1491 4911 1525 4948 a
1554 4896 1994 4965 pusillanimitate

418 4970 639 5040 spiritus
665 4981 715 5028 et
742 4983 1045 5047 tempestate
1072 4979 1215 5038 Deus
1236 4983 1370 5053 ipse,
1406 4986 1476 5042 ad
1523 5005 1685 5060 quem
1737 4992 1990 5050 clamavi.

420 5061 536 5121 Hoc
561 5074 664 5134 est,
695 5069 841 5139 quod
872 5070 925 5124 in
957 5071 1227 5144 principio
1254 5077 1449 5147 psalmi
1473 5081 1660 5149 petivi,
1684 5083 1989 5141 orationem

417 5157 671 5214 videlicet
698 5176 874 5217 meam
903 5164 1172 5234 exaudiri,
1194 5183 1360 5238 quam
1380 5170 1509 5240 quia
1535 5187 1635 5242 pro
1666 5190 1785 5230 mea
1816 5177 1992 5235 salute

419 5250 599 5305 sentio
623 5252 955 5317 exauditam,
989 5256 1230 5314 salvatus
1252 5260 1461 5316 scilicet
1486 5276 1515 5316 a
1543 5264 1992 5332 pusillanimitate

420 5341 646 5411 spiritus
668 5351 723 5398 et
747 5351 1085 5415 tempestate,
1117 5365 1264 5405 nunc
1291 5350 1454 5406 etiam
1486 5368 1587 5422 pro
1611 5353 1849 5414 inimicis
1891 5374 1991 5417 oro

418 5434 638 5488 diceus:
692 5433 1003 5506 Proecipita,
1037 5439 1279 5506 Domine,
1302 5442 1477 5498 divide
1527 5444 1737 5516 linquas
1784 5467 1987 5508 eorum.

420 5521 540 5579 buo
559 5533 706 5592 sunt,
724 5541 820 5595 per
839 5544 960 5598 quae
984 5531 1217 5588 maxime
1238 5543 1426 5589 contra
1450 5536 1625 5593 bonos
1654 5541 1991 5600 invalescunt

496 5699 669 5765 (wlf)
703 5702 760 5760 S.
794 5707 950 5783 Grcg.
988 5709 1084 5781 M..
1114 5711 1207 5769 lib.
1230 5729 1280 5769 n·
1308 5712 1497 5787 Moral,
1536 5733 1651 5789 cap.
1681 5718 1764 5775 50.

2180 1835 2355 1907 Super
2376 1837 2524 1893 hunc
2555 1835 2736 1891 locum
2764 1836 2956 1892 beatus
2979 1835 3276 1907 Gregorius
3299 1834 3438 1892 dicit
3459 1835 3515 1890 in
3544 1834 3652 1892 «Ιώ
3681 1856 3689 1890 :

2108 1929 2259 2003 (127)
2287 1949 2306 1982 ι
2334 1929 2490 1986 Sicut
2519 1929 2886 2000 perniciosum
2915 1938 3019 1995 est,
3051 1929 3097 1985 si
3126 1930 3309 1984 unitas
3334 1928 3483 1984 desit
3503 1929 3686 1996 bonis,

2107 2023 2181 2080 ita
2212 2023 2573 2094 perniciosius
2593 2031 2700 2090 est,
2728 2022 2773 2078 si
2803 2038 2913 2077 non
2935 2022 3075 2078 desit
3096 2021 3275 2077 malis.
3301 2021 3683 2092 Reproborum

2105 2119 2307 2190 quippe
2334 2116 2516 2171 unitas
2553 2115 2822 2170 bonorum
2853 2115 2994 2170 viam
3022 2122 3178 2170 tauto
3203 2114 3399 2171 durius
3434 2114 3682 2186 impedit,

2104 2218 2309 2280 quanto
2331 2222 2391 2265 se
2409 2207 2458 2263 ei
2488 2223 2586 2278 per
2613 2207 2988 2263 collectionem
3019 2206 3211 2263 durior
3252 2208 3499 2277 opponit.
3533 2206 3683 2263 nane

2107 2299 2368 2356 unitatem
2400 2300 2755 2369 reproborum
2779 2300 3145 2369 perniciosam
3175 2300 3281 2355 sibi
3302 2299 3518 2356 Paulus
3550 2316 3682 2357 con·

2107 2400 2380 2462 spexerat,
2408 2409 2533 2448 cum
2569 2393 2626 2448 in
2649 2392 2830 2449 medio
2876 2389 3322 2460 Sadducaeorum,
3367 2390 3685 2450 Phar-isau-

2104 2500 2337 2557 rumque
2364 2484 2732 2555 deprehensus
2759 2484 3003 2540 dicebat:
3034 2503 3054 2537 ι
3081 2483 3160 2539 De
3179 2500 3268 2554 spe
3297 2486 3682 2539 resurrectione

2103 2584 2432 2630 mortuorum
2463 2591 2556 2646 eqo
2579 2575 2797 2646 judicor
2827 2575 2968 2642 (Act.
3000 2591 3159 2644 xxm,
3190 2575 3267 2645 ὃ).
3311 2595 3330 2628 ‹
3362 2574 3490 2642 Qua
3523 2577 3682 2632 niui-

2104 2682 2225 2722 rum
2255 2682 2388 2723 voce
2420 2681 2681 2737 percussa
2724 2667 2974 2738 protinus
3004 2676 3195 2722 contra
3224 2682 3284 2723 se
3312 2668 3575 2725 vicissim
3597 2687 3684 2726 aa·

2100 2758 2365 2814 dientium
2396 2759 2553 2815 turba
2582 2757 2820 2815 dissiliit.
2839 2757 3090 2829 Cumque
3117 2759 3174 2813 in
3199 2757 3339 2815 duas
3375 2771 3572 2830 partes
3601 2772 3682 2817 tu·

2102 2853 2490 2910 multuantium
2520 2853 2811 2910 multitudo
2843 2852 3197 2922 divideretur,
3227 2853 3405 2910 Paulo
3439 2855 3536 2911 via
3567 2873 3683 2912 ere-

2102 2947 2301 3019 ptionis
2323 2948 2585 3017 aperitur,
2618 2947 2745 3019 quia
2797 2961 2961 3018 quem
3015 2945 3170 3002 turba
3222 2948 3681 3019 persequentium

2098 3139 2257 3212 justi,
2284 3153 2409 3193 cum
2439 3135 2758 3192 dividuntur
2792 3134 3002 3205 injusti,
3037 3141 3092 3189 et
3117 3134 3423 3189 electorum
3448 3145 3593 3191 vota
3628 3135 3683 3190 ad

2100 3230 2401 3303 perfectum
2431 3229 2680 3295 veniunt,
2713 3228 2844 3283 dum
2894 3228 3250 3298 reproborum
3301 3228 3537 3300 agmina
3599 3245 3684 3299 per

2100 3324 2432 3380 discordiam
2454 3323 2881 3379 contunduntur.
2908 3321 3061 3389 Quod
3108 3322 3247 3379 bene
3290 3324 3461 3379 etiam
3518 3326 3684 3380 maris

2101 3417 2253 3472 rubri
2286 3416 2554 3472 scissione
2581 3415 2849 3487 signatur.
2882 3412 3023 3470 Dum
3060 3416 3203 3470 enim
3232 3415 3289 3470 in
3316 3415 3464 3472 duas
3502 3427 3684 3487 partes

2101 3508 2247 3564 unda
2269 3507 2550 3573 dividitur,
2575 3506 2645 3562 ab
2668 3507 2842 3562 electo
2869 3506 3070 3577 populo
3092 3506 3159 3562 ad
3186 3514 3389 3562 terram
3442 3509 3687 3577 promis·

2100 3602 2272 3658 sionis
2298 3601 2556 3668 tenditur,
2583 3600 2734 3671 quia,
2761 3601 2894 3656 dum
2932 3599 3200 3654 malorum
3240 3598 3428 3654 unitas
3478 3602 3686 3658 sdmti·

2099 3701 2209 3758 tur,
2251 3693 2408 3748 bonae
2436 3699 2646 3747 mentes
2690 3690 2759 3746 ad
2799 3689 2925 3757 hoc,
2963 3690 3107 3760 quod
3153 3698 3438 3759 appetunt,
3483 3692 3684 3761 perdu-

2099 3794 2322 3842 cuntur.
2353 3782 2411 3839 Si
2443 3784 2711 3839 malorum
2744 3783 2929 3838 unitas
2955 3759 3139 3838 noxia*
3169 3797 3276 3838 non
3323 3783 3562 3850 fuisset,
3587 3801 3683 3840 ne·

2098 3893 2372 3949 quaquam
2403 3876 2584 3934 divina
2607 3876 2946 3947 providentia
2997 3875 3426 3947 superbientium
3462 3877 3683 3950 linguas
3780 3915 3781 3934 1

2098 3974 2151 4030 in
2178 3983 2323 4030 tanta
2351 3972 2661 4030 diversitate
2687 3971 3024 4041 dissipasset.
3048 3991 3067 4024 ι

2169 4065 2322 4122 Hanc
2348 4080 2478 4137 ergo
2513 4066 2774 4120 unitatem
2807 4064 3163 4134 reproborum
3214 4063 3480 4133 dissipari
3538 4064 3684 4119 deai-

2097 4160 2296 4216 derans
2326 4157 2590 4229 propheta
2624 4157 2692 4212 de
2719 4167 2921 4211 sanctae
2945 4154 3203 4211 Ecclesiae
3227 4154 3496 4211 hostibus
3528 4156 3679 4212 dicit:
3774 4194 3775 4197 ,

2097 4252 2406 4324 Pracipita,
2433 4251 2675 4317 Domine,
2707 4250 2882 4305 divide
2902 4249 3108 4320 linquas
3129 4266 3328 4304 eornm.
3378 4248 3550 4307 lutus
3571 4253 3680 4321 ja·

2099 4354 2226 4400 sunt
2249 4343 2587 4415 praecipitati,
2612 4343 2869 4415 quoniam
2893 4341 3135 4413 dejecisti
3149 4357 3243 4397 eos
3258 4341 3532 4409 interius,
3555 4344 3677 4397 dun

2097 4438 2462 4493 allevarentur
2511 4436 2772 4492 exteriuS.
2814 4434 2934 4503 Quo
2992 4444 3180 4491 contra
3228 4435 3342 4490 illis
3370 4445 3520 4506 opto
3540 4453 3679 4491 nune

2094 4528 2418 4600 praecipitari
2447 4528 2709 4593 exterius,
2736 4537 2795 4583 ut
2813 4528 3092 4583 eleventur
3112 4526 3364 4582 interius.
3390 4525 3482 4581 lta
3510 4543 3679 4598 quon·

2095 4623 2218 4678 dam
2257 4621 2628 4694 praecipitatus
2659 4629 2746 4678 est
2775 4636 2871 4676 rex
2918 4618 3544 4687 Nabuchodonosor-ab
3581 4620 3678 4674 alto

2092 4719 2346 4776 elationis
2374 4718 2635 4783 exterius,
2675 4718 2850 4773 donec
2910 4715 3293 4771 humiliaretur
3314 4729 3418 4769 cor
3487 4715 3676 4787 ipsius.

2093 4810 2166 4868 lta
2206 4827 2423 4883 quoqne
2460 4810 2829 4882 praecipitatus
2871 4816 2957 4864 est
2982 4824 3079 4863 rex
3129 4806 3524 4864 Manassesde
3549 4808 3680 4866 solio

2092 4905 2242 4975 regni
2269 4913 2485 4975 propter
2506 4911 2727 4973 peccata
2752 4917 2851 4957 sua
2887 4901 3082 4957 ductus
3108 4899 3162 4954 in
3208 4898 3573 4969 Babytone-
3595 4914 3682 4971 p·-

2092 4998 2339 5067 situsque
2364 4999 2420 5052 in
2447 5012 2745 5059 carcerem,
2775 4992 3135 5067 quoadusque
3175 4993 3611 5057 humiliaretur,
3637 5001 3684 5047 a

2093 5105 2218 5144 vera
2247 5090 2561 5159 poenitentia
2587 5097 2927 5160 purgaretur.
2977 5085 3317 5157 Praecipitata
3370 5096 3474 5142 est
3519 5087 3684 5142 etiam

2092 5183 2324 5253 superba
2339 5192 2393 5239 et
2413 5183 2576 5253 impia
2601 5182 2815 5238 lezabel
2836 5181 3050 5237 dicente
3071 5178 3208 5235 Jehu
3233 5178 3303 5233 ad
3334 5183 3683 5238 eunuchos:

2092 5276 2433 5346 Proecipitate
2461 5292 2577 5330 eam
2607 5276 2871 5329 deorsam.
2893 5272 3047 5341 Quod
3068 5288 3254 5327 revera
3277 5272 3358 5326 illi
3381 5274 3542 5331 utile
3569 5274 3684 5336 tuit,

2091 5383 2198 5422 iton
2223 5366 2351 5437 quia
2386 5366 2703 5436 poenitendo
2726 5366 2933 5421 salvata
2959 5365 3051 5431 sit,
3081 5364 3178 5420 sed
3227 5365 3360 5434 quia
3407 5366 3504 5423 sic
3554 5381 3687 5437 pra-

2089 5458 2310 5529 cipitata
2335 5458 2472 5513 iram
2495 5456 2613 5524 Dei,
2638 5472 2802 5528 quam
2833 5465 3060 5514 eatenus
3091 5455 3436 5523 irritaverat,
3463 5459 3690 5529 sibique

2091 5550 2578 5620 thesaurizaverat,
2605 5550 2834 5607 ulterius
2865 5551 2950 5606 vcl
2983 5548 3087 5606 sibi
3136 5549 3547 5611 thesaurizate
3585 5565 3692 5610 nun

2163 5726 2308 5794 (127)
2344 5726 2399 5783 S.
2427 5728 2588 5795 Grcg.
2614 5727 2709 5792 M..
2735 5727 2826 5785 lib.
2860 5745 3023 5785 xxxiv
3043 5726 3258 5796 Μοτύη
3281 5744 3409 5797 cap.
3440 5731 3504 5786 t.
