3817 6000
203 251 269 310 llil
687 256 841 316 tintinant
859 259 1055 318 nunnosnt
1074 262 1346 324 anteususnttttc.
1766 267 1840 323 lib!

111 440 117 447 ι
203 367 269 423 vini.
284 367 314 424 lu
333 368 385 425 boc
404 369 464 426 laen
480 380 507 426 ct
524 373 581 427 luta
595 373 929 443 suntcolentesidola,ut
943 393 991 448 pa·
1008 384 1150 439 nearmen
1170 378 1224 435 lieo
1238 393 1338 437 nostro.
1360 378 1538 437 llineeadem
1555 384 1612 454 ipsa
1627 383 1736 437 cantico
1759 396 1838 452 sunt,

204 462 279 532 gani,
296 464 337 518 rel
353 475 476 522 amantes
489 475 608 532 terrena,
621 477 651 523 ut
664 466 761 524 ludaei.
1043 486 1105 542 quc
1121 473 1149 527 in
1166 473 1296 543 psalterio
1306 472 1479 531 decachordo
1500 474 1659 546 deprompta
1674 484 1751 531 sunt.
1767 475 1839 534 iliae

238 553 573 629 BeatmpapaGregorius
581 556 749 616 Ezechielem
759 560 816 631 (92)
823 571 994 633 pertractans
1043 564 1125 620 ctiam
1141 564 1253 621 Cantica
1263 564 1428 620 canticorum
1438 565 1529 621 atalia
1542 567 1647 620 erratica
1658 566 1839 639 lecelinum

203 646 294 703 lacum
320 649 403 704 istam
426 650 493 706 dicit
506 669 514 705 ε
529 650 685 723 Quicunque
706 652 793 707 adnue
814 669 847 708 ec
869 656 994 726 superbio
1043 655 1080 712 ob
1097 657 1148 713 boc
1166 657 1294 713 dicuntur
1307 667 1403 725 cetera,
1419 657 1483 729 qnia
1501 672 1550 728 per
1560 657 1736 714 occasionem
1750 668 1839 716 terre

201 739 339 808 pessimus,
351 739 411 809 jam
422 740 454 795 de
470 743 629 798 eternitatis
647 743 741 798 timore
751 744 855 814 aliquid
867 746 992 813 uidentes,
1044 763 1141 803 noram
1159 748 1357 805 beneficiorum
1371 757 1436 805 sunt
1455 757 1575 817 cantata,
1587 749 1652 805 licet
1668 749 1837 820 spiritalium

95 834 103 853 ¹
201 826 312 900 dipnum
335 842 374 886 est
393 842 423 887 ut
440 849 489 903 per
506 836 687 904 poenitentium
710 836 847 893 cadamus.
874 836 909 893 lit
933 854 993 893 com
1044 839 1239 897 beneficiorum
1254 839 1556 913 lncrintsipnibeantis.
1570 840 1652 897 Verbi
1663 843 1837 913 gradacum

201 923 387 993 infirmitatem
400 936 519 981 nostram
533 926 669 983 subtiliter
685 929 993 1001 capnoscenteslinmili·
1043 929 1144 986 dicitur
1157 931 1185 985 in
1200 931 1359 1003 hujusmodi
1370 931 1486 989 canticis
1501 949 1509 988 ι
1523 932 1624 988 Currus
1645 932 1838 990 Pharaoniset

203 1024 244 1069 ter
251 1014 384 1086 jacemus,
398 1034 445 1089 per
459 1017 544 1074 diuini
566 1020 636 1075 nerii
660 1020 867 1078 consolationem
886 1039 994 1094 surpere
1042 1021 1187 1076 exercitum
1197 1021 1255 1091 ejus
1266 1022 1378 1092 projecit
1396 1024 1423 1077 in
1440 1038 1513 1078 mare
1528 1022 1626 1094 (Haud.
1641 1040 1687 1090 xv,
1699 1024 1740 1093 l).
1760 1023 1838 1091 Quo-

201 1106 364 1179 adsertione
376 1128 455 1182 opera
471 1112 605 1168 debemus.
621 1112 657 1168 Et
669 1131 728 1169 enm
737 1115 798 1184 jam
814 1117 842 1170 in
863 1116 992 1172 botrorum
1043 1113 1118 1168 niam
1130 1113 1229 1168 sterilis
1243 1114 1343 1185 peperit
1360 1113 1502 1186 plurimos,
1521 1124 1546 1172 et
1564 1132 1624 1187 pure
1642 1117 1743 1172 nrsltos
1756 1117 1838 1172 tete

200 1215 308 1270 operum
329 1202 466 1259 soliditate
489 1207 666 1276 persistimus,
692 1223 793 1263 neeesse
811 1218 849 1263 est
874 1222 904 1265 ut
923 1209 993 1265 unde
1043 1203 1088 1260 lul
1107 1205 1339 1276 fillot,intirmuta
1359 1217 1398 1263 est
1414 1205 1442 1278 ll
1468 1200 1532 1279 licp.
1560 1224 1591 1275 n,
1607 1208 1646 1273 5),
1661 1218 1835 1279 perterrm

201 1295 374 1364 nosmetipsos
385 1297 553 1367 corripiatur,
562 1298 622 1352 iude
630 1297 689 1368 jam
700 1299 874 1369 predicantes
885 1310 911 1355 et
923 1300 991 1356 alias
1042 1296 1152 1366 quidem
1178 1296 1309 1354 beneficia
1336 1298 1525 1369 significantur
1546 1298 1679 1368 coelestia,
1698 1300 1749 1357 scd
1770 1300 1837 1372 atria

201 1402 360 1443 revocemus.
378 1386 449 1443 Nara
461 1388 564 1459 jacenti
577 1406 630 1445 non
650 1393 806 1464 praecipitur
829 1401 858 1446 ut
877 1393 992 1464 adpree-
1042 1388 1160 1458 papulas
1172 1390 1273 1446 veteris
1286 1391 1443 1447 testamenti
1461 1405 1517 1446 non
1536 1391 1669 1449 intellexit
1693 1393 1751 1449 nisi
1778 1402 1835 1449 ter·

200 1479 361 1536 dicationem
390 1491 492 1554 perpet,
516 1499 548 1537 ne
576 1485 698 1555 infirmus
719 1486 828 1556 quisque
850 1485 900 1540 boc
919 1484 991 1556 quod
1042 1497 1119 1548 rena,
1137 1483 1242 1538 cantica
1263 1482 1310 1539 illa
1335 1483 1606 1542 rectudieuntureis
1629 1485 1718 1542 luisse
1734 1496 1835 1552 uetere,

200 1573 276 1626 serbo
298 1573 433 1643 adificare
449 1585 545 1645 potest,
570 1594 646 1646 opere
667 1578 798 1633 destruat.
825 1577 902 1633 Recte
928 1595 990 1650 erpa
1041 1573 1208 1645 quibusnam
1222 1573 1312 1630 illuxit
1327 1575 1391 1631 novi
1406 1574 1559 1631 testamenti
1573 1576 1670 1646 gratis.

199 1665 343 1737 Propheta,
360 1679 500 1740 postquam
515 1671 585 1725 sede
602 1669 658 1726 luto
682 1670 757 1741 [Μὴ
775 1671 899 1736 eductum
917 1689 989 1728 ωδε.
1076 1664 1163 1721 Polli)
1178 1666 1283 1722 ccittt'co
1301 1666 1458 1736 evangelica
1481 1667 1595 1722 omullio
1618 1678 1684 1723 sunl
1705 1684 1787 1735 nota,
1807 1676 1836 1723 ill

199 1759 265 1826 ruit,
280 1769 447 1831 statutosque
462 1762 538 1832 pedes
550 1778 612 1817 suos
623 1778 706 1833 snpra
723 1772 825 1834 petram
841 1763 988 1833 conspexit,
1004 1754 1026 1811 B
1040 1757 1178 1835 canticum
1192 1757 1305 1829 virginis
1316 1757 1364 1815 nei
1376 1759 1515 1829 genitricis
1526 1759 1628 1828 blariae,
1638 1762 1836 1835 canticumque

198 1852 348 1908 immissum
374 1854 403 1908 in
431 1869 459 1909 os
481 1871 559 1909 suum
582 1857 716 1910 canticum
746 1871 842 1911 nonum
861 1856 986 1910 asseruit.
1042 1850 1191 1917 Zachariae,
1204 1859 1285 1923 atque
1300 1850 1437 1908 Simeonis
1453 1853 1602 1920 cauticum,
1618 1855 1836 1927 quiesspaem

201 1941 360 1997 Priusmim
375 1943 478 1999 deluto
492 1944 823 2014 prauitatiseducitnr,ut
839 1944 988 2016 ejuspedes
1039 1946 1199 2015 exspectavit
1218 1944 1372 2013 Dominum,
1401 1947 1558 2003 etintendit
1580 1948 1617 2014 ei,
1646 1957 1674 2004 ct
1692 1950 1836 2006 exaudivit

198 2034 227 2088 in
238 2042 315 2102 petro
326 2033 484 2100 solidentur,
498 2045 523 2089 et
536 2044 677 2106 postquam
689 2037 750 2090 boni
770 2036 855 2107 operis
868 2035 946 2107 pedes
962 2044 989 2090 et
1039 2051 1102 2093 eum
1128 2037 1162 2093 de
1183 2039 1242 2094 luto
1264 2038 1339 2096 laecis
1353 2049 1380 2095 et
1394 2039 1428 2096 de
1447 2040 1508 2096 lacu
1528 2041 1658 2106 miseriae,
1680 2044 1836 2114 statuitque

197 2125 371 2197 pressusjam
394 2127 506 2198 inpetro
520 2128 622 2198 puerit,
636 2140 698 2184 tunc
711 2128 910 2200 predicationis
923 2144 990 2182 can·
1039 2144 1122 2200 snpra
1148 2138 1252 2200 petram
1279 2131 1362 2201 pedes
1381 2132 1452 2203 ejus,
1467 2139 1495 2187 et
1521 2131 1638 2188 immisit
1659 2133 1686 2188 ia
1715 2149 1750 2189 os
1772 2135 1837 2205 ejas

198 2218 279 2273 ticum
290 2219 398 2289 accipit,
417 2220 583 2290 utbpmnnm
604 2219 658 2276 Deo
670 2220 757 2276 dicere
766 2221 850 2292 possit
860 2229 885 2275 et
899 2221 987 2291 operi-
1038 2220 1611 2293 canticumnonum,quodestbujtismodi
1628 2222 1834 2280 :lluncdisnit-

197 2311 246 2365 bus
260 2320 286 2366 et
305 2310 419 2366 uocibus.
433 2308 478 2367 Sic
489 2309 599 2377 Saulus,
613 2311 677 2367 dum
688 2312 815 2383 superbus
825 2312 988 2368 Damascum
1039 2312 1072 2368 tis
1086 2330 1187 2369 seruum
1206 2324 1291 2381 tuum,
1302 2315 1426 2384 Domine,
1440 2316 1584 2372 seeundum
1597 2316 1705 2372 uminis
1716 2326 1794 2373 tasin
1805 2320 1832 2374 iu

196 2411 324 2475 permeet,
342 2403 523 2475 Redemptoris
537 2421 599 2460 uoce
617 2414 768 2476 prostratus
786 2405 884 2477 jacuit,
902 2406 988 2477 etqui
1037 2420 1118 2475 paee,·
1131 2405 1193 2476 puio
1205 2404 1326 2459 uiderunt
1341 2405 1411 2460 ocull
1426 2408 1477 2461 mei
1492 2405 1610 2463 salutare
1624 2415 1700 2462 tuum
1711 2406 1791 2478 (Lite.
1801 2425 1835 2477 ιι,

195 2496 359 2568 predicatur
371 2497 478 2567 futuras
491 2505 559 2566 erat,
573 2514 626 2552 non
643 2506 802 2553 tamennon
814 2506 843 2553 ut
854 2498 987 2569 predica·
1036 2499 1083 2564 iti,
1101 2498 1158 2567 bb).
1178 2496 1258 2553 Dicat
1277 2512 1352 2553 nnnc
1374 2512 1430 2553 aon
1452 2497 1530 2553 solus
1543 2497 1588 2554 illc
1611 2496 1722 2554 Simeon
1738 2499 1834 2569 justus

196 2595 246 2656 ret,
259 2588 329 2660 quad
348 2589 462 2658 uiderat,
476 2590 590 2658 audiuit,
603 2590 649 2646 sed
660 2592 685 2646 ei
692 2590 796 2661 jacenti
810 2592 910 2647 dicitur
921 2607 931 2645 .·
942 2591 987 2646 ln·
1037 2602 1064 2647 et
1086 2592 1230 2647 timoratus
1258 2599 1420 2661 exspectans
1429 2590 1645 2647 consolationem
1666 2589 1764 2661 lsrael,
1783 2594 1833 2648 scd

195 2680 309 2752 gredere
322 2682 471 2750 civitatem,
492 2692 520 2740 et
535 2683 640 2740 dicetur
655 2684 715 2752 tibi,
738 2685 804 2755 quid
820 2694 846 2742 te
861 2694 987 2757 oporteat
1036 2681 1221 2739 omnishomo
1233 2680 1324 2753 justus
1336 2689 1364 2738 et
1378 2681 1534 2749 umbratus,
1553 2691 1717 2753 exspectans
1728 2692 1757 2738 et
1772 2683 1833 2752 ipse

194 2772 318 2844 (Aetas,
334 2773 362 2845 'll
377 2776 474 2845 lacere.
502 2774 601 2832 lucens
626 2794 687 2850 erpo
706 2777 754 2833 doe
783 2778 869 2834 solum
891 2779 987 2834 audire
1035 2774 1254 2832 consolationem
1278 2774 1374 2842 lsrael,
1388 2774 1472 2840 dicat,
1496 2776 1609 2845 inquam
1631 2791 1640 2829 ε
1664 2773 1832 2845 Euspeetens

193 2867 293 2935 potuit,
310 2876 340 2921 ut
355 2884 464 2938 serpens
476 2867 588 2922 disceret
594 2883 605 2932 ,·
618 2885 727 2940 carpens
742 2886 802 2925 uero
815 2870 864 2924 lroc
877 2869 983 2937 didicit,
1034 2868 1183 2940 exspectari
1204 2866 1358 2934 llominsm,
1376 2875 1403 2923 et
1419 2868 1532 2923 intendit
1550 2867 1631 2933 milri,
1651 2876 1677 2922 et
1691 2866 1832 2921 csuudirit

194 2964 225 3013 ut
240 2974 299 3031 quc
314 2958 447 3015 dedicerat
461 2958 629 3031 predicaret.
1034 2976 1122 3033 preca
1133 2976 1215 3016 meos.
1235 2958 1312 3017 liieat
1324 2959 1378 3016 boe
1391 2958 1474 3016 toties
1488 2958 1598 3031 quoties
1609 2957 1832 3029 intelligitexau·

229 3050 336 3107 Aliter:
352 3049 409 3122 Epo
418 3050 553 3107 Abrabam
566 3060 719 3123 exspectans
730 3055 878 3125 exspectaui
890 3053 984 3109 domi·
1034 3053 1122 3109 ditum
1136 3069 1167 3110 se
1188 3054 1217 3109 in
1232 3053 1324 3124 aliqua
1344 3052 1532 3110 epistolatione
1556 3052 1650 3121 lsrael,
1663 3060 1694 3107 ut
1708 3068 1783 3108 nunc
1800 3052 1833 3106 i·

194 3155 270 3208 nun,
284 3141 332 3212 qui
348 3140 418 3198 mibi
432 3142 560 3213 promisit
572 3142 646 3216 quod
667 3144 694 3198 in
707 3145 812 3199 semine
826 3159 888 3200 meo
902 3124 1020 3201 bene-C
1036 3159 1109 3200 atino
1117 3143 1267 3201 Dominicis
1289 3143 1487 3201 incarnationis
1506 3142 1575 3199 lllb
1587 3158 1686 3216 magua
1702 3145 1835 3215 prouenit

193 3233 317 3291 dicende
326 3232 418 3292 lureat
430 3250 527 3292 amnes
539 3235 628 3292 tribus
639 3245 728 3306 terrae,
739 3245 764 3292 et
779 3238 837 3308 ipse
850 3236 985 3294 Dominus
1036 3235 1189 3294 consolatio
1201 3234 1298 3291 lsrael.
1317 3234 1418 3290 luerat
1431 3234 1459 3289 in
1475 3234 1556 3290 annis
1573 3234 1719 3305 mmeritis
1730 3250 1833 3307 magns

193 3327 308 3384 intendit
323 3328 390 3384 milti
404 3338 430 3385 et
445 3329 583 3385 exaudibit
594 3345 683 3401 preces
694 3346 777 3396 meas,
788 3339 814 3386 et
828 3329 921 3385 educit
944 3346 985 3386 rue
1039 3325 1175 3384 desolatio
1198 3325 1225 3381 ln
1245 3339 1279 3383 co
1302 3326 1377 3398 quod
1399 3339 1521 3396 persaepe
1546 3339 1626 3397 reges
1643 3334 1671 3380 et
1688 3323 1834 3396 principum

193 3420 226 3476 de
235 3419 297 3476 lacu
313 3420 438 3487 miseria,
454 3421 586 3492 quoniam
600 3421 730 3479 eductum
742 3418 777 3476 de
787 3418 826 3476 llr
838 3418 984 3477 Chaldaeo·
1035 3426 1223 3475 conuenerunt
1241 3418 1269 3474 in
1293 3433 1379 3475 unum
1391 3418 1524 3474 adversus
1537 3416 1683 3473 Dominum
1693 3427 1722 3473 et
1731 3418 1834 3474 amer·

193 3528 257 3569 rum
275 3511 340 3570 lecit
351 3529 396 3570 mc
410 3514 521 3570 divitem
535 3528 590 3571 non
604 3514 693 3571 solum
709 3513 736 3569 in
749 3512 984 3584 possessionibus,
1035 3523 1084 3566 sas
1098 3507 1239 3566 Christum
1253 3508 1333 3581 ejus;
1349 3524 1424 3565 nunc
1437 3518 1529 3565 autem
1547 3523 1626 3581 reges
1648 3518 1677 3565 ct
1690 3510 1834 3580 principes

191 3606 390 3677 uerum,qnod
411 3605 502 3677 maius
524 3615 576 3673 est,
601 3604 629 3661 in
645 3603 892 3670 benedictionibus,
914 3619 985 3676 quas
1035 3603 1204 3659 contenibat
1225 3603 1255 3659 in
1281 3618 1369 3659 unum
1387 3601 1423 3658 ad
1444 3601 1598 3658 laciendum
1621 3603 1772 3659 vindictam
1800 3604 1831 3660 in

192 3714 242 3770 per
256 3714 349 3755 meum
366 3698 606 3766 semendilatavit,
619 3698 785 3771 qnodquasi
801 3696 985 3767 petrcmsoli·
1035 3693 1192 3751 uationibus
1216 3691 1365 3752 Ecclesiam
1390 3692 1439 3750 Dei
1458 3693 1630 3752 vastantibus
1645 3696 1830 3752 etciritatem

191 3792 302 3849 damin
323 3791 501 3849 fundamento
513 3791 643 3849 Ecclesiae
655 3792 797 3862 coiispeti,
810 3790 921 3862 qnando
935 3806 985 3847 en·
1034 3783 1197 3856 Jerusalem,
1220 3788 1248 3843 in
1270 3802 1325 3858 qua
1347 3785 1502 3857 sepulcrum
1529 3785 1637 3843 nomin
1662 3798 1716 3855 est,
1734 3789 1829 3860 impa-

193 3884 304 3951 sultari,
315 3894 346 3941 ut
363 3885 484 3941 riderem
496 3884 568 3941 diem
581 3884 653 3956 ejus,
673 3883 740 3952 nidi,
754 3891 782 3939 ct
793 3882 904 3956 gavisus
920 3897 983 3940 sum
1035 3880 1192 3953 enantibus.
1205 3878 1246 3936 En
1259 3880 1389 3938 lectulum
1401 3881 1460 3938 seri
1474 3879 1629 3937 Salomonis
1646 3883 1726 3937 multi
1738 3882 1830 3940 loma

192 3981 296 4052 granas
306 3994 391 4052 apem
402 3978 428 4036 ei
441 3979 488 4051 qui
498 3978 594 4033 statuit
604 3993 687 4049 supra
697 3989 800 4049 petram
808 3976 885 4047 pedes
900 3992 983 4045 meos,
1035 3972 1160 4031 ambiunt
1172 3988 1206 4031 ex
1220 3973 1379 4032 iustissimis
1393 3972 1487 4042 lsrael,
1502 3988 1599 4030 omnies
1617 3983 1741 4032 urentes
1765 3977 1829 4048 gls-

191 4070 274 4128 tidem
288 4072 394 4129 scilieet
416 4086 449 4128 ac
469 4087 546 4144 spem
564 4086 652 4128 meam
667 4070 842 4127 consolidans
856 4070 884 4125 in
902 4068 984 4125 cbri-
1034 4067 1107 4135 dios,
1118 4074 1146 4124 ct
1156 4067 1271 4123 albella
1289 4067 1451 4135 doctissimi,
1462 4066 1604 4135 lectulum,
1615 4066 1829 4141 scilicetsepul·

191 4169 236 4220 tto
250 4181 258 4218 ε
272 4171 298 4217 et
316 4162 418 4218 direait
432 4178 538 4235 pressus
561 4177 643 4227 ineas,
658 4176 715 4218 non
735 4162 825 4219 solum
846 4159 912 4217 dum
933 4175 985 4232 epo
1037 4175 1116 4216 crum
1135 4158 1244 4216 Domini
1256 4157 1411 4225 defendere,
1427 4175 1461 4216 ac
1470 4160 1580 4215 munira
1594 4159 1697 4230 parsu!
1723 4157 1828 4216 Unius-

190 4256 380 4331 percprinarer
394 4255 422 4312 in
433 4254 598 4314 Gerarisrel
609 4256 637 4311 in
651 4253 769 4327 AEgypto
780 4261 891 4326 propter
902 4251 984 4310 lamis
1034 4252 1168 4324 cujusque
1180 4251 1254 4309 ensis
1274 4265 1355 4323 super
1372 4249 1464 4307 lemur
1476 4267 1557 4307 snum
1584 4261 1694 4322 propter
1711 4253 1829 4310 timoms

190 4349 373 4418 nimietatem,
389 4349 436 4405 scd
453 4350 540 4405 multo
555 4347 774 4420 magnificentius
788 4347 888 4402 direxit
910 4363 985 4418 pres-
1035 4356 1205 4414 noctumos;
1219 4345 1450 4418 auiaCbristisno
1464 4346 1597 4403 exercitui
1618 4349 1662 4403 les
1676 4347 1821 4404 maduo·

191 4460 237 4499 sus
249 4458 331 4508 meos,
350 4441 378 4497 id
394 4448 437 4496 est
453 4440 567 4496 sentinis
581 4439 610 4496 iu
633 4437 752 4511 AEgypto
770 4437 982 4511 peregrinantis,
999 4442 1080 4534 ntia
1093 4440 1273 4507 indicitur,ut
1285 4438 1341 4496 sint
1354 4448 1445 4495 castra
1463 4436 1512 4494 nei
1524 4438 1626 4495 munda
1642 4447 1671 4495 et
1687 4439 1758 4495 bene
1776 4453 1825 4495 ur·

190 4542 219 4591 et
230 4533 293 4590 inde
304 4532 338 4589 ad
349 4543 449 4588 terram
462 4531 655 4603 promissionis
672 4529 773 4588 ducatu
790 4529 877 4603 bloysi
892 4530 983 4587 etna·
1034 4533 1138 4589 distata.
1159 4530 1225 4588 lude
1242 4530 1310 4587 milii
1333 4531 1446 4588 cuilibet
1470 4530 1543 4587 bdeii
1564 4540 1593 4588 ct
1611 4532 1753 4588 catholico
1774 4533 1823 4603 is·

191 4639 242 4680 ron
257 4622 429 4680 revertentis.
448 4621 526 4679 Tunc
539 4638 635 4680 revera
1033 4624 1121 4679 cunda
1136 4632 1178 4679 est
1202 4623 1229 4679 ln
1252 4623 1306 4680 boc
1317 4622 1424 4695 psalmo
1447 4622 1648 4694 preteritorum
1667 4631 1823 4694 temporum

226 4714 311 4773 Vsus.
337 4715 366 4770 l.
389 4713 507 4769 lmrnisit
530 4716 559 4769 in
585 4730 615 4771 os
633 4731 730 4783 mum,
757 4714 784 4771 id
807 4721 850 4771 est
871 4714 899 4768 ln
927 4711 984 4786 [os]
1033 4715 1268 4783 commemoratio,
1283 4725 1382 4772 etcum
1393 4714 1577 4786 presentibus
1591 4729 1687 4770 eoram
1700 4714 1822 4771 cubatio.

191 4808 280 4882 sends
302 4824 380 4875 mese,
401 4808 535 4864 canticum
551 4825 657 4877 nouum,
675 4824 782 4864 carmen
802 4806 859 4862 lieo
881 4815 982 4875 nostra,
1032 4805 1101 4863 llam
1119 4820 1170 4879 ego
1187 4804 1310 4863 Ecclesia
1332 4806 1360 4862 in
1374 4803 1525 4874 Abrabam,
1538 4805 1685 4862 nummum
1705 4817 1758 4874 est,
1773 4823 1823 4862 es·

191 4903 285 4977 bloyse
305 4901 470 4974 praecinente
493 4917 527 4959 uc
542 4902 669 4960 dicente:
688 4901 832 4960 Constemus
857 4900 982 4971 Domino,
1033 4907 1152 4969 spectans
1173 4898 1321 4970 exspectari
1350 4895 1505 4966 Dominum,
1528 4906 1553 4954 et
1569 4899 1683 4953 intendit
1702 4900 1779 4960 stibi.
1795 4909 1824 4954 et

190 4987 305 5064 plorime
316 4989 387 5045 enim
405 4988 593 5060 naapnipcatus
608 4996 647 5044 est
659 4986 760 5059 (licoa'.
774 5005 819 5056 xv,
837 4988 875 5056 l).
892 4987 958 5043 ltem
974 5006 981 5043 ε
1032 4990 1170 5047 exanditis
1193 5007 1281 5062 preces
1309 5006 1390 5045 meas.
1411 4988 1467 5063 Ego
1482 4991 1510 5046 ia
1530 4990 1625 5048 multis
1639 4990 1780 5063 propinetis
1794 5001 1825 5049 et

189 5081 298 5149 amere,
317 5080 387 5151 cali,
404 5097 464 5152 quc
488 5080 593 5154 loquor,
616 5081 711 5136 audiat
730 5092 803 5138 terro
820 5080 899 5136 uerba
927 5081 982 5136 oris
1030 5084 1125 5156 iustis,
1145 5082 1193 5154 qui
1207 5081 1350 5139 noluerunt
1364 5081 1457 5138 nidere
1482 5082 1701 5140 consolationem
1723 5080 1823 5151 tend,

189 5173 453 5248 melundensis,
474 5173 664 5245 insimiliter
685 5188 747 5230 meo
762 5173 867 5231 semine
881 5183 983 5229 terram
1032 5185 1189 5247 mspntans
1212 5175 1360 5246 smpectasi
1383 5174 1539 5244 liominum,
1560 5185 1586 5231 et
1607 5174 1722 5231 intendit
1743 5176 1825 5242 nili,

190 5267 260 5325 milii
277 5266 443 5338 promissam
458 5266 719 5339 possideamusque
732 5266 760 5321 iu
772 5265 982 5337 capromissam
1032 5268 1144 5325 mittens
1166 5267 1276 5324 tandem
1288 5282 1371 5340 quem
1382 5266 1521 5325 missurus
1531 5277 1593 5324 erat
1604 5268 1639 5325 ad
1653 5268 1827 5325 comantia-

190 5358 409 5417 benedictionem
419 5367 664 5431 exspectante,qua
676 5359 704 5413 in
716 5357 820 5415 semine
832 5373 894 5414 meo
904 5366 983 5414 eram
1032 5375 1096 5418 aem
1114 5357 1208 5417 lsrael.

190 5465 288 5510 omnes
298 5460 391 5524 genus
404 5452 605 5518 beauliecudm
618 5467 672 5508 sion
686 5451 771 5508 semel
787 5452 900 5507 immisit
912 5451 940 5506 in
952 5466 982 5507 m
1067 5452 1126 5527 Epo
1139 5454 1204 5511 item
1219 5452 1248 5509 ln
1260 5453 1363 5512 sanctis
1376 5454 1441 5512 noni
1456 5454 1612 5512 tesamenti
1635 5460 1699 5527 post
1720 5465 1827 5512 aswa-

191 5543 573 5617 mendantensium
588 5559 723 5616 meorum,
739 5545 873 5602 canticum
886 5562 982 5603 norum
1033 5547 1139 5607 sionem
1149 5545 1262 5618 Christi,
1278 5558 1433 5619 exspectans
1443 5547 1749 5621 exspectadbominsn,
1759 5561 1829 5621 pru

227 5713 285 5789 (92)
299 5715 360 5778 lib.
374 5736 384 5777 ι
401 5719 497 5779 homil.
509 5721 535 5782 9.
