3817 6000
180 246 233 303 sm
633 192 796 296 centnm
813 234 893 293 cru.
915 234 995 293 unc.
1016 235 1045 293 s
1067 204 1233 292 ricrom's
1248 230 1362 290 ennrs.

180 358 431 434 rognosceta'ileo
441 364 540 413 cuncta
555 350 808 425 conspicirpnndo
823 365 852 406 se
868 348 972 420 impro·
988 358 1010 416 g
1259 336 1342 413 365
1369 335 1484 394 CAPUT
1502 334 1572 392 xt't

181 454 241 511 riso
251 455 327 509 exitu
343 448 443 507 uiderit
459 462 510 521 pro
520 438 683 503 eunetoinm
697 441 878 499 retributione
892 437 970 495 dant·
1328 448 1362 487 oc
1381 442 1512 487 omnmo.
1559 472 1562 477 >

180 546 252 601 mni.
267 542 380 600 Tuncin
393 538 643 614 poennusuaocnios
655 534 768 607 aperiet,
779 549 850 605 quos
863 531 910 588 diu
922 538 971 585 te·
1022 524 1374 596 lnScriptnruroerornrn
1397 522 1530 577 desertum
1546 520 1719 593 dopnloriter
1739 524 1818 592 poni·

180 637 241 693 nuit
254 635 366 692 clausos
379 631 508 704 inculpa.
524 629 603 686 ‘iuno
616 627 809 685 considerasse
820 623 912 680 omnnia
924 637 972 678 re·
1035 630 1039 635 ’
1055 591 1818 737 zffsbftfffldw?ssffiffldae'zlffwmflfmm,

180 749 242 789 rum
263 730 386 802 judicem
411 727 494 784 sentit
518 732 545 781 et
570 721 681 795 neuntio
705 720 971 777 mdl⁰i11ffl⁵l¹⁰l⁰m
1057 737 1270 806 rrrrrrrpiritnnm
1285 735 1341 788 deri
1359 732 1710 798 nutnr3crtnroerodcrerto
1722 733 1819 790 droun·

181 823 311 880 meritum
320 820 378 892 jam
390 817 506 875 eradere
520 813 663 872 sentiendo
678 825 737 877 non
746 809 844 882 possit.
858 807 971 878 Iniquus
1059 816 1113 873 rnr,
1128 806 1314 860 baereticorum
1346 812 1452 874 ogmcto
1466 802 1650 874 demerem.

179 915 263 986 igitur·
273 913 321 985 qui
333 911 559 980 tinexspeeratns
569 904 734 973 cst,idcirco
744 912 788 959 est
801 910 913 973 repente
924 915 973 955 su·
1057 900 1134 972 ((58)
1152 899 1255 958 deserti
1270 896 1485 956 nominetntaea
1496 898 1668 969 intelligitur,
1683 901 1755 959 sicut
1765 916 1818 973 per

179 1007 281 1069 hiatus,
290 1002 355 1075 qrtia
368 1001 438 1057 nonii
447 999 557 1055 domins
568 1013 648 1068 snper
657 996 712 1051 nior
721 994 866 1059 dominnm,
877 1000 902 1046 ct
915 1008 973 1044 om·
1021 989 1153 1048 ioannem
1163 991 1319 1062 'baptistam
1331 990 1431 1046 dieitur
1448 1008 1455 1045 ε
1469 988 1529 1062 Ego
1552 1006 1603 1045 oon
1625 991 1767 1049 clementis
1787 996 1818 1050 in

180 1110 341 1167 neeprersrts
354 1090 617 1149 eorumeonridernt.
630 1087 670 1144 Ae
684 1087 707 1144 si
718 1087 839 1143 diceret:
854 1082 972 1151 Quiaea
1022 1083 1334 1155 desertoibcc.1rr,d).
1364 1081 1473 1139 Scimus
1490 1082 1555 1154 quin
1583 1085 1751 1157 unigenitus·
1767 1087 1818 1144 bot

179 1199 242 1255 que
258 1182 304 1238 diu
329 1180 465 1253 patienter
475 1178 620 1249 conspicit,
636 1176 803 1246 quandoque
815 1172 901 1229 inuita
916 1185 972 1226 non
1022 1174 1109 1231 iilius
1121 1172 1241 1230 Verbum
1262 1173 1353 1231 Patris
1376 1182 1499 1242 roratur,
1518 1172 1626 1231 ioanne
1647 1178 1818 1248 evangelista

179 1272 292 1329 deserit.
304 1271 373 1327 Num
391 1286 455 1327 ecee
466 1269 558 1325 subito
581 1266 733 1322 violentum
759 1263 830 1337 rupit
845 1272 872 1321 et
899 1263 972 1318 maia
1022 1274 1178 1336 attestante,
1189 1267 1237 1338 qni
1247 1265 1285 1323 ait
1299 1286 1306 1322 ι
1319 1265 1353 1332 ln
1365 1267 1495 1339 principio
1507 1277 1566 1321 erut
1574 1266 1735 1337 vertunnet
1750 1269 1818 1326 Ver-

180 1364 240 1436 eins
252 1381 314 1436 qun
327 1361 510 1434 exspectando
528 1359 650 1431 protulit,
672 1357 914 1416 animadvertendo
929 1371 972 1412 re-
1022 1360 1084 1414 bnnr
1093 1368 1150 1414 erut
1161 1359 1232 1430 cpnd
1240 1358 1336 1427 ileum,
1346 1368 1371 1414 et
1380 1359 1515 1414 decrerat
1525 1358 1739 1433 i'erlnmtlonrr.
1747 1364 1815 1432 ¹2¹)-

182 1456 295 1513 secavit.
309 1454 396 1511 Nemo
405 1454 492 1526 igitur
515 1453 589 1509 dicat
602 1452 722 1507 bumana
739 1450 810 1506 iacta
824 1449 971 1504 Dominum
1022 1450 1102 1509 Eter
1125 1453 1183 1523 ipsa
1201 1461 1295 1509 nostra
1309 1451 1448 1509 locutione
1468 1451 1660 1525 cognoscimus
1674 1455 1739 1526 quia
1760 1470 1816 1513 rnx

180 1564 235 1605 uon
255 1561 431 1619 cognoscere,
447 1561 511 1601 cum
522 1544 654 1615 iniquum
667 1542 823 1613 quempiam
839 1541 972 1611 iniquita·
1021 1544 1192 1615 pliussonat
1202 1545 1316 1601 verbum
1329 1545 1503 1617 postmodum
1518 1545 1606 1616 possit
1617 1547 1715 1603 audiri.
1730 1547 1817 1605 ioan·

180 1648 293 1697 tessuas
305 1638 390 1693 iibere
400 1634 693 1707 prospiciteumniare.
706 1632 804 1689 Subito
814 1632 887 1688 enim
899 1631 972 1687 toili-
1012 1650 1260 1708 ¹nesergorocem
1281 1651 1343 1693 csse
1356 1652 1387 1694 se
1400 1636 1508 1703 asserit,
1526 1639 1591 1709 quia
1609 1640 1723 1696 verbnm
1741 1656 1816 1712 prar-

178 1739 234 1795 tur‚
246 1728 294 1800 qui
310 1729 356 1785 (liu
367 1728 511 1784 toleratur.
524 1726 642 1784 Gressns
655 1741 719 1782 rere
732 1724 876 1782 hominnm
889 1730 971 1778 vocat
986 1705 1008 1760 Β
1022 1728 1104 1785 cedit.
1126 1727 1282 1784 ¹dicentum
1294 1728 1388 1800 itaque
1398 1727 1572 1786 dominicum
1582 1745 1746 1801 percurrens
1758 1748 1815 1788 nox

178 1819 349 1893 celsiagnias
363 1817 535 1890 operationes
543 1818 642 1889 quibus
663 1814 817 1882 innitimur,
830 1813 872 1870 rcl
885 1813 971 1868 alter·
1021 1819 1132 1888 dicunt,
1155 1819 1219 1890 qnia
1236 1834 1293 1890 -per
1305 1820 1367 1891 ejus
1386 1819 1568 1877 ministerium
1583 1819 1674 1878 Patris
1696 1821 1816 1879 t'erhum

179 1922 276 1968 rentes
287 1908 679 1981 motusintimaeeogitallonb,
691 1905 971 1979 quibusquasipassi·
1022 1913 1056 1969 nb
1071 1912 1228 1969 irorninibns
1240 1912 1361 1968 auditur.
1378 1910 1432 1980 Qui
1443 1912 1525 1968 etiam
1537 1912 1565 1968 in
1577 1912 1685 1969 deserto
1701 1914 1816 1984 demat,

177 2003 231 2060 bus
243 2004 289 2059 nel
300 2003 407 2077 iongei
422 2002 540 2059 ilomirro
567 2002 738 2069 recedimus,
748 2000 797 2056 sei
815 1999 861 2071 pie
875 1998 970 2055 Domi·
1021 2005 1086 2076 quia
1099 2004 1277 2062 derelictreac
1287 2002 1423 2061 destitutae
1438 2002 1538 2062 iudaeae
1551 2003 1680 2062 solatium
1692 2004 1816 2064 iledcru·

177 2111 215 2150 no
223 2096 450 2168 propinquamus.
460 2096 500 2150 dd
511 2094 596 2151 iletrm
605 2092 765 2164 enimquasi
780 2099 819 2147 tot
830 2089 971 2163 gressibus
1021 2097 1107 2169 proris
1117 2097 1281 2153 'arinnmine

177 2201 256 2241 urens
271 2186 388 2255 accedit,
400 2198 470 2258 quot
482 2187 563 2243 bonis
590 2185 712 2242 motibus
724 2182 844 2256 prolicit,
864 2191 891 2237 et
906 2197 971 2237 rnr-
1056 2188 1161 2245 Deserit
1176 2189 1289 2244 nomine
1307 2188 1445 2260 gentilitas
1456 2189 1625 2263 designatur,
1652 2190 1721 2249 sicut
1745 2207 1817 2249 νοω

177 2292 251 2346 suu,
264 2286 303 2334 2⁰¹
314 2277 457 2353 gressibus
466 2278 547 2351 rouge
561 2276 592 2334 nr
603 2285 674 2350 quor
695 2276 782 2347 nulls.
796 2271 971 2347 cogitation-
1020 2275 1162 2337 dominica
1183 2280 1217 2336 sc
1235 2281 1344 2338 marum
1362 2280 1413 2338 ton
1427 2281 1548 2338 unsrun:
1561 2282 1628 2347 nne
1640 2284 1716 2338 reon
1736 2285 1815 2339 rene-

177 2368 228 2425 but
238 2368 383 2427 decrescit.
1020 2372 1183 2427 trecentissimo
1198 2372 1277 2428 imbri
1286 2381 1445 2440 certumst
1456 2373 1525 2428 dicor
1542 2376 1648 2429 sonanti
1661 2375 1772 2429 tonitrui
1784 2384 1815 2431 rrt

422 2459 507 2535 364
527 2458 643 2517 CAPUT
660 2458 720 2517 XV.
1019 2462 1121 2534 plueret
1141 2473 1334 2536 superterram
1357 2465 1453 2537 cbrgce
1466 2462 1570 2519 dontius
1583 2466 1611 2519 in
1630 2464 1815 2540 determino
1891 2464 1892 2497 ³

508 2572 542 2612 ue
554 2572 638 2614 rnrro.
1020 2573 1146 2627 xxsvnn,
1157 2557 1215 2629 25).
1241 2556 1310 2613 lide
1323 2572 1385 2628 cap.
1400 2558 1414 2612 i
1430 2555 1514 2627 buius
1525 2555 1586 2623 lib,
1600 2557 1669 2613 dist.
1685 2559 1713 2613 i.

212 2644 379 2719 (tertiaria
393 2646 495 2705 dieitur
508 2648 659 2722 gentilitas,
672 2648 822 2706 sicutvoec
844 2646 970 2704 Domini·
1056 2647 1131 2721 (tte)
1155 2646 1260 2705 deserti
1288 2648 1400 2703 nomine
1421 2646 1522 2704 ooelnm
1551 2646 1721 2720 intelligitur,
1741 2649 1817 2706 sient

174 2740 256 2797 caari
280 2738 452 2797 tearumsstnb
464 2740 586 2814 dieitur:
603 2739 672 2808 Qnis
684 2741 760 2796 dedit
774 2740 970 2797 redementirri-
1018 2741 1175 2814 evangelica
1203 2754 1268 2797 uoce
1296 2737 1425 2796 Veritatis
1445 2737 1547 2795 dieitur
1568 2737 1661 2806 :Quis
1682 2757 1714 2795 en
1740 2742 1815 2798 nobis

175 2832 311 2886 oro'inrdr'i
330 2848 448 2900 currum,
466 2832 631 2903 attingeret
649 2832 750 2887 iunium
764 2840 790 2887 et
804 2830 966 2897 desolutum,
1018 2833 1095 2888 domo
1106 2833 1155 2905 gni
1168 2831 1264 2887 lrabeat
1277 2839 1383 2885 centnm
1399 2846 1468 2899 orer,
1486 2837 1512 2885 et
1534 2830 1717 2900 ripertdderit
1731 2846 1815 2886 enarre

175 2930 204 2978 rt
209 2922 365 2991 produceret
374 2921 468 2977 ierom
481 2921 611 2977 virentes?
623 2921 684 2994 (dol
697 2937 813 2990 mnu,
823 2921 883 2993 et.)
891 2920 969 2978 tinia
1018 2940 1051 2981 ee
1066 2924 1133 2990 litis,
1147 2922 1325 2996 nunonem
1334 2921 1602 2993 dimittitnorrogirrtc
1616 2937 1706 2977 rrorern
1722 2923 1751 2977 in
1763 2923 1815 2979 de·

175 3030 296 3085 numque
310 3014 562 3087 duduntgentilitas
579 3012 632 3070 iuit
643 3014 678 3071 ad
693 3029 777 3086 quam
791 3013 836 3070 ria
847 3012 896 3070 Dei
909 3030 1004 3109 scr-c
1018 3023 1099 3084 serta,
1113 3022 1138 3070 et
1153 3013 1229 3070 rodit
1246 3014 1282 3068 ad
1297 3012 1373 3067 iiiam
1390 3028 1452 3084 pure
1465 3012 1588 3084 ⁸perierat
1615 3010 1692 3083 (inc.
1711 3027 1756 3081 nr,
1769 3012 1812 3086 i).

173 3105 212 3163 bo
226 3119 283 3161 non
299 3103 593 3177 patuit.'iledemptore
605 3104 707 3177 quippe
720 3112 817 3162 nostro
831 3103 967 3173 veniente,
1018 3103 1087 3165 Eece
1102 3105 1173 3162 mira
1184 3103 1293 3177 pietatis
1305 3102 1510 3175 dispensatione
1529 3103 1737 3160 similitudinem
1756 3102 1811 3161 ie·

173 3196 217 3255 sic
230 3196 335 3269 accepit
350 3196 621 3269 vocationemgratiae
632 3203 728 3252 utnon
742 3195 770 3251 in
779 3210 811 3253 ea
821 3196 900 3268 prius
912 3194 968 3250 iue-
1017 3198 1086 3255 ritas
1099 3196 1174 3255 dedit
1189 3211 1272 3269 quem
1292 3203 1320 3253 et
1332 3195 1361 3252 ln
1380 3209 1411 3253 se
1423 3195 1481 3266 ipsc
1491 3194 1576 3251 bomo
1586 3205 1811 3267 recognosceret,

175 3288 213 3343 rit
228 3287 272 3343 ria
288 3287 516 3359 propheticom
533 3287 655 3345 desolata
676 3288 759 3345 etiarn
781 3297 856 3346 recte
868 3297 967 3345 vocata
1018 3288 1180 3348 temeriaco
1193 3285 1348 3360 specialiter
1357 3285 1392 3343 ad
1402 3285 1498 3358 ipsum'
1512 3296 1652 3344 auctorem
1666 3288 1811 3344 bominum

174 3380 271 3436 estrei
282 3382 398 3448 ratione,
413 3380 704 3449 ridelioetoonsiiium,
721 3381 764 3439 rei
774 3382 864 3454 operis
876 3380 966 3439 fructu
1018 3383 1176 3456 pertineret.
1197 3380 1272 3451 Quin
1285 3379 1359 3439 enim
1370 3379 1547 3437 centenarius
1558 3379 1696 3452 periectos
1706 3389 1749 3439 est
1759 3397 1813 3437 nu·

174 3471 315 3554 destituta.
334 3471 415 3529 Dedit
435 3489 500 3547 ergo
526 3473 660 3530 Dominus
671 3474 896 3531 ordemnrtirsimo
916 3475 969 3530 im·
1018 3489 1123 3542 uterus,
1139 3474 1321 3544 ipseeentum
1346 3483 1412 3528 ores
1424 3469 1536 3538 babuit,
1559 3484 1623 3526 eum
1649 3477 1811 3528 sauctomm

141 3553 143 3558 ’
175 3563 348 3633 briennum,
363 3565 968 3638 ntinrpieretinnianterdernlnrnmetproda-
1018 3567 1177 3638 angelorum
1197 3563 1379 3620 substantiam
1393 3569 1420 3618 ct
1434 3560 1578 3618 bominum
1595 3561 1727 3634 possedit.
1756 3561 1812 3619 Sed

175 3665 243 3712 reret
260 3656 354 3712 lacibus
382 3659 503 3728 direntes,
529 3659 556 3716 id
570 3668 623 3729 est,
633 3659 769 3732 ‘exteriori
791 3659 968 3731 praedicatio·
1018 3658 1078 3714 ovis
1089 3672 1142 3714 nna
1156 3666 1221 3713 tnnc
1232 3654 1323 3727 periit,
1335 3653 1598 3727 quandopeecando
1609 3653 1692 3712 brimo
1707 3667 1811 3728 pascua

174 3750 204 3806 ni
239 3750 376 3807 internam
400 3751 604 3822 aspirationem
649 3751 787 3818 eontulit,
814 3758 853 3807 ut
882 3751 967 3808 eorda
1018 3750 1081 3807 rite
1095 3749 1215 3822 reliquit.
1238 3747 1347 3805 dimisit
1366 3754 1459 3803 auum
1472 3747 1622 3819 nonnaginta
1636 3761 1811 3804 norcmores

174 3841 316 3915 gentilium
330 3840 428 3898 inania
445 3842 635 3916 implerentur,
660 3840 808 3900 infecunda
830 3841 969 3914 germina·
1018 3845 1047 3901 in
1060 3844 1178 3912 deserto,
1194 3843 1259 3915 quia
1270 3841 1332 3899 iilos
1343 3855 1468 3899 summos
1477 3842 1639 3913 angelorum
1654 3841 1756 3898 choros
1766 3856 1812 3898 re·

174 3946 246 3994 rent.
1018 3936 1139 4008 liquitin
1150 3935 1230 3993 eoelo.
1244 3935 1402 3991 (iurantem
1413 3933 1515 3990 coeinm
1525 3933 1665 3992 desertum
1681 3943 1811 4012 roratur,

210 4024 285 4098 ((57)
300 4025 393 4084 Potest
405 4027 487 4084 etiam
502 4027 629 4098 quelibet
648 4025 769 4081 iideiium
787 4039 867 4082 mens
893 4023 966 4079 invia
1017 4027 1072 4084 nisi
1091 4027 1164 4099 qrrod
1178 4025 1318 4083 desertum
1333 4024 1433 4081 dicitnr
1451 4023 1621 4081 derelictum.
1645 4023 1724 4082 'iunc
1737 4025 1810 4082 enirn

174 4120 239 4188 circi,
259 4136 321 4192 quae
338 4128 365 4175 et
379 4119 463 4175 rerba
473 4119 536 4177 ritae
557 4117 662 4185 audiat,
682 4132 714 4173 ea
738 4124 829 4172 tamen
849 4117 968 4174 transire
1018 4115 1117 4173 coeium
1132 4115 1215 4171 bomo
1225 4114 1357 4184 desernit,
1370 4129 1432 4171 enm
1444 4105 1575 4186 peccarit.
1596 4113 1626 4170 ln
1640 4115 1750 4172 deserto
1761 4131 1812 4171 an·

174 4206 966 4281 usqueadinternaeordisminimepermittat.Praraenim
1017 4216 1072 4264 tem
1086 4206 1234 4279 nonaginta
1246 4220 1345 4263 novem
1354 4219 1422 4263 oves
1438 4216 1642 4276 remansemnt3
1654 4207 1765 4280 quando
1781 4208 1820 4263 in·

174 4303 310 4360 desideria
326 4303 353 4357 in
362 4299 499 4358 eordetali
511 4301 602 4356 sedern
615 4299 769 4368 inveniunt,
784 4309 858 4357 recta
869 4302 966 4358 verosi
1018 4309 1091 4358 terra
1104 4297 1237 4355 Dominus
1247 4314 1330 4355 unam
1342 4299 1482 4371 querebat
1495 4300 1561 4372 quia
1575 4300 1721 4357 rationalia
1736 4316 1812 4358 crea·
1848 4289 1853 4294 ⁵

174 4394 284 4466 quando
297 4392 461 4460 invenerint,
475 4408 508 4449 nc
522 4392 707 4464 impellantur,
724 4392 884 4450 decurrunt.
910 4393 963 4451 Sed
979 4389 1735 4463 1)turaenumerosangeiorumrideiieeiethominum,
1749 4408 1812 4464 quse

174 4500 238 4542 curn
255 4483 414 4539 misericors
426 4482 591 4541 Deus'inrbri
602 4498 778 4540 succursum
789 4483 856 4540 darc
867 4485 964 4557 digna·
1017 4482 1217 4541 adridendum
1238 4481 1396 4549 llomiunm,
1418 4483 1528 4539 condita
1554 4479 1655 4553 iuerat,
1681 4494 1812 4555 pereunte

173 4574 965 4648 tur,eompunrtiperinternamgratiamnerbisritaeau·
1017 4575 1128 4633 bomine
1155 4584 1215 4631 erat
1236 4575 1408 4632 imminutus.
1441 4574 1475 4631 Et
1497 4584 1528 4632 ut
1552 4573 1672 4647 perlecta
1701 4590 1810 4631 summa

173 4681 221 4724 res
234 4666 327 4723 cordis
341 4666 485 4738 aperiunt;
508 4675 537 4723 et
549 4666 679 4739 impietur
705 4675 777 4723 terra
791 4666 876 4736 invia,
901 4683 964 4739 quar
1017 4670 1110 4725 orium
1120 4668 1351 4742 redintegraretur
1365 4666 1392 4722 in
1405 4666 1485 4734 eoeio,
1497 4663 1580 4722 iromo
1595 4665 1716 4737 perditus
1732 4681 1810 4737 qure-

172 4759 239 4814 dum
251 4758 353 4830 praebet
363 4757 467 4816 aditum
481 4757 576 4825 uerbo,
592 4755 749 4813 cumulatur
777 4757 917 4829 mysterio.
930 4756 965 4813 Et
1017 4760 1128 4817 rebatur
1140 4760 1168 4815 in
1183 4768 1266 4816 terra.
1286 4756 1355 4814 Nam
1369 4757 1444 4828 qrrod
1454 4757 1500 4814 lrie
1515 4756 1681 4828 evangelista
1701 4754 1768 4812 dicit
1781 4755 1812 4811 in

172 4848 301 4921 producit
326 4848 425 4904 ircrbas
438 4848 577 4905 virentes:
589 4848 654 4918 quia
680 4849 855 4921 pergratiam
884 4863 963 4904 corn·
1017 4852 1141 4915 deserto,
1162 4849 1314 4908 aliusdicit
1331 4849 1357 4904 in
1378 4849 1519 4907 montibus
1529 4848 1638 4920 (Metti.
1656 4863 1736 4911 xrnr,
1751 4847 1812 4920 td),

173 4939 331 5011 punctionis
345 4936 436 4994 inlusa
447 4938 650 5008 predicationis
664 4941 746 4997 rerba
763 4955 817 4996 non
829 4941 919 4997 solnm
930 4941 964 4996 li·
1017 4951 1045 4999 ut
1060 4940 1195 5015 significet
1208 4941 1236 4997 in
1251 4939 1379 5008 excelsis,
1402 4939 1467 5011 quin
1490 4938 1620 4995 nimirum
1644 4952 1722 5008 ores,
1748 4954 1811 5010 quse

172 5029 269 5086 lenter
290 5029 386 5099 recipit
401 5046 409 5097 ;
430 5028 478 5085 sed
493 5028 575 5085 etium
589 5030 706 5086 ubertim
721 5030 827 5099 inndit,
847 5039 877 5086 nt
890 5031 963 5102 qnod
1017 5048 1072 5089 non
1088 5030 1278 5104 perdurantia
1294 5030 1458 5088 sublimibus
1476 5030 1594 5086 sumet.

173 5119 963 5195 audirenonpoterat,1aruioqniconcupiscet,etquernos
1055 5123 1129 5193 iiiiii)
1144 5122 1250 5179 bosoni
1266 5123 1377 5179 nomine
1391 5124 1433 5180 rei
1445 5138 1493 5179 cor
1506 5123 1638 5192 lideiiurn,
1651 5122 1693 5179 rei
1715 5120 1810 5177 multi·

172 5212 309 5271 audiendo
337 5212 420 5268 etiam
448 5212 614 5270 intrinsecus
636 5223 756 5282 aruerat,
776 5215 833 5286 ianr
850 5213 965 5285 ioqtrcn·
1018 5215 1084 5272 tudo
1106 5214 1311 5270 immundorum
1335 5212 1482 5284 spirituum
1496 5214 1669 5288 designatur,
1690 5213 1761 5270 rictu
1774 5213 1810 5270 ad

172 5306 209 5361 (lo
221 5320 283 5376 quae
294 5312 390 5361 saneta
401 5312 476 5374 sunt,
487 5304 625 5362 viriditate
635 5307 827 5379 suaqnoslibet
838 5306 964 5363 esurlcn·
1000 5305 1124 5366 ‘beatum
1136 5305 1189 5363 iob
1202 5305 1237 5363 de
1250 5305 1371 5363 fliiorum
1391 5321 1506 5366 snorum
1528 5323 1562 5364 ac
1587 5306 1707 5364 ullarum
1721 5313 1811 5361 morte

172 5401 328 5467 tespascat.
1014 5400 1206 5471 pernumium
1222 5397 1323 5456 dicitur
1339 5418 1347 5457 r
1364 5398 1446 5457 Filiir
1462 5400 1526 5472 trrir,
1537 5409 1563 5458 ct
1574 5400 1684 5474 tidelm
1701 5414 1810 5457 meen-

220 5529 283 5600 lid)
300 5529 339 5587 Ex
356 5531 376 5586 i.
389 5530 491 5586 xxixin
511 5528 563 5585 iob
577 5546 601 5587 c.
617 5545 670 5587 xtr.
1050 5535 1125 5608 (itti)
1142 5534 1183 5591 Er
1197 5533 1274 5592 bour.
1287 5535 1325 5591 dd
1338 5536 1367 5592 in
1382 5534 1477 5611 Erang

221 5598 284 5666 tsi)
301 5598 341 5654 Er
356 5601 410 5656 line
429 5616 454 5656 e.
473 5600 532 5670 zi.
551 5615 642 5671 super.
1050 5606 1126 5680 (660)
1145 5605 1185 5662 iix
1198 5603 1218 5664 l.
1231 5622 1252 5663 u
1265 5605 1451 5666 iniciemus.

221 5665 284 5737 itt)
304 5667 345 5726 Ex
360 5669 435 5725 bom.
450 5670 466 5722 'l
479 5669 507 5726 in
518 5669 620 5741 Erang.
1088 5723 1094 5732 .
