3817 6000
189 224 300 286 839

832 230 1390 290 COMMENTARtUM
1431 234 1497 291 m
1537 234 1878 294 Psamtos.
1923 269 1993 281 ·-
2031 239 2216 299 PARS
2252 244 2295 301 1.
2331 275 2401 285 —
2435 245 2632 304 PSAL.
2675 248 2814 307 xvi.

3358 256 3467 315 ⁸50

189 348 516 420 triumphali
544 348 743 421 gaudio
792 350 1072 410 mirabiles
1108 355 1532 425 consolationes,
1573 368 1630 416 et
1674 358 1782 415 tale
1809 362 1857 419 A
1883 357 2060 432 diligit
2076 360 2304 419 Fratrem
2330 379 2515 432 suum,
2541 366 2597 422 in
2620 366 2828 424 lumine
2854 376 2940 425 est
2970 367 3026 438 (1
3050 367 3213 427 loun.
3235 387 3297 440 n,
3317 372 3458 444 11),»

185 440 479 513 gaudium,
517 442 664 513 quod
696 458 860 499 nemo
884 444 1042 500 tollat
1071 446 1142 502 ab
1163 446 1264 505 eis.
1300 447 1379 506 lta
1410 451 1639 522 mirifica
1668 451 1781 509 cir·

187 549 258 589 ca
290 548 448 589 meos
475 536 871 592 misericordias
924 546 1065 606 tuas,
1105 547 1399 611 antequam
1449 542 1506 597 iu
1540 543 1621 599 eis
1642 550 1780 599 *tota

182 644 325 701 spes
355 629 592 686 deficiat.
623 628 761 686 Nam
788 631 884 703 qui
910 630 1100 689 dicunt
1139 651 1155 689 :
1201 631 1588 706 Sperabamus,
1611 635 1781 692 verbo

186 721 463 793 praeteriti
489 720 796 794 imperfecti
833 724 1095 796 temporis
1125 735 1375 796 utenteS,
1403 726 1699 785 ostendunt
1721 742 1783 785 se
1817 734 1827 745 ‘

187 814 381 871 adhuc
406 814 610 871 habere
633 814 901 886 quasdam
932 816 1191 889 reliquias
1219 818 1378 875 bonae
1405 818 1541 890 spei.
1564 817 1631 874 Et
1655 818 1780 875 ideo

185 906 521 980 priusquam
551 908 607 965 in
634 908 716 964 eis
732 908 959 965 omnino
979 909 1196 967 deliciat
1215 911 1358 967 bona
1383 927 1531 983 spes,
1549 911 1780 983 mirifica

187 998 278 1056 eis
310 999 707 1056 misericordias
731 1010 873 1069 tuas,
904 1002 996 1073 qui
1023 1001 1197 1058 salvos
1245 1002 1382 1074 sucis
1425 1014 1696 1075 sperantes
1724 1004 1780 1060 ιἰι

195 1101 272 1146 te.
312 1087 460 1157 Noli,
496 1093 614 1147 noli
658 1093 1094 1150 consolationem
1143 1093 1365 1151 differre
1418 1095 1672 1166 nimium,
1712 1112 1782 1154 ne

192 1185 423 1255 penitus
471 1185 715 1243 incidant
745 1187 803 1243 in
833 1188 1146 1261 voraginem
1177 1189 1606 1262 desperationis;
1652 1191 1782 1262 quia

189 1283 259 1334 tu
290 1292 404 1334 non
440 1278 621 1335 salvas
645 1278 1022 1349 desperantes,
1063 1281 1157 1336 sed
1193 1290 1462 1352 sperantes
1485 1282 1537 1337 in
1561 1292 1629 1339 te.
1660 1283 1780 1341 Non

190 1388 304 1446 pro
338 1372 425 1429 bis
447 1381 629 1429 autem
671 1389 808 1446 rogo
837 1381 1075 1442 tantum,
1106 1376 1202 1445 qui
1226 1390 1314 1430 me
1342 1376 1517 1434 visuri
1565 1386 1695 1435 sunt
1724 1379 1779 1434 in

189 1466 293 1524 die
337 1466 810 1536 Resurrectionis,
863 1467 959 1523 scd
995 1478 1047 1524 et
1102 1483 1203 1540 pro
1246 1470 1356 1536 his,
1391 1471 1486 1542 qui
1521 1470 1780 1528 credituri

192 1568 333 1615 sunt
353 1573 450 1630 per
473 1560 845 1616 testimonium
871 1574 1083 1627 eorum,
1107 1568 1163 1615 et
1180 1560 1481 1631 sperabunt
1508 1561 1565 1618 in
1588 1576 1697 1629 me,
1721 1567 1782 1617 ut

189 1652 462 1709 omnibus
512 1651 621 1708 illis
668 1651 1033 1708 mirificentur
1058 1651 1452 1710 misericordiae
1477 1663 1618 1723 tuae,
1649 1654 1779 1726 quia

194 1754 257 1799 tu
290 1743 472 1801 salvas
502 1759 613 1799 non
636 1745 786 1800 solos
804 1743 1050 1801 videntes
1077 1760 1187 1813 me,
1211 1755 1265 1801 et
1292 1761 1390 1818 per
1426 1747 1533 1804 hoc
1568 1757 1622 1804 te
1639 1764 1777 1805 con·
1810 1724 1853 1782 Β

191 1837 438 1905 fitentes,
466 1843 630 1908 atque
651 1837 709 1892 in
737 1844 790 1891 te
813 1837 1099 1893 credentes
1119 1853 1216 1909 per
1248 1854 1339 1895 me
1379 1850 1777 1899 contrectatum

190 1946 297 1986 seu
320 1930 502 1986 visum
520 1972 538 1998 ,
575 1930 722 1987 sicut
749 1945 838 1986 me
869 1929 1112 1987 Thomas
1141 1932 1364 2000 videbit,
1395 1934 1775 2004 contrectabit,

189 2034 251 2079 et
279 2024 363 2080 sic
390 2022 608 2080 credet:
638 2022 736 2080 sed
761 2023 936 2080 salvos
958 2023 1094 2095 [acis
1122 2040 1220 2096 per
1243 2040 1334 2081 me
1361 2043 1539 2083 omnes
1562 2044 1780 2099 speran-

190 2128 275 2171 tes
307 2118 363 2172 in
390 2126 459 2184 te,
490 2116 565 2173 ita
592 2126 654 2172 ut
679 2131 781 2187 ego
807 2116 1010 2173 veritas
1035 2117 1302 2174 veraciter
1333 2118 1580 2175 inveniar
1603 2119 1779 2179 dixis-

189 2224 257 2266 se
288 2225 304 2261 ε
335 2228 355 2261 ι
391 2208 542 2264 Beati
580 2208 676 2281 qui
705 2223 817 2265 non
854 2207 1111 2266 viderunt
1131 2217 1187 2265 et
1209 2210 1563 2268 crediderunt
1590 2211 1775 2287 (loun.

192 2318 293 2369 xx,
325 2301 440 2373 29).
474 2320 495 2354 ι
968 2308 978 2315 ‘

271 2392 441 2450 Vens.
473 2392 527 2450 8.
569 2393 616 2448 A
644 2394 1008 2451 resistentibus
1037 2394 1268 2451 dextere
1298 2406 1404 2453 tuoe
1430 2398 1639 2453 custodi
1676 2414 1776 2453 nte.

194 2484 439 2543 Verbum
472 2495 628 2542 tuum
654 2486 791 2543 mihi
820 2486 1030 2545 homini
1060 2489 1276 2546 unitum
1310 2489 1533 2547 dextera
1559 2499 1651 2547 tua
1671 2502 1777 2559 est3

195 2586 259 2635 et
289 2578 421 2635 huic
452 2576 650 2645 Verbo,
677 2579 808 2635 huic
844 2580 1078 2636 dexteroe
1125 2590 1233 2637 tuoe
1267 2581 1556 2652 resistunt,
1580 2583 1673 2654 qui
1701 2583 1781 2638 ei·

194 2668 328 2725 dem
352 2667 528 2726 Verbo
555 2678 653 2726 tuo
680 2671 876 2727 nolunt
907 2671 1151 2728 obedire.
1183 2671 1268 2729 Ab
1327 2672 1437 2730 illis
1474 2674 1659 2746 itaque
1700 2691 1783 2730 re-

195 2762 511 2818 sistentibus
547 2763 780 2819 dexteroe
804 2773 912 2819 tuoe
940 2763 1149 2820 custodi
1177 2780 1258 2820 me
1284 2765 1565 2821 hominem
1596 2775 1654 2820 ut
1683 2783 1782 2836 pu-

194 2851 389 2925 pillam
440 2853 583 2910 oculi
604 2894 620 2921 ,
660 2854 737 2910 ita
791 2854 1044 2912 videlicet
1099 2856 1308 2912 custodi
1356 2866 1416 2913 ut
1478 2855 1783 2913 innotescat

197 2946 353 3004 omni
383 2944 614 3012 mundo,
641 2946 787 3019 quod
814 2961 917 3020 ego
947 2957 1266 3019 assumptus
1291 2948 1459 3007 homo
1502 2950 1558 3006 in
1601 2950 1779 3008 lucem

195 3055 410 3109 veram,
438 3058 458 3092 ι
481 3055 606 3111 quae
625 3039 897 3097 illuminat
920 3056 1141 3098 omnem
1165 3041 1442 3098 hominem
1470 3042 1776 3099 venientem

194 3132 422 3190 inbunc
439 3132 703 3198 mundum
721 3130 906 3206 (loun.
926 3149 967 3200 1,
984 3132 1064 3204 9),
1091 3152 1112 3186 ι
1134 3148 1260 3190 sum
1279 3133 1486 3204 pupilla
1502 3134 1644 3188 oculi
1659 3133 1774 3202 tui;

196 3222 332 3295 quia
372 3224 519 3281 sicut
548 3225 778 3296 pupilla,
808 3225 1064 3296 quamvis
1089 3241 1261 3297 parva
1285 3225 1358 3282 sit
1380 3226 1437 3281 in
1474 3227 1656 3294 oculo,
1697 3235 1781 3283 ta-

196 3331 328 3373 men
375 3331 474 3388 per
502 3316 651 3371 illam
690 3316 948 3390 dirigitur
981 3325 1090 3373 tota
1119 3318 1287 3375 totius
1317 3319 1462 3376 oculi
1489 3319 1668 3390 visio;
1700 3319 1780 3376 sic

194 3421 304 3478 ego
354 3415 674 3478 assumptus
717 3406 885 3464 homo
911 3406 967 3462 in
1000 3407 1177 3464 lucem
1220 3407 1484 3475 divinam,
1521 3408 1645 3466 licet
1674 3409 1778 3466 sim

194 3517 405 3574 parvus
435 3503 492 3558 in
518 3502 880 3559 humanitatis
930 3501 1272 3570 conditione,
1321 3511 1503 3559 tamen
1551 3503 1623 3559 ita
1655 3519 1780 3560 sum

194 3593 533 3651 clarificatus
571 3594 627 3650 in
667 3593 856 3650 aeterni
897 3593 1122 3650 luminis
1174 3595 1422 3650 claritate
1446 3636 1462 3662 ,
1503 3602 1565 3650 ut
1601 3594 1780 3650 nemi-

197 3703 330 3743 uem
371 3686 558 3745 videas
596 3696 656 3744 tu
696 3687 878 3755 Pater,
919 3687 1026 3744 nisi
1062 3702 1160 3760 per
1192 3704 1281 3745 me
1306 3689 1567 3760 pupillam
1595 3692 1777 3758 tuam',

193 3789 255 3837 et
286 3794 451 3835 nemo
491 3780 674 3837 veniat
697 3781 766 3836 ad
794 3788 867 3848 te,
899 3779 1092 3847 Pater,
1133 3780 1240 3837 nisi
1267 3797 1365 3852 per
1391 3798 1478 3837 me
1505 3781 1781 3836 illumina·

196 3883 312 3929 tus.
340 3873 565 3930 Custodi
599 3888 732 3947 ergo
760 3890 862 3943 me,
882 3881 943 3928 ut
967 3874 1093 3946 jure
1115 3873 1281 3930 debes
1305 3874 1584 3931 custodire
1603 3873 1782 3945 pupil-

193 3967 308 4022 lam
338 3965 478 4021 oculi
503 3967 605 4024 tui.

272 4057 369 4114 Vel
391 4059 599 4115 custodi
622 4075 722 4126 me,
743 4058 797 4115 id
813 4067 897 4115 est
913 4073 1105 4115 omnes
1127 4074 1299 4128 meoS,
1319 4068 1379 4115 ut
1393 4059 1638 4116 custodis
1661 4077 1777 4116 me—

197 4152 410 4223 ipsum,
439 4151 533 4222 qui
576 4167 697 4207 sum
728 4149 935 4222 pupilla
980 4151 1123 4207 oculi
1178 4153 1278 4208 tui.
1329 4151 1465 4208 voto
1512 4153 1681 4222 enim,
1720 4163 1779 4211 ut

196 4244 297 4301 ubi
324 4258 428 4316 ego
450 4260 595 4311 sum,
625 4244 742 4300 illic
762 4244 873 4300 sint
896 4253 952 4301 et
974 4244 1081 4301 mei
1099 4286 1116 4312 ,
1154 4256 1216 4301 ut
1244 4253 1299 4301 et
1327 4245 1431 4316 ipsi
1476 4261 1577 4317 pro
1613 4248 1778 4303 modo

198 4345 308 4388 suo
344 4329 631 4387 clarificati
652 4332 872 4387 videant
899 4330 1227 4401 claritatem,
1257 4348 1421 4404 quam
1452 4333 1651 4389 dedisti
1674 4334 1778 4389 mi-

1881 459 1939 507 et
1966 451 2308 511 illuminatus
2337 443 2422 513 est
2449 465 2508 511 ut
2529 457 2736 528 pupilla
2767 459 2931 516 oculi.
2954 457 3061 515 Pro
3089 461 3292 531 quibus
3326 478 3465 518 cun-

1880 543 1988 601 ctis
2016 544 2073 599 in
2095 559 2260 603 cruce
2285 562 2435 605 nunc
2460 549 2693 616 orando,
2715 550 2803 605 vel
2829 550 2995 606 etiam
3018 561 3143 621 post
3166 567 3383 609 crucem
3408 562 3466 612 et

1881 643 2121 692 mortem
2153 636 2210 692 in
2256 637 2483 695 dextera
2511 649 2605 697 tua
2635 653 2867 698 manens
2922 642 3323 715 interpellando
3350 660 3464 703 non

1887 724 2011 783 dico
2038 728 2249 783 custodi
2285 744 2459 798 meoS,
2484 730 2579 787 sed
2609 731 2733 789 dico
2764 749 2780 785 ε
2812 730 3038 791 Custodi
3067 751 3167 791 me.
3206 734 3461 804 Quandiu

1884 820 2033 877 enim
2064 838 2234 877 unum
2257 838 2325 879 cx
2353 823 2597 881 minimis
2622 824 2762 882 meis
2789 841 2902 881 non
2926 826 3172 884 custodis
3191 868 3208 897 ,
3242 844 3323 883 me
3351 845 3460 886 non

1884 911 2173 981 custodis;
2206 923 2262 970 et
2281 916 2528 987 quandiu
2552 916 2648 972 uni
2669 932 2741 978 ex
2765 917 3011 975 minimis
3046 920 3185 976 meis
3232 920 3331 976 das
3366 936 3463 977 cu-

1882 1004 2119 1062 stodiam
2148 1004 2262 1061 sive
2279 1005 2596 1078 angelorum
2624 1007 2740 1064 sive
2759 1009 3044 1067 hominum
3068 1012 3459 1085 angelicorum,

1881 1111 2023 1168 quos
2051 1106 2109 1152 tu
2130 1115 2147 1148 ι
2176 1111 2342 1169 super
2362 1114 2553 1155 muros
2566 1097 2868 1158 Jerusalem
2896 1105 3153 1161 custodes
3174 1103 3459 1176 (Ismeni,

1884 1184 1943 1258 6)
1974 1204 1992 1237 ι
2027 1185 2187 1257 ponis
2208 1228 2224 1255 ,
2254 1187 2390 1243 mibi
2425 1187 2525 1245 das
2550 1190 2858 1248 custodiam
2878 1233 2895 1261 ,
2923 1200 2978 1250 et
3013 1210 3094 1249 me
3122 1194 3177 1250 in
3207 1197 3344 1253 meis
3373 1213 3465 1253 cu·

1883 1277 2079 1335 stodis.

1954 1367 2037 1425 Tu
2068 1385 2156 1427 me
2194 1370 2249 1426 in
2304 1371 2443 1429 meis
2487 1375 2795 1441 custodisti,
2840 1379 3060 1448 quando
3105 1390 3327 1452 propter
3374 1396 3464 1437 me

1880 1462 2226 1520 nasciturum
2269 1481 2442 1535 genus
2462 1465 2695 1523 Abrabae
2725 1485 2831 1524 non
2870 1470 3165 1539 permisisti
3208 1473 3465 1528 extet-rni-

1881 1558 2003 1613 nari
2036 1565 2091 1613 et
2123 1556 2433 1625 annihilari,
2459 1574 2635 1629 neque
2661 1576 2759 1631 per
2780 1560 3116 1619 Pharaonem
3141 1565 3463 1635 praecipieu-

1881 1660 1989 1707 tem
2032 1659 2093 1707 ut
2130 1665 2294 1705 omne
2344 1651 2731 1722 masculinum,
2767 1654 2835 1710 de
2864 1670 2974 1726 quo
3004 1672 3103 1728 ego
3153 1657 3465 1715 nasciturus

1879 1742 2140 1799 credebar
2167 1741 2526 1799 suffocaretur
2554 1744 2609 1799 in
2636 1743 2861 1802 flumine
2892 1746 3091 1818 (Exod.
3130 1765 3169 1815 1,
3199 1749 3292 1822 22)
3317 1768 3332 1815 ;
3366 1765 3465 1805 ne-

1878 1851 1987 1908 que
2001 1850 2098 1906 per
2111 1851 2265 1908 reges
2281 1834 2446 1892 lsrael
2474 1836 2719 1896 odientes
2747 1847 2803 1895 et
2826 1851 3214 1912 persequentes
3238 1844 3465 1901 domum

1880 1925 2071 1992 David,
2114 1924 2274 1997 cujus
2316 1926 2524 1984 ventris
2569 1925 2781 1987 fructus
2822 1946 2921 2002 ego
2960 1946 3112 1988 eram
3158 1933 3466 2003 promissus

1881 2029 2228 2092 regnaturus,
2250 2029 2306 2077 et
2319 2037 2485 2095 super
2504 2022 2703 2077 solium
2726 2022 2969 2094 ejusdem
2999 2022 3167 2080 David
3186 2040 3462 2086 sessurus.

1881 2111 1998 2171 Tua
2018 2114 2184 2170 etiam
2207 2113 2335 2186 vigil
2357 2114 2505 2171 circa
2527 2130 2614 2171 me
2639 2113 2889 2171 custodia
2936 2115 3252 2172 custodiens
3290 2131 3379 2172 me
3406 2127 3465 2174 ut

1878 2207 2140 2279 pupillam
2177 2206 2321 2264 oculi
2366 2206 2704 2280 compescuit
2730 2222 2912 2280 regem
2953 2207 3265 2281 Babylonis,
3290 2223 3360 2264 nc
3379 2223 3465 2280 ge-

1880 2314 1987 2354 nus
2024 2312 2205 2354 meum
2247 2298 2465 2369 penitus
2518 2296 2855 2354 interimeret
2884 2298 2969 2354 vel
2995 2299 3064 2354 ad
3092 2299 3462 2355 adorationem

1880 2398 2097 2457 statuae,
2147 2404 2315 2460 quam
2373 2398 2623 2446 erexerat
2673 2389 3050 2462 compellendo
3069 2432 3085 2458 ,
3133 2392 3218 2448 vel
3259 2392 3465 2447 interii-

1880 2480 2076 2538 ciendo
2133 2480 2298 2554 (Dan.
2349 2498 2434 2547 ιιι,
2484 2481 2562 2554 6).
2625 2480 2976 2553 Compescuit
3028 2483 3191 2539 etiam
3235 2484 3464 2555 impium

1879 2575 2057 2630 Aman
2093 2574 2151 2629 in
2182 2588 2349 2645 regno
2375 2571 2691 2639 Persarum,
2715 2588 2783 2629 ue
2824 2573 2971 2629 sicut
3019 2573 3210 2641 voluit,
3246 2576 3463 2646 penitus

1879 2665 2218 2721 interimeret
2247 2680 2420 2736 genus
2449 2679 2631 2720 meum
2659 2662 2894 2735 (Esther.
2928 2669 3027 2736 vi).
3068 2664 3331 2721 Similiter
3360 2667 3464 2722 im-

1880 2761 2099 2834 peditus
2134 2769 2220 2819 est
2246 2758 2549 2816 Antiochus
2580 2775 2674 2816 rex
2712 2759 3027 2817 Graecorum
3078 2760 3169 2832 (11
3211 2760 3459 2816 machab.

1881 2853 2205 2926 tx)diabolo
2231 2852 2604 2911 inflammante
2630 2854 2804 2909 iratus
2848 2862 3037 2910 contra
3067 2868 3238 2924 genus
3280 2868 3462 2908 meum

1879 2943 2071 3002 volens
2109 2943 2245 3003 illud
2273 2945 2492 3018 penitus
2529 2945 2709 3002 delere
2733 2944 2962 3017 jamJam
2991 2943 3307 3000 imminente
3340 2957 3463 2997 mea

1881 3037 2188 3108 nativitate,
2238 3054 2405 3110 quam
2436 3037 2689 3095 diabolus
2713 3052 2811 3108 per
2845 3036 2959 3107 jam
2994 3035 3167 3091 dictos
3210 3049 3364 3106 reges
3408 3042 3464 3089 ct

1879 3138 2146 3204 tyrannos
2170 3129 2827 3202 voluit-praeanticipasse,
2859 3137 2920 3183 ut
2941 3127 3154 3183 succisa
3178 3127 3364 3197 stirpe,
3395 3127 3462 3196 de

1879 3239 1989 3297 qua
2016 3238 2168 3280 eram
2204 3223 2539 3291 nascituruS,
2580 3238 2681 3294 ego
2712 3220 2916 3293 pupilla
2945 3219 3085 3274 ocu-'i
3115 3219 3214 3287 tui,
3240 3235 3347 3275 non
3370 3234 3463 3275 ve-

1879 3317 2054 3374 nirem
2084 3315 2394 3372 illuminare
2420 3323 2592 3370 totum
2636 3328 2836 3385 corpus
2874 3310 3148 3369 Ecclesiae.
3192 3309 3298 3367 Sed
3322 3312 3460 3382 jam,

1880 3416 1944 3465 ut
1969 3406 2207 3465 «loannes
2244 3408 2477 3464 dilectus
2506 3421 2660 3462 meus
2688 3413 2938 3469 testatur,
2969 3403 3215 3475 quinque
3243 3402 3334 3459 isti
3366 3417 3459 3459 re-

1879 3519 1976 3578 ges
2005 3501 2318 3560 ceciderunt
2342 3503 2529 3576 (Apoc.
2556 3518 2688 3569 xvu,
2719 3499 2833 3571 10),
2871 3499 3122 3557 videlicet
3148 3498 3458 3572 AEgyptius,

1878 3594 2229 3663 israeliticus,
2269 3594 2652 3666 Babylonicus,
2686 3591 2959 3660 Persicus,
3008 3593 3102 3664 qui
3156 3603 3211 3648 et
3248 3591 3457 3659 Medus,

1880 3698 1936 3746 et
1977 3688 2310 3744 novissimus
2338 3702 2433 3742 rex
2462 3685 2776 3742 Graecorum
2804 3685 2997 3742 cecidit
3026 3693 3312 3757 superatus
3343 3686 3457 3739 vir-

1882 3787 1998 3836 tute
2034 3776 2494 3834 Machabaeorum.
2553 3774 2707 3832 Unus
2741 3785 2825 3831 est
2863 3775 3163 3844 Romanus,
3211 3777 3459 3832 videlicet

1878 3872 2197 3943 imperator,
2232 3869 2336 3925 sub
2358 3868 2517 3940 cujus
2540 3868 2769 3939 praeside
2818 3867 3011 3924 Pontio
3038 3867 3214 3924 Pilato
3261 3884 3363 3941 ego
3401 3870 3456 3924 in

1879 3978 2045 4019 carne
2064 3963 2291 4030 morior,
2321 3969 2376 4017 et
2396 3960 2499 4016 sub
2519 3959 2677 4030 cujus
2710 3959 2923 4032 imperii
2964 3960 3226 4016 ministris
3256 3975 3457 4016 corona

1879 4054 2124 4126 martyrii
2153 4052 2380 4110 debetur
2403 4050 2588 4107 multis
2610 4050 2871 4107 membris
2899 4050 3055 4108 meis.
3099 4050 3273 4119 Alius,
3301 4052 3353 4108 td
3374 4060 3460 4108 est

1879 4143 2265 4213 Antichristus,
2307 4143 2401 4216 qui
2454 4157 2564 4198 non
2615 4149 2725 4197 tam
2759 4157 2988 4214 corpora
3036 4159 3198 4215 quam
3247 4142 3458 4199 animas

1876 4250 2128 4293 meorum
2150 4244 2358 4308 quaeret
2379 4237 2648 4303 occidere,
2673 4236 2916 4292 nondum
2944 4233 3111 4302 venit,
3144 4233 3235 4291 sed
3268 4244 3457 4291 ventu-

1877 4346 1976 4386 rus
2004 4339 2092 4387 est
2131 4330 2187 4384 in
2231 4321 2613 4385 onini⁸virtute
2647 4328 2885 4396 Satanae,
2913 4327 2970 4384 in
3002 4327 3275 4400 prodigiis*
3294 4337 3347 4383 et
3375 4328 3454 4383 si-

197 4423 260 4482 hi
282 4423 606 4481 clarissimae
648 4423 867 4495 pupillae
914 4422 1058 4479 ocuti
1105 4423 1205 4492 tui,
1259 4438 1371 4495 quo
1407 4424 1463 4479 iu
1508 4424 1779 4496 principio
1806 4433 1856 4492 n
1883 4422 2007 4495 gnis
2037 4421 2414 4489 mendacibus,
2443 4423 2517 4477 ita
2539 4423 2829 4494 superbus,
2860 4430 2921 4478 ut
2966 4423 3024 4477 in
3073 4422 3276 4493 templo
3309 4437 3453 4489 meo,

194 4517 387 4575 vidisti
442 4526 639 4574 cuncta
662 4557 679 4585 ,
729 4532 854 4589 quae
894 4516 1105 4573 ieceras
1125 4558 1141 4586 ,
1169 4525 1224 4573 et
1249 4525 1407 4573 erant
1430 4517 1585 4573 valde
1613 4518 1780 4584 bona,

195 4616 525 4686 priusquam
571 4612 888 4669 emersisset
927 4612 1140 4682 peccati
1178 4612 1421 4679 malitia;
1451 4620 1508 4668 et
1535 4629 1682 4669 nunc
1724 4614 1780 4669 in

198 4704 540 4778 plenitudine
566 4715 875 4776 temporum
909 4706 1100 4761 eodem
1128 4705 1321 4771 oculo,
1351 4704 1543 4761 eodem
1575 4705 1783 4763 lumine

198 4808 298 4853 tuo
326 4812 423 4868 per
464 4813 554 4852 me
595 4794 856 4867 pupillam
893 4796 1202 4852 humilitate
1225 4795 1439 4852 servilis
1469 4795 1662 4853 formae
1691 4796 1780 4853 ni-

199 4904 379 4961 gram,
407 4888 503 4946 sed
523 4887 770 4960 ejusdem
796 4888 1021 4944 luminis
1056 4889 1261 4944 unione
1290 4888 1496 4944 claram
1522 4930 1539 4957 ,
1580 4890 1779 4946 iterum

199 4981 433 5053 respicis
461 4996 681 5038 omnem
709 4990 1019 5038 creaturam
1045 4990 1221 5050 tuam,
1262 4981 1394 5037 dum
1429 4997 1528 5053 per
1568 4998 1678 5048 me,
1712 4999 1778 5040 ac

200 5089 358 5131 meos
381 5073 713 5146 praedicatur
751 5071 1108 5145 Evangelium
1133 5071 1285 5129 omni
1327 5081 1612 5128 creaturae.
1665 5069 1777 5128 Cu-

199 5166 345 5222 stodi
389 5181 522 5239 ergo
574 5167 740 5222 etiam
769 5167 920 5237 ipsos
947 5179 1102 5221 meos
1145 5164 1478 5236 discipulos,
1507 5179 1604 5236 per
1637 5180 1778 5236 quos

197 5256 299 5315 lux
322 5257 571 5314 veritatis
604 5254 956 5314 diffundenda
984 5265 1087 5322 est,
1117 5264 1177 5310 ut
1205 5255 1468 5327 pupillam
1490 5255 1651 5310 oculi.
1671 5253 1779 5313 Cu-

197 5350 344 5407 stodi
367 5349 532 5407 etiam
558 5365 752 5407 omnes
767 5365 920 5406 meos
951 5348 1169 5404 illorum
1194 5348 1441 5404 doctrina
1465 5347 1780 5403 illuminan-

199 5444 304 5501 dos
334 5452 393 5498 ut
414 5441 675 5516 pupillam
703 5442 865 5498 oculi.
893 5441 1115 5498 Custodi
1135 5456 1231 5498 eos
1250 5483 1267 5508 ‚
1290 5449 1352 5508 ut
1384 5440 1526 5497 sicut
1576 5438 1777 5511 pupilla

199 5536 349 5595 oculi
381 5535 494 5592 siut
517 5535 660 5607 nigri
690 5549 786 5607 per
819 5549 1009 5591 veram
1060 5532 1421 5590 humilitatem
1443 5573 1459 5598 ,
1499 5532 1610 5588 sint
1643 5531 1779 5587 clari

201 5645 301 5702 per
322 5643 507 5684 veram
540 5625 885 5684 cbat'ltatem.
919 5622 1074 5682 Sicut
1099 5625 1245 5682 enim
1269 5626 1470 5694 omnis,
1499 5643 1518 5675 ι
1549 5623 1644 5694 qui
1666 5622 1781 5680 odit

206 5721 434 5778 fratrem
462 5734 644 5787 suum,
698 5719 754 5776 in
809 5718 1047 5777 tenebris
1076 5726 1199 5776 est:
1237 5737 1255 5770 ι
1287 5717 1362 5775 ita
1387 5714 1586 5786 omnis,
1627 5735 1644 5769 ‹
1683 5715 1778 5787 qui

1881 4514 2028 4586 quod
2057 4521 2143 4571 est
2163 4512 2433 4580 Ecclesia,
2472 4514 2661 4570 sedeat
2686 4513 2978 4569 usletnlmis
3006 4533 3062 4565 su
3095 4525 3351 4581 uinquam
3387 4517 3455 4569 ειη

1882 4605 2052 4674 Deus,
2076 4604 2188 4661 imo
2213 4613 2269 4661 et
2295 4605 2587 4662 extolletur
2614 4621 2778 4673 supra
2806 4621 2964 4661 ttllll‘lt'l
2990 4607 3062 4673 hl,
3087 4609 3231 4673 qum!
3259 4609 3455 4661 dir-itm-

1881 4695 2049 4764 Deus,
2085 4704 2182 4753 aul
2202 4697 2348 4769 quod
2377 4698 2597 4766 colitur,
2624 4706 2910 4766 taurusque
2942 4717 3034 4769 pter
3066 4701 3327 4753 ttttitnlttut
3363 4717 3455 4753 m·-

1879 4787 2041 4844 bulas
2063 4802 2315 4844 errorum
2340 4786 2629 4855 diffundet,
2657 4797 2714 4843 ut
2750 4789 2798 4842 in
2828 4805 3066 4842 errorent
3099 4789 3447 4850 indiminutum

1880 4879 1928 4936 si
1950 4879 2081 4934 ‹fleri
2107 4887 2305 4950 potest,
2333 4879 2497 4935 etiam
2519 4879 2677 4935 electi
2702 4922 2714 4946 ,
2754 4882 2850 4950 qui
2898 4894 3026 4934 sunt
3058 4886 3215 4950 qnasi
3251 4886 3451 4950 pupilla

1880 4971 2025 5027 oculi
2048 4971 2156 5027 mei
2177 4971 2246 5028 ad
2288 4971 2395 5028 hoc
2425 4971 2602 5038 elecfi,
2631 4982 2686 5027 ul
2714 4990 2818 5026 mm
2850 4974 3030 5026 sulum
3074 4974 3171 5042 ili-ai
3219 4994 3323 5026 tttm
3363 4994 3451 5026 asr-

1879 5072 2024 5133 rent,
2048 5064 2144 5121 sed
2171 5072 2343 5120 totum
2380 5079 2579 5135 corpus
2605 5062 2862 5119 Ecclesiae
2890 5078 3074 5118 eontra
3107 5082 3351 5118 err-nrum
3375 5078 3451 5118 tv*

1880 5158 2081 5215 nebras
2108 5157 2435 5214 illuminent.
2467 5155 2568 5213 Hic
2595 5173 2735 5229 opus
2765 5167 2852 5215 est
2880 5157 3129 5214 custodia
3153 5166 3245 5214 tua
3268 5155 3453 5226 Pater,

1879 5250 1977 5320 qui
2006 5264 2092 5304 me
2120 5257 2313 5305 contra
2346 5249 2595 5305 omnium
2620 5257 3021 5305 transactorum
3051 5262 3343 5318 regnorum
3369 5256 3456 5320 ty-

1877 5342 2138 5400 rannides
2164 5351 2219 5398 et
2246 5343 2518 5399 versutias
2540 5343 2596 5398 in
2627 5342 2763 5399 meis
2792 5341 3078 5398 custodisti
3108 5349 3168 5395 ut
3191 5341 3452 5411 pupillam

1879 5433 2023 5489 oculi
2070 5449 2247 5506 usque
2273 5436 2329 5490 in
2360 5435 2502 5491 hanc
2531 5435 2716 5490 boram
2757 5435 2812 5490 in
2839 5450 2949 5507 qua
2980 5442 3064 5490 est
3097 5442 3338 5505 potestas
3373 5442 3451 5489 te-

1879 5526 2197 5594 nebrarum,
2248 5528 2344 5584 sed
2399 5528 2714 5599 permodica
2733 5570 2749 5596 ,
2785 5527 3046 5599 quoniam
3093 5537 3216 5599 post
3259 5529 3452 5586 mortis

1879 5618 2263 5676 brevissimam
2295 5620 2685 5676 dormitionem
2715 5619 2895 5676 denuo
2917 5619 3187 5693 evigilabo
3214 5635 3316 5694 ego
3348 5636 3451 5691 pu·

1879 5713 2011 5786 pilia
2047 5713 2188 5771 oculi
2219 5713 2317 5769 tui.
2369 5712 2516 5783 lmo,
2563 5712 2687 5783 quia
2718 5727 2817 5784 ego
2852 5727 2977 5769 sum
3006 5730 3027 5765 ι
3066 5712 3174 5770 Leo
3202 5712 3269 5771 de
3303 5712 3452 5770 tribu
