3817 6000
194 188 247 249 839
671 193 825 257 cunboni
843 187 1041 249 PRAEPOSl‘li
1057 187 1334 249 aureliensem.
1759 195 1822 252 810

192 310 346 370 lectattouis
357 317 488 375 carnalis:
505 321 628 391 quonium
651 318 783 374 odectris
794 325 832 371 est
848 312 978 370 11111110-
993 322 1016 379 Α
1029 322 1103 369 recte
1119 312 1228 381 dicitur,
1246 305 1318 369 sicut
1331 315 1474 385 corpusde
1488 313 1590 385 Spiritu
1619 326 1715 374 sancto
1742 335 1819 376 ron·

193 403 295 470 miuus,
322 414 350 461 et
373 407 477 464 assistit
497 411 564 466 mihi
579 427 627 483 per
647 425 727 467 suum
751 407 927 479 adjutorium,
949 424 981 463 ne
1032 413 1152 475 ceptum,
1167 419 1215 475 per
1226 404 1299 476 quod
1314 401 1442 460 Suuctum
1455 407 1538 462 totius
1560 406 1689 464 Ecclesiae
1716 425 1824 481 corpus

191 507 365 550 commovear.
1030 506 1072 552 est
1085 494 1379 553 sanctificandumlioc
1387 494 1513 552 Sanctum
1522 512 1607 567 tunm,
1618 498 1699 557 Pater
1710 514 1821 571 sancte,

228 584 312 642 Vens.
329 585 357 643 9.
383 587 495 660 Propter
523 591 571 646 iroc
594 592 712 648 letatum
727 598 766 646 est
790 605 933 644 cormeum
952 589 980 644 in
1031 604 1082 644 uon
1096 589 1172 644 dubis
1195 590 1292 656 nidere,
1320 589 1420 657 idest,
1449 606 1503 645 nnn
1530 593 1670 662 permittes
1697 597 1822 668 experiri

192 678 631 754 cogitandozetersultooitliteque
645 681 890 754 moninloquendo.
904 679 981 737 Sicut
1030 682 1233 751 corruptionem.
1248 679 1318 736 Cum
1332 681 1404 735 enim
1420 681 1477 736 sula
1507 682 1598 737 diviua
1618 683 1820 742 rirtttteraleat

191 769 264 826 enim
277 771 304 827 in
317 770 463 845 Etataqelio
481 773 623 832 ilatthaeus
650 772 929 831 testaturzlinsultani
952 775 979 828 in
1031 772 1134 827 serrari
1147 787 1162 826 a
1176 771 1352 841 corruptione
1363 771 1517 843 putredinis
1543 788 1631 844 usque
1650 775 1683 831 ad
1707 784 1820 848 tempus

191 862 980 938 spiritupercordisiaetitiam,etneritaexsultatitaprotnlit
1030 862 1155 919 celeriter
1170 862 1341 934 perileiendae
1351 865 1561 921 resurrectionis
1572 866 1599 920 in
1615 866 1659 923 die
1670 869 1749 925 tertia
1771 888 1819 927 se-

191 955 283 1028 linquo
298 973 365 1014 mcc.
377 958 437 1013 Dixi
449 960 537 1015 enim:
548 979 557 1012 t
567 961 761 1017 Cottllteortibi
775 959 981 1018 Paterbomtne
1030 954 1152 1010 cundum
1171 955 1332 1026 Scripturas
1349 972 1356 1009 ²
1374 963 1477 1024 limen,
1492 957 1556 1013 Ιὶῡθῑ
1568 973 1601 1015 ⁰¹
1617 960 1780 1029 abundanti.
1791 973 1819 1020 ⁰¹

191 1051 252 1107 cteli
264 1058 291 1107 et
305 1057 393 1118 terre,
406 1052 536 1122 quoniam
551 1053 717 1110 abscondisti
736 1054 794 1110 brec
813 1069 827 1109 a
848 1052 979 1124 sapientia
1030 1046 1149 1102 humana
1161 1046 1301 1117 diligentia
1321 1057 1417 1104 sancto
1432 1050 1542 1121 corpori
1564 1066 1626 1108 meo
1640 1053 1819 1111 adhibebitur

190 1141 278 1199 buset
289 1144 479 1215 prudentibus,
496 1155 523 1201 et
534 1145 659 1201 revelasti
679 1160 711 1201 ea
727 1146 847 1217 parvulis
867 1143 977 1217 (hatti.
1029 1155 1079 1213 per
1092 1139 1167 1213 quod
1179 1149 1335 1212 putrescere
1348 1143 1550 1212 prohiberetur,
1568 1145 1591 1200 si
1606 1145 1672 1201 illud
1687 1162 1737 1202 sua
1747 1163 1819 1203 con-

190 1249 230 1302 at,
243 1235 301 1306 25).
317 1255 327 1288 t
341 1234 406 1291 item
420 1254 427 1291 :
443 1255 451 1288 a
466 1233 607 1293 Desideria
629 1236 781 1293 desiderari
796 1238 849 1293 buc
873 1235 979 1293 Pascha
1028 1234 1132 1291 ditione
1143 1250 1218 1291 more
1233 1235 1348 1291 aliorum
1362 1250 1508 1307 corporum
1522 1248 1646 1310 vergeret
1657 1239 1690 1295 ad
1722 1251 1826 1320 putre·¹

191 1328 360 1384 manducare
374 1329 528 1396 uobiscum,
543 1338 688 1401 antequam
710 1330 799 1400 patiar
812 1328 889 1400 (Luc.
907 1343 977 1396 xxti,
1028 1325 1129 1382 dinem.
1140 1324 1403 1382 Adhibebiturcuim
1417 1324 1482 1384 satis
1507 1327 1541 1385 dc
1566 1330 1676 1401 myrrha
1696 1341 1725 1387 et
1742 1332 1818 1396 aloe,

191 1419 247 1489 15).
267 1417 402 1476 ›itemzt
422 1420 586 1477 Potestatem
613 1422 700 1477 habco
723 1420 977 1491 ponendianimam
1028 1435 1089 1492 quse
1103 1420 1376 1491 speciesaromaticae
1393 1435 1508 1490 corpora
1531 1436 1585 1475 nun
1612 1422 1707 1478 sinunt
1721 1432 1817 1493 putre-

189 1525 291 1578 meaut,
308 1522 336 1567 et
348 1511 446 1569 iterum
458 1515 582 1570 sumendi
599 1530 669 1570 cam.
688 1510 799 1568 »Nemo
812 1532 822 1566 r
837 1513 976 1570 tolliteam
1028 1528 1114 1576 scere,
1129 1511 1261 1583 quaeindc
1272 1510 1371 1567 inerint
1386 1511 1505 1568 condita.
1522 1510 1575 1568 Sed
1600 1521 1628 1568 et
1647 1514 1700 1570 boc
1722 1530 1817 1570 narra·

190 1618 275 1671 ame,
294 1604 341 1660 sed
358 1620 409 1677 eqo
432 1619 533 1676 ponam
553 1621 624 1672 cam,
641 1614 668 1662 et
692 1605 790 1660 iterum
813 1618 893 1660 sumo
915 1620 976 1661 earu
1028 1599 1102 1657 bitur
1115 1601 1142 1656 lu
1156 1609 1214 1657 toto
1234 1600 1348 1666 mundo,
1363 1603 1437 1674 quod
1451 1600 1537 1657 biaria
1563 1601 1721 1676 ilagdaiena
1742 1621 1816 1677 pra·

190 1694 281 1766 (loon.
310 1713 338 1764 x,
362 1695 417 1766 18).
438 1716 449 1751 r
469 1695 498 1751 lu
528 1697 628 1754 talibus
655 1696 735 1753 dictis
763 1695 906 1754 iambum
931 1713 977 1752 cor
992 1667 1013 1725 Β
1026 1692 1101 1749 venit
1113 1708 1215 1766 ungere
1226 1708 1325 1765 corpus
1339 1708 1429 1748 motum
1446 1694 1473 1749 ln
1486 1695 1653 1765 sepulturam
1665 1697 1699 1753 de
1711 1697 1816 1768 optirm

189 1801 286 1856 meum,
298 1798 324 1844 et
337 1788 465 1843 exultauit
481 1788 572 1861 linqua
587 1805 655 1844 mco.
1027 1793 1179 1857 unguento,
1190 1784 1264 1858 quod
1279 1783 1452 1856 putredinem
1465 1786 1589 1858 corporis
1613 1789 1666 1844 mei
1682 1792 1815 1857 tardaret,

225 1879 337 1952 Insuper
347 1889 372 1934 et
387 1895 448 1934 coro
460 1897 517 1934 meu
535 1880 673 1952 requiescet
689 1881 716 1934 in
727 1896 781 1951 spe.
1025 1879 1050 1936 si
1064 1894 1132 1951 opus
1150 1889 1231 1937 esset.
1251 1878 1352 1937 Verum
1363 1891 1558 1953 nonestopus.
1569 1885 1699 1956 quoniam
1713 1894 1742 1942 tu
1758 1887 1817 1944 cito

224 1971 311 2044 Supra
325 1973 446 2029 dixeram
458 1992 464 2028 :
478 1972 591 2045 iusuper
602 1984 627 2029 et
638 1990 718 2046 usquc
732 1973 767 2028 od
781 1983 882 2030 noctem
891 1976 976 2031 incre·
1025 1969 1178 2026 maturabis
1193 1971 1432 2036 resurrectionem,
1445 1987 1492 2026 nec
1506 1972 1583 2027 dudit
1594 1989 1695 2046 corpus
1709 1991 1813 2039 meum.

188 2073 312 2135 puerunt,
326 2066 369 2121 nel
383 2065 543 2122 erudierunt
570 2081 610 2121 rnc
624 2082 697 2121 renes
719 2067 770 2122 mei
778 2081 789 2121 .·
801 2065 880 2123 Nunc
896 2067 974 2123 dico:
1026 2061 1153 2119 Sanctum
1161 2072 1234 2118 tuum
1245 2072 1272 2119 et
1283 2064 1366 2119 totius
1375 2061 1504 2121 Ecclesiae
1518 2066 1716 2123 sanctiticatam
1726 2069 1815 2123 ridere

188 2152 303 2227 iusuper
321 2168 346 2213 ct
361 2173 423 2212 coro
439 2175 497 2212 meu
521 2158 662 2230 requiescet
674 2159 701 2213 iu
715 2175 771 2229 spe,
782 2168 813 2216 ut
823 2159 894 2216 sicul
907 2159 974 2217 illud
1026 2154 1231 2224 commilitum·
1247 2151 1311 2211 ¹⁰⁹⁰
1322 2156 1420 2212 ῐΰθΐῑῑθ
1433 2156 1505 2213 ³101ss
1517 2173 1599 2229 supra
1613 2158 1669 2214 (Ιὶῐί
1695 2178 1702 2214 :
1726 2158 1814 2215 Bene·

188 2248 240 2306 luit
255 2249 446 2307 adcumulant
461 2250 574 2317 doloris,
607 2250 680 2323 quod
707 2252 856 2323 increpatus
882 2268 975 2309 suma
1029 2246 1117 2301 dicam
1132 2245 1275 2302 bantinum
1298 2248 1343 2305 nui
1358 2247 1451 2303 tribuit
1473 2250 1538 2305 milti
1552 2250 1713 2307 intellectum
1728 2254 1813 2325 :quia

187 2339 418 2412 consanguineis:
432 2340 470 2395 ita
488 2340 562 2398 istud
576 2341 613 2398 sit
635 2342 823 2399 adcumulant
849 2343 976 2401 consola-
1025 2347 1054 2393 tu
1070 2335 1149 2393 Patet

188 2432 280 2501 tionis,
295 2433 368 2506 quod
382 2433 715 2506 caramentequiesqiiin
735 2452 779 2508 spe
797 2438 976 2494 resurrectio.
1060 2428 1143 2488 VsstlS·
1163 2431 1208 2486 Η.
1237 2428 1323 2485 Nolae
1335 2431 1812 2505 ιιιίΙιΞῙειὶιΙίιιίιιιιιίῐω.[1011102111

187 2525 242 2595 nis,
259 2541 342 2598 quam
358 2533 386 2582 tu
398 2525 480 2583 Pater
496 2526 552 2584 cito
561 2527 738 2585 accelerabis.
1024 2523 1103 2590 milti,
1117 2522 1191 2594 quod
1209 2538 1258 2593 per
1268 2522 1449 2581 obedientiam
1462 2528 1608 2599 passionis,
1622 2545 1671 2601 per
1688 2529 1811 2587 humilius

222 2618 306 2676 Vens.
320 2620 364 2676 to.
378 2617 511 2686 Quoniam
524 2620 744 2693 notrderelinqucs
759 2620 877 2676 onimmu
890 2637 976 2677 neum
1024 2623 1092 2678 tent.
1103 2623 1130 2671 et
1140 2616 1338 2686 proximorum.
1347 2634 1397 2689 pro
1408 2619 1509 2692 quibus
1519 2622 1811 2694 morioncharitatetu,

186 2712 341 2784 ininferna,
354 2711 569 2784 quisuesoendtt
589 2713 699 2784 quidem
720 2713 755 2770 ad
772 2711 879 2770 interna
894 2728 977 2783 prop
1024 2707 1094 2764 tede
1120 2709 1154 2765 ad
1180 2707 1427 2778 Resurrectionem,
1452 2723 1479 2769 ct
1510 2729 1559 2786 per
1574 2711 1810 2774 Resurrectionem

186 2813 229 2861 ter
243 2805 353 2871 eiectos,
362 2805 410 2877 qui
424 2805 479 2863 lllic
495 2824 505 2860 r
525 2805 691 2873 intenebris,
708 2815 735 2862 ct
746 2805 773 2860 in
787 2804 884 2861 umbra
899 2819 977 2859 mor·
1025 2799 1059 2855 ad
1082 2800 1289 2871 escensionem,
1302 2813 1329 2860 et
1344 2820 1392 2876 per
1406 2808 1601 2867 decensionem
1616 2811 1651 2868 ad
1662 2828 1810 2872 conessum

185 2896 222 2952 tis
232 2895 327 2952 sedent
341 2896 418 2969 (Luc.
435 2913 455 2964 t,
474 2896 530 2969 19),
548 2907 760 2969 »exspectantes
771 2897 974 2965 liberationem
1026 2899 1102 2948 tuum
1118 2893 1145 2948 iu
1158 2891 1268 2951 dextera
1283 2905 1340 2952 tua.
1360 2896 1398 2953 lbi
1410 2899 1566 2972 adimplebis
1581 2920 1621 2960 me
1635 2906 1742 2975 letitia,
1764 2926 1810 2981 qur

186 2988 234 3044 sed
248 2988 379 3045 velociter
393 2987 456 3045 iude
472 2989 571 3046 redibit
586 2989 683 3047 solutis
707 2990 849 3048 doloribus
863 2988 974 3055 inierni,
988 3016 1010 3074 c
1026 2985 1204 3057 nuncplenus
1219 2987 1420 3047 tristitiadieo:
1439 3012 1448 3045 e
1465 2990 1563 3051 Tristis
1587 3007 1629 3054 est
1646 3002 1808 3058 animantes

184 3079 263 3150 juxta
277 3079 351 3152 quod
366 3079 534 3152 impossibiie
555 3091 596 3138 est
613 3083 698 3139 teneri
710 3082 785 3138 iilam
797 3084 832 3138 ab
854 3097 896 3139 eu.
912 3081 976 3138 ideo
1027 3076 1162 3146 usquead
1179 3088 1293 3136 mortem
1309 3081 1398 3153 (sture
1413 3100 1468 3153 xit,
1480 3085 1526 3157 dd)
1543 3106 1550 3143 t
1573 3108 1582 3141 ι
1600 3091 1646 3161 qui
1663 3108 1737 3150 nuuc
1749 3094 1810 3151 dieo

186 3169 264 3226 dico:
279 3170 404 3241 quonium
420 3184 470 3224 non
488 3171 650 3244 derelinques
661 3174 779 3228 animam
793 3188 878 3229 meam
892 3175 920 3229 in
934 3174 978 3228 ἐκ·
1026 3168 1115 3225 ilicis:
1135 3188 1144 3222 t
1161 3168 1191 3225 Ei
1202 3186 1251 3229 l'tls
1269 3172 1435 3246 igiturnunc
1449 3179 1558 3250 quidem
1577 3182 1715 3241 tristitiam
1727 3185 1809 3243 habe·

186 3260 272 3331 farno,
303 3276 365 3334 qua
390 3263 510 3319 priimam
534 3278 644 3335 quoque
668 3265 783 3321 latronis
808 3263 974 3334 condidistis,
1026 3258 1060 3314 lis
1072 3256 1133 3322 (101²
1144 3277 1201 3328 xtl,
1213 3262 1271 3334 ᾖ),
1291 3284 1301 3317 t
1329 3272 1395 3323 101111
1411 3268 1575 3341 adimplebor
1597 3272 1693 3329 ioeil’ll‘d
1719 3276 1747 3333 iu
1765 3293 1809 3334 iile

186 3365 252 3407 mox
265 3366 328 3408 cunt
342 3352 464 3424 ingressa
477 3353 569 3421 inerit,
583 3369 676 3411 secum
690 3363 732 3412 est
743 3356 867 3414 habitura
883 3356 910 3412 in
922 3372 975 3428 pa·
1025 3349 1087 3420 ipso
1101 3368 1161 3405 eum
1176 3352 1250 3409 onitu
1276 3365 1331 3427 tuo,
1349 3357 1479 3429 quoniam
1502 3376 1553 3434 ege
1579 3378 1652 3420 nunc
1673 3368 1807 3433 mortalis,

185 3439 291 3496 radice.
309 3438 386 3497 Unde
400 3451 489 3513 potest
504 3443 620 3500 ildeliter
633 3444 718 3511 credi,
745 3445 819 3516 quud
843 3446 975 3502 velociter
1025 3444 1325 3505 tuueimmortaiiseru
1351 3466 1413 3504 cum
1439 3451 1513 3508 uultu
1537 3462 1592 3522 tuo,
1615 3455 1643 3512 id
1666 3469 1719 3524 est,
1745 3475 1806 3516 cum

144 3546 149 3559 ·
186 3531 809 3604 lnleruispoliatio,etParadisireseratiudet
823 3538 974 3595 secundum
1025 3532 1114 3591 lesbo
1127 3544 1175 3592 tuo
1186 3538 1254 3594 mibi
1268 3539 1356 3608 unito,
1367 3544 1440 3613 quod
1456 3554 1509 3613 cst,
1533 3546 1625 3603 uultus
1645 3556 1720 3617 tuus,
1742 3553 1806 3623 quia

186 3639 288 3681 nomen
301 3624 727 3702 aProphetamiltidesiqnatum,
739 3630 783 3685 cui
796 3629 899 3686 dictura
913 3638 972 3686 est:
1024 3643 1072 3698 per
1104 3629 1170 3686 illud
1180 3634 1363 3702 cognosceris.
1390 3631 1458 3690 Cum
1471 3636 1518 3692 illo
1535 3636 1609 3693 uultu
1632 3648 1676 3694 tuo
1699 3657 1749 3713 eqo
1763 3659 1807 3699 as·

188 3734 199 3770 r
219 3713 400 3774 Vocanumen
411 3719 486 3790 eius:
500 3720 628 3777 velociter
638 3708 723 3792 spolia
734 3723 856 3789 detrahe,
874 3720 973 3780 festina
1024 3729 1149 3792 sumptus
1164 3723 1258 3791 bomo,
1271 3739 1322 3798 eqo
1340 3742 1414 3784 nunc
1426 3728 1515 3785 tristis
1528 3744 1615 3803 usque
1628 3732 1662 3788 ad
1678 3742 1804 3803 morum,

185 3808 302 3881 praedari
320 3808 389 3882 (irc.
402 3827 463 3879 nttt,
478 3813 523 3883 l);
540 3832 550 3865 ι
568 3830 621 3869 uon
632 3829 701 3870 tane
711 3814 765 3871 huc
779 3815 889 3872 nomine
910 3831 973 3872 sunt
1023 3814 1137 3882 posthac
1152 3813 1282 3883 letitiam,
1295 3827 1322 3874 et
1336 3818 1522 3875 delectationes
1531 3822 1639 3878 habebo
1654 3823 1682 3877 in
1696 3825 1806 3880 matera

185 3909 310 3966 uocatus,
329 3901 458 3972 quoniam
473 3903 603 3960 velociter
613 3914 722 3975 peracta
737 3904 899 3976 spoliatione
923 3907 970 3963 in·
1023 3912 1080 3972 tue,
1092 3906 1119 3961 iu
1132 3915 1233 3964 eterna
1248 3909 1354 3966 scilieet
1376 3911 1501 3968 claritate
1517 3922 1565 3969 tua
1590 3918 1711 3987 usquein
1726 3918 1804 3987 pinus
1904 3976 1907 3989 Ι

184 3995 256 4055 ierni
275 3998 542 4072 tunonderciinqucs
558 4001 674 4055 animem
693 4018 778 4057 mam
809 4003 837 4057 in
856 4004 971 4075 interno,
1022 3995 1076 4052 line
1091 4008 1241 4070 carentem,
1254 4004 1375 4074 usquein
1388 4004 1478 4074 finem,
1491 4005 1590 4079 dequo
1605 4008 1802 4068 aliusdicitur:
1896 4010 1901 4023 '

185 4107 248 4164 quoe
262 4108 325 4148 cum
340 4092 435 4163 spolils
459 4094 609 4149 multarum
623 4095 776 4150 animarum
791 4110 824 4151 ea
838 4096 892 4163 die,
916 4111 971 4168 qua
1023 4088 1115 4144 Omnis
1127 4096 1362 4151 consummationis
1376 4094 1430 4151 eidi
1442 4099 1533 4169 fiuent.

184 4183 220 4238 de
234 4195 350 4253 corpore
360 4180 442 4237 iuerit
453 4196 572 4254 egressa,
587 4183 640 4237 erit
654 4183 683 4238 in
697 4181 839 4241 Paradiso.
857 4184 972 4257 Propter
1054 4179 1151 4238 Aliter·
1167 4181 1254 4239 Notus
1273 4186 1360 4250 itct'tii
1372 4187 1447 4255 mihi·
1467 4189 1495 4245 Μ
1513 4200 1565 4258 0⁵¹,
1592 4193 1661 4251 meis
1683 4209 1731 4265 per
1743 4209 1802 4250 ¹⁰0²

185 4273 239 4331 hoc
264 4283 424 4346 sequentem
442 4273 515 4329 diem
536 4274 647 4330 Sabbaii
664 4285 776 4332 sanctus
797 4275 970 4350 Euangelirta
1020 4272 1145 4343 exemplu
1159 4275 1216 4329 vitta
1231 4276 1303 4346 viloe,
1319 4278 1419 4349 quillus
1444 4277 1501 4337 dixi
1527 4299 1535 4335 Ζ
1564 4281 1721 4358 Exemplum
1742 4288 1802 4342 detit'

186 4373 267 4421 uocat
281 4379 412 4436 maguum
425 4364 497 4420 diem
512 4362 640 4433 Sabbati;
668 4367 732 4437 quia
755 4383 885 4439 magnum
901 4368 969 4427 Sub
983 4367 1007 4427 Ι)
1019 4363 1101 4430 uobis,
1114 4373 1144 4418 ιιι
1155 4374 1180 4420 rt
1191 4383 1236 4422 uos
1248 4367 1286 4423 itu
1301 4368 1419 4440 [cointio.
1439 4372 1602 4443 Adimpiedio
1630 4392 1681 4443 nte,
1704 4377 1729 4432 id
1750 4387 1802 4446 cst,

184 4455 334 4512 batismum
352 4454 526 4510 celebrabant
539 4456 637 4511 anime
651 4455 743 4513 lideles
755 4457 789 4514 de
812 4457 919 4514 inferno
935 4460 969 4515 li·
1019 4470 1106 4525 meos,
1121 4456 1219 4513 letitia
1230 4475 1290 4514 eum
1302 4462 1378 4516 uultu
1394 4471 1450 4532 tuo,
1461 4464 1552 4532 idest,
1566 4482 1628 4522 eum
1647 4483 1690 4524 me
1703 4468 1801 4523 sultuna

183 4546 358 4603 berataecum
369 4545 471 4602 Christi
487 4546 589 4612 anima,
604 4547 707 4603 sociata
721 4549 774 4605 iliis
786 4550 970 4608 animalatro-
1019 4555 1094 4602 item
1114 4548 1233 4605 viderint
1251 4551 1344 4608 titum
1370 4563 1433 4625 pust
1457 4557 1553 4615 mortis
1570 4558 1749 4631 triumphum.

183 4637 229 4693 nis
242 4651 292 4708 per
310 4637 439 4692 uirtutem
451 4635 599 4694 botoiuictc
610 4638 762 4696 Passionis.
1054 4636 1103 4696 Vel
1118 4639 1300 4713 :adimplebis
1324 4660 1372 4702 cos
1396 4646 1505 4713 iaetitio,
1528 4652 1639 4721 quaudo
1668 4650 1800 4724 Spiritum

220 4727 276 4783 Nec
297 4729 374 4783 dubit
400 4740 521 4784 sunctum
546 4740 620 4785 tuum
650 4733 736 4787 uidere
761 4736 966 4804 corruptionem.
1018 4742 1154 4800 sanctum,
1174 4735 1270 4805 qulcst
1288 4737 1578 4809 scaturescentes
1598 4744 1712 4800 eiscatm
1728 4748 1799 4801 uultu

184 4817 294 4875 Gabriel
309 4819 507 4893 Archangelus,
523 4837 586 4877 curu
602 4825 777 4881 annuntiaret
800 4840 888 4882 meam
899 4842 967 4883 cun·
1018 4833 1074 4888 tuo,
1089 4840 1151 4880 cum
1160 4823 1229 4881 Filii)
1244 4833 1301 4895 ²⁰⁰,
1316 4830 1363 4899 qui
1378 4845 1451 4899 8⁰¹⁰,
1472 4849 1533 4905 28⁰·
1550 4833 1639 4892 blittes
1663 4838 1735 4893 enim
1753 4839 1800 4895 tle·

184 4909 347 4981 ceptionem,
368 4911 437 4967 dixit
457 4912 539 4967 ntatri
558 4928 647 4968 meae:
675 4933 685 4966 r
711 4913 829 4986 Spiritus
856 4929 968 4975 sanctus
1018 4916 1114 4971 solatis
1131 4917 1273 4990 discipulis
1284 4921 1352 4976 meis
1363 4918 1528 4981 Paraclitum
1542 4929 1570 4982 in
1598 4930 1708 4987 numine
1728 4949 1744 4985 u
1756 4948 1798 4999 eu,

184 5000 360 5071 superveniet
372 5001 400 5056 in
422 5010 459 5067 te,
470 5011 497 5058 et
524 5002 611 5059 nictus
626 5004 761 5062 ditissimi
792 5008 967 5066 obumbrabit
1017 5015 1044 5061 et
1055 5007 1092 5062 ita
1102 5007 1221 5078 implebis
1233 5025 1281 5066 eos
1292 5009 1388 5067 leutitia
1397 5030 1456 5069 cum
1467 5016 1540 5072 uultu
1551 5028 1605 5074 tuo.
1623 5020 1670 5076 llic
1683 5039 1800 5096 namque

184 5090 401 5164 tihizideoque.
416 5101 444 5149 et
470 5093 543 5164 quod
560 5105 687 5151 irascetur
712 5112 747 5153 et
775 5105 803 5154 te
824 5096 966 5169 Sanctum,
1017 5112 1062 5152 mc
1074 5097 1176 5152 uultum
1189 5107 1264 5155 intent
1281 5102 1453 5173 clarificabit,
1467 5109 1577 5179 quiade
1598 5114 1798 5185 meoaccipiel,

182 5182 326 5239 uocabitur
351 5180 437 5239 Filius
462 5182 510 5238 liei
536 5181 612 5256 (buc.
628 5201 648 5250 ι,
675 5185 732 5258 55).
752 5205 762 5239 s
780 5186 826 5244 Sic
853 5189 979 5262 loquens,
1016 5199 1045 5246 et
1065 5192 1237 5251 annuntiabit
1262 5196 1325 5253 illis.
1350 5196 1470 5257 Tandem
1490 5208 1688 5264 consummatis
1714 5210 1742 5265 in
1759 5212 1799 5269 cis

183 5272 296 5345 augelus
307 5288 408 5353 eorpus
422 5289 513 5329 meum
532 5274 566 5330 de
577 5274 680 5346 Spiritu
698 5287 793 5336 sancto
805 5292 966 5353 conceptum
1017 5283 1067 5338 riis
1079 5284 1152 5352 oitoe,
1164 5288 1371 5360 adimpletisque
1383 5290 1438 5348 illis
1450 5292 1555 5363 iustitio,
1567 5312 1628 5353 curn
1642 5302 1799 5359 transierint

182 5365 290 5421 sinaut
305 5362 447 5431 Sanctum,
463 5381 517 5421 nou
542 5367 753 5439 sanctiticatam,
781 5374 911 5444 quoniam
934 5374 967 5429 il·
1016 5390 1049 5431 ex
1061 5379 1179 5434 hacnita
1193 5379 1315 5448 sinistra,
1341 5383 1442 5440 misera
1466 5395 1493 5443 et
1511 5389 1628 5446 miseriis
1641 5392 1729 5463 plena,
1753 5396 1799 5452 dc-

184 5456 232 5511 lud
242 5458 352 5529 proprie
365 5457 465 5513 dicitur
487 5458 697 5527 sanctiticatam,
716 5462 761 5518 cui
783 5466 914 5523 sanctitas
926 5477 967 5523 est
1016 5466 1169 5524 munituna
1184 5480 1263 5526 crunt
1278 5472 1367 5528 illisio
1380 5475 1489 5532 dorum
1505 5489 1562 5545 tuo,
1588 5482 1616 5536 iu
1639 5464 1797 5542 sterilitatis

183 5544 372 5604 accidentalis.
387 5547 438 5604 Cui
454 5557 546 5604 autem
561 5551 691 5608 sauctitas
705 5562 748 5609 est
764 5557 877 5612 omuino
901 5558 967 5615 sub
1017 5561 1114 5632 gloria,
1130 5566 1250 5635 usquein
1268 5566 1357 5634 finem,
1373 5572 1505 5640 usquead
1522 5576 1601 5630 talem
1621 5592 1797 5635 corisumma·

184 5636 330 5707 suadelis,
354 5654 409 5695 nou
437 5651 493 5697 tam
509 5642 721 5715 sanedllcatum,
745 5660 829 5719 quam
844 5659 967 5706 sunctum
1017 5651 1130 5722 tionem,
1145 5655 1215 5710 ultra
1232 5672 1314 5726 quatu
1329 5661 1395 5715 nibil
1406 5663 1553 5720 desiderari
1569 5678 1666 5736 potest.
