3817 6000
332 173 470 228 tta?

1284 163 1588 222 GERHOH!
1628 160 2017 219 PRAEPostrt
2058 157 2605 215 Rsstcumspmc.

3434 155 3582 213 uas

325 285 487 356 quasi
532 284 868 350 manusueti,
921 297 1048 339 cum
1080 296 1149 337 ex
1194 278 1593 337 consuetudine
1633 275 1908 348 patientiae
1935 288 1982 339 Α
2011 271 2280 329 benedicti
2307 269 2486 328 Patris
2500 271 2629 339 mei,
2653 270 2918 342 percipite
2938 286 3167 342 regnum
3190 270 3412 342 (Mettis.
3445 289 3582 340 xxv,

328 391 554 435 manum
583 377 773 449 gratiae
799 374 1125 447 flagellantis
1173 381 1269 428 aut
1303 369 1633 426 blandientis
1661 368 1906 440 aequani-

328 469 493 524 miter
518 469 703 526 sciunt
751 466 913 534 serre,
969 467 1061 538 qui
1092 465 1244 536 prius
1301 473 1361 519 ut
1386 479 1563 534 equus
1606 461 1905 518 indomitus

327 560 698 628 recalcitrare,
729 567 792 615 ut
819 559 974 615 canis
1001 558 1298 625 oblatrare,
1338 564 1402 611 ut
1429 554 1725 626 singularis
1751 553 1904 611 serus

327 651 642 708 remordere
687 650 834 707 soliti
878 657 1056 706 erant.
1107 647 1263 703 mess
1300 656 1483 703 autem
1517 647 1735 718 proprie
1778 647 1903 704 illos

329 756 616 808 vocamus,
641 740 842 811 quibus
865 748 950 797 est
976 738 1303 795 naturaliter
1335 738 1521 794 suavis
1541 745 1598 794 et
1619 736 1759 793 leuis
1780 737 1903 792 ani-

328 847 475 892 mus.
504 830 856 888 immansueti
882 830 1063 887 adbuc
1089 838 1245 886 eraut
1268 829 1501 899 apostoli
1520 827 1902 898 tiliizebedaei,

330 923 427 980 tilii
456 923 708 990 tonitrui,
738 938 866 980 cum
895 923 1143 978 dicerent
1166 919 1394 977 Christo
1429 935 1461 975 a
1507 917 1747 976 Galilaeis
1793 935 1903 976 non

327 1023 548 1084 recepto
575 1030 590 1066 τ
621 1031 642 1066 ι
675 1011 769 1069 Vis
794 1011 1049 1079 dicimuS,
1081 1019 1140 1066 ut
1163 1009 1458 1066 descendat
1483 1009 1627 1081 ignis
1650 1010 1721 1066 de
1740 1010 1901 1077 eoelo,

328 1116 384 1164 et
410 1114 704 1163 consumat
731 1121 827 1162 eos
854 1102 1037 1176 (Joan.
1072 1120 1148 1171 ix,
1177 1103 1292 1176 54),
1326 1121 1346 1155 ι
1390 1103 1539 1159 sicut
1559 1110 1613 1158 et
1637 1100 1786 1158 Elias
1817 1101 1884 1159 fe·

326 1197 433 1254 cit?
456 1197 551 1253 sed
577 1197 700 1269 pius
732 1194 1022 1260 Dominus,
1049 1193 1221 1248 dulcis
1247 1202 1299 1248 et
1324 1201 1495 1248 rectus
1519 1207 1617 1249 eos
1643 1193 1715 1249 ad
1745 1208 1905 1248 man-

325 1277 672 1345 su‘etudinem
713 1283 1036 1358 provocavit
1077 1282 1308 1339 dicens:
1357 1300 1377 1334 ι
1416 1280 1652 1339 Nescitis
1676 1323 1692 1349 ,
1743 1282 1903 1353 cujus

325 1378 551 1450 spiritus
577 1378 732 1433 estis.
764 1375 937 1432 Filius
969 1375 1210 1431 bominis
1235 1388 1343 1429 non
1373 1373 1521 1429 venit
1548 1373 1759 1428 animas
1779 1388 1904 1443 per·

324 1470 454 1526 dere
494 1467 588 1524 sed
637 1468 852 1523 salvare
881 1464 1067 1534 (ibim,
1115 1464 1188 1521 55
1229 1474 1283 1520 et
1311 1463 1425 1536 56).
1462 1482 1481 1516 ι
1529 1462 1663 1520 Item
1705 1462 1901 1522 Petrus

323 1561 604 1631 apostolus
632 1559 813 1616 adhuc
837 1558 1235 1614 immansuetus
1260 1557 1368 1613 ait:
1391 1575 1411 1609 ι
1438 1556 1688 1626 Domine,
1707 1556 1756 1612 si
1777 1573 1903 1628 per-

2006 365 2141 436 5t):
2177 382 2196 417 ι
2252 374 2309 421 ει
2357 363 2465 427 bis,
2508 363 2606 435 qui
2636 378 2666 418 a
2703 362 2945 420 sinistris
2992 373 3155 420 erunt
3192 380 3289 434 per
3336 367 3588 424 veritatis

2003 453 2317 525 aequitatem
2345 453 2555 510 dicetur
2581 471 2597 509 z
2631 470 2654 507 t
2684 451 2782 521 lte,
2814 452 3109 522 ntaledicti,
3139 454 3194 510 in
3217 456 3397 526 ignem
3418 465 3589 514 zeter·

2005 561 2136 601 num
2160 545 2338 616 (ibim,
2366 545 2485 616 dl).
2523 565 2543 598 ι
2692 620 2697 625 1

2071 636 2244 692 Aliter
2276 655 2289 691 ε
2325 636 2509 691 Dulcis
2537 646 2587 692 et
2616 647 2788 692 rectus
2810 636 3069 693 Dominus
3092 654 3113 692 .·
3141 649 3354 710 propter
3379 639 3476 694 hoc
3499 638 3585 695 le·

2002 743 2117 799 gem
2155 728 2306 782 dabit
2333 726 2593 783 Dominus
2634 728 3051 801 delinquentibus
3093 730 3150 784 in
3192 731 3298 785 via.
3353 730 3588 803 Propter

2003 818 2120 885 hoc,
2147 817 2204 874 id
2231 826 2337 884 est,
2368 819 2668 875 secundum
2691 820 2816 888 hoc,
2838 821 2982 891 quod
3005 819 3177 875 dulcis
3206 830 3256 875 et
3283 830 3454 877 rectus
3474 830 3589 896 est,

2004 908 2261 966 Dominus
2301 911 2466 982 legem
2494 911 2665 980 dabit,
2718 912 2771 967 id
2800 921 2902 979 est,
2948 912 3120 985 legem
3164 913 3350 969 datam
3381 915 3590 973 distin-

2011 1010 2157 1072 guet.
2192 999 2403 1057 Etenim
2445 1003 2501 1058 in
2533 1003 2621 1059 via
2662 1004 2992 1075 egressionis
3032 1021 3101 1063 ex
3121 1005 3355 1078 AEgypto
3376 1009 3587 1079 populo

2003 1096 2340 1167 delinquenti
2379 1106 2638 1167 tanquam
2684 1097 2855 1152 dulcis
2910 1097 3166 1154 Dominus
3230 1101 3388 1157 valde
3431 1103 3582 1158 bona

2002 1196 2271 1259 praecepta
2292 1188 2346 1243 in
2369 1188 2570 1245 tabulis
2599 1187 2768 1260 digito
2799 1202 2902 1244 suo
2927 1190 3127 1261 scripta
3155 1190 3326 1257 dedit,
3361 1191 3417 1247 in
3446 1192 3581 1262 qni-

2002 1283 2106 1339 bus
2135 1282 2271 1339 nihil
2299 1282 2447 1338 aliud
2476 1299 2508 1339 a
2529 1298 2660 1339 vero
2691 1281 2936 1340 Israelita
2965 1283 3156 1356 exigit,
3177 1285 3282 1340 nisi
3305 1294 3363 1341 ut
3391 1285 3584 1341 timeat

2001 1375 2086 1429 vel
2113 1374 2306 1446 diligat
2360 1373 2555 1443 Deum,
2586 1382 2641 1431 et
2673 1376 2917 1431 ambulet
2968 1375 3022 1430 in
3055 1375 3160 1431 viis
3186 1377 3327 1447 ejus,
3382 1379 3453 1432 At
3484 1378 3582 1432 ubi

2003 1467 2146 1523 idem
2173 1466 2340 1523 lsrael
2369 1467 2426 1522 in
2455 1476 2609 1523 reatu
2631 1467 2784 1523 vituli
2805 1468 3056 1539 deliquit,
3083 1467 3234 1523 dedit
3249 1466 3352 1535 eis,
3378 1477 3440 1523 ut
3459 1468 3583 1539 ipse

2001 1576 2099 1633 per
2155 1560 2472 1631 prophetam
2538 1561 2777 1631 loquitur
2796 1602 2811 1628 ,
2869 1579 2889 1614 t
2946 1567 3214 1631 praecepta
3266 1575 3375 1615 non
3433 1559 3584 1615 bona

323 1655 631 1711 cutimus'in
655 1653 867 1725 gladio?
894 1672 914 1707 ι
941 1652 1097 1724 (Luc.
1126 1667 1265 1722 xxu,
1285 1652 1400 1724 49.)
1419 1650 1606 1724 Neque
1629 1653 1734 1709 boc
1758 1653 1905 1710 dice-
1932 1626 1976 1683 B
2005 1652 2222 1722 (Ezecn.
2258 1668 2351 1715 xx,
2383 1651 2477 1722 25)
2501 1669 2520 1704 ι
2556 1652 2625 1708 de
2658 1650 2767 1707 ritu
2799 1651 3256 1707 ceremoniarum.
3290 1650 3359 1707 Et
3388 1666 3586 1708 secun-

327 1762 383 1798 re
411 1758 700 1798 autumnus
720 1743 1026 1814 evaginavit
1051 1743 1317 1815 gladium,
1344 1753 1398 1800 et
1427 1743 1730 1814 amputavit
1754 1746 1904 1801 auri-

323 1842 499 1894 culum
535 1842 676 1894 survi
728 1836 989 1906 principis
1011 1837 1378 1893 sacerdotum.
1414 1835 1601 1892 Dulcis
1634 1846 1817 1893 aul-em
1847 1848 1904 1895 et

323 1942 495 1982 rossus
543 1930 800 1982 [fominus
840 1946 900 1982 ut
940 1927 1100 1984 insita
1132 1928 1237 1984 sibi
1260 1927 1551 1985 dulcedine
1576 1929 1792 1985 sanavit
1816 1929 1903 1998 in-

323 2022 527 2074 furtum
563 2022 776 2082 vulnus,
808 2030 856 2070 et
880 2038 944 2074 ux
967 2018 1133 2075 insita
1163 2018 1266 2078 sibi
1296 2019 1626 2077 rectitudine
1651 2020 1801 2078 dedit
1823 2022 1903 2078 le-

327 2126 443 2182 gum
479 2110 640 2164 Petri}
668 2110 1005 2178 delinquenti
1028 2113 1087 2167 in
1118 2112 1204 2166 vt‘a
1232 2111 1314 2168 sic
1338 2111 1564 2169 dicens:
1589 2130 1609 2166 t
1634 2111 1901 2171 Converte

327 2202 563 2271 gladium
599 2210 752 2255 inum
808 2202 856 2255 in
912 2206 1089 2259 lucum
1122 2218 1306 2260 suum.
1358 2200 1551 2260 Omnis
1600 2204 1769 2272 enim,
1802 2205 1899 2277 qui

323 2295 591 2359 arronei-ir.
623 2291 882 2363 gladium,
904 2292 1080 2363 gladio
1105 2291 1539 2366 peribit(Hattlt.
1558 2308 1707 2360 xxvt,
1732 2293 1846 2366 52).
1871 2312 1893 2347 ι

327 2383 479 2439 Unde.
503 2387 648 2439 uului
680 2387 880 2439 *unnim
916 2385 1086 2440 zelum
1103 2382 1250 2440 Petri
1277 2385 1497 2441 habenti
1518 2385 1733 2457 expedit
1757 2385 1899 2443 hanc

323 2479 483 2547 tuffam
515 2479 567 2527 in
595 2481 672 2531 uin
708 2479 824 2534 {idei
852 2491 1055 2547 uenere,
1079 2489 1142 2535 ut
1165 2485 1451 2535 convertat
1476 2479 1713 2553 gladium
1734 2495 1896 2539 suum

327 2567 379 2619 iu
415 2567 591 2623 lucum
623 2587 804 2623 suum.
836 2571 888 2623 55
940 2569 1082 2626 euim
1108 2569 1405 2650 spiritalem
1442 2570 1682 2642 gladium
1709 2571 1896 2639 habet,

323 2659 511 2727 mique
535 2663 696 2715 {ir-simi
732 2663 876 2715 illum
916 2670 1233 2718 convertere
1253 2662 1310 2717 in
1336 2662 1516 2719 locum
1540 2678 1725 2732 suum,
1755 2663 1898 2720 vide-

322 2748 449 2807 licet
477 2767 579 2808 suo
624 2752 747 2810 loeo
782 2753 935 2810 illum
986 2754 1373 2827 invaginando,
1422 2772 1524 2813 suo
1561 2756 1685 2812 loco
1729 2755 1894 2812 etiam

322 2844 664 2916 evaginando
710 2844 1010 2902 secundum
1059 2862 1349 2903 causarum
1399 2847 1717 2919 qualitatem
1748 2863 1895 2904 nune

2002 1744 2133 1800 dum
2156 1744 2262 1801 hoc
2289 1751 2459 1799 rectus
2484 1741 2765 1810 Dominus,
2781 1743 2876 1815 qui
2897 1758 2996 1814 per
3019 1743 3150 1798 talia
3172 1743 3585 1800 exercitationis

2002 1842 2267 1904 praecepta
2311 1832 2572 1904 populum
2602 1831 3327 1912 eumdem-mansuefaciens
3354 1832 3582 1901 direxit,

2002 1922 2200 1979 deinde
2227 1931 2542 1980 mansuetos
2568 1925 2626 1979 in
2649 1924 2880 1993 iudicio,
2910 1923 3171 1979 nimirum
3200 1923 3580 1995 punitionum,

2001 2014 2184 2085 qualia
2211 2022 2343 2072 sunt
2365 2014 2511 2072 haec‘:
2536 2016 2631 2086 qui
2664 2016 2767 2072 hoc
2786 2015 2871 2072 vel
2901 2015 3008 2072 boc
3032 2013 3242 2085 fecerit,
3267 2015 3579 2086 occidatur,

2000 2104 2287 2176 lapidetur,
2317 2117 2414 2163 aut
2437 2105 2815 2175 comburatur,
2850 2116 2904 2164 et
2933 2123 3034 2180 per
3057 2108 3173 2164 haec
3197 2109 3383 2165 omnia
3412 2109 3583 2169 nites

1999 2198 2219 2254 effectos
2249 2197 2437 2253 docuit
2463 2198 2806 2269 disciplinate
2831 2200 2951 2255 vias
2981 2215 3112 2256 suas
3137 2200 3346 2270 ingredi
3375 2201 3445 2257 ad
3466 2212 3582 2257 ter·

2000 2305 2119 2346 ram
2154 2289 2560 2361 promissionis.
2593 2289 2688 2347 Sic
2735 2306 2866 2348 vero
2893 2300 2948 2347 et
3004 2290 3062 2346 in
3091 2291 3250 2347 nobis
3292 2292 3578 2348 estiman-

1999 2382 2129 2439 dum
2158 2391 2261 2451 est,
2293 2397 2434 2454 quos
2461 2383 2654 2440 eodem
2683 2399 2822 2455 pene
2865 2383 3281 2440 introductionis
3311 2385 3475 2440 modo
3505 2385 3577 2441 ad

1998 2489 2183 2530 veram
2213 2472 2595 2545 promissionis
2622 2482 2826 2530 terram
2853 2473 3070 2531 viarum
3113 2490 3337 2532 suarum
3364 2475 3578 2532 dociles

1998 2566 2276 2637 perducet.
2314 2565 2497 2621 Dulcis
2527 2565 2696 2639 igitur
2722 2576 2774 2621 et
2794 2575 2968 2622 rectus
2996 2566 3162 2622 etiam
3193 2566 3253 2622 in
3278 2567 3438 2624 nobis
3461 2567 3578 2623 Do-

1997 2657 2193 2712 minus.
2229 2655 2459 2727 Propter
2486 2657 2594 2712 boc
2621 2657 2767 2713 enim
2791 2665 2847 2713 et
2871 2657 3031 2713 nobis
3057 2657 3210 2713 dabit
3244 2657 3407 2729 teqem
3435 2658 3573 2716 cba-

1998 2743 2176 2801 ritatis
2205 2745 2628 2818 delinquentibus
2652 2746 2708 2801 in
2728 2748 2815 2802 via
2840 2747 3093 2818 justitiae,
3121 2755 3182 2804 ut
3213 2766 3233 2802 t
3269 2748 3510 2804 charitas
3547 2768 3567 2801 ι

1997 2837 2052 2892 in
2084 2837 2241 2893 nobis
2275 2856 2296 2891 t
2317 2839 2525 2909 operiat
2544 2838 2949 2896 multitudinem
2981 2850 3399 2911 peccatorum)
3431 2857 3574 2912 quos

320 2936 534 2993 tacendi
568 2952 716 2994 nune
748 2937 1003 3010 loquendi
1038 2947 1251 3009 tempus
1277 2940 1670 2995 admittentem.
1713 2937 1845 2995 ltem
1876 2957 1889 2994 :
1921 2962 1964 3022 C
1996 2935 2051 2982 0²
2085 2946 2104 2981 ⁸
2137 2926 2336 3000 diriget
2358 2938 2677 2985 mansuetos
2700 2927 2753 3002 (Ι
2774 2927 2922 2985 Petr.
2953 2946 3029 2999 lv.
3051 2929 3129 3003 8).
3159 2948 3178 2983 t
3213 2946 3279 2987 tc
3309 2945 3574 2987 mansue-

327 3030 371 3082 si.
423 3030 515 3082 [tri
571 3030 816 3098 minister
856 3042 940 3082 cst
988 3029 1221 3103 gladium
1265 3040 1492 3102 portans
1536 3032 1891 3102 materialem,

323 3130 639 3174 rnraifertere
672 3122 820 3174 illum
856 3122 1013 3176 dohet
1039 3122 1092 3177 iu
1122 3123 1301 3178 locum
1331 3139 1513 3190 suum,
1540 3124 1791 3180 videlicet
1826 3125 1895 3180 ad

327 3210 615 3266 vintliirtam
643 3214 1078 3278 maluit-maurum,
1110 3212 1325 3269 laudem
1357 3229 1486 3270 vero
1507 3215 1795 3285 bonorum,
1823 3216 1895 3272 il-

327 3302 407 3354 lus
443 3302 804 3370 reprimendo,
846 3306 980 3358 isius
1003 3303 1364 3359 defendendo.

399 3390 623 3447 Sunium
660 3394 820 3463 igitur
844 3394 1053 3450 cautela
1083 3403 1168 3451 est
1193 3394 1519 3461 adhibenda,
1562 3411 1632 3452 ne
1673 3405 1897 3468 propter

327 3483 463 3535 lianc
495 3483 664 3551 legem
692 3487 770 3539 vel
800 3485 1085 3555 spiritalis,
1122 3485 1208 3542 vel
1238 3486 1535 3542 materialis
1563 3488 1776 3559 gladius
1803 3504 1896 3545 ac-

323 3575 575 3643 cipiatur,
603 3579 651 3631 iu
680 3589 780 3643 cst,
812 3583 1067 3647 rapiatur.
1099 3580 1343 3651 Accipere
1368 3593 1603 3650 namque
1624 3581 1895 3637 interdum

323 3667 543 3735 Ῑπιιιιιιιι·
571 3683 668 3735 pru
696 3683 904 3737 rapere.
944 3667 1091 3725 [lude
1113 3670 1376 3740 quasdam
1409 3683 1537 3725 aves
1566 3685 1791 3739 rapaces
1810 3669 1895 3726 di-

327 3759 499 3807 cimus
551 3759 860 3831 accipit-rus,
912 3771 964 3811 ut
988 3756 1281 3828 Apostolus
1309 3760 1375 3815 ad
1412 3758 1726 3817 Corinthios
1771 3760 1892 3816 ait:

330 3865 350 3898 e
388 3843 686 3904 Sustinetis
714 3848 883 3917 enim,
930 3848 978 3905 si
1024 3850 1151 3920 quis
1180 3850 1426 3918 devorat,
1472 3850 1519 3906 si
1546 3851 1671 3921 quis
1698 3830 1896 3922 accipit

324 3932 381 4008 (Ι
417 3934 540 3992 Cor.
576 3954 651 4006 xi,
674 3938 791 4008 20),
826 3958 846 3993 ι
878 3939 933 3997 id
951 3949 1055 4009 est,
1083 3940 1244 4011 rapit.
1274 3939 1414 3996 Sunt
1436 3941 1617 4012 itaque
1649 3951 1895 4013 raptores

323 4031 654 4105 gladiorum,
689 4034 785 4105 qui
830 4044 1019 4092 contra
1060 4036 1332 4105 ,iustitiam
1373 4046 1428 4092 et
1463 4040 1895 4095 misericordiam

323 4120 411 4176 vel
453 4123 755 4193 spiritalem
803 4124 888 4180 vel
934 4127 1272 4182 mundanum
1324 4139 1579 4184 exercent
1625 4129 1895 4201 judicium

325 4215 645 4272 innocentes
675 4217 1035 4287 opprimendo
1069 4227 1122 4273 ct
1178 4218 1376 4274 noxios
1418 4218 1764 4276 dimittendo.
1817 4221 1895 4276 lbi

1997 3022 2174 3081 factos
2202 3037 2298 3095 per
2330 3029 2673 3078 sacramenta
2725 3024 3200 3090 exercitationum,
3228 3023 3445 3094 diriqet,
3484 3025 3595 3079 in·.

1995 3131 2183 3189 quam,
2208 3114 2484 3186 injudicio
2502 3113 2996 3172 ecclesiasticarum
3019 3114 3389 3186 punitionum,
3411 3114 3577 3186 quale

1995 3217 2080 3265 est
2106 3206 2238 3262 illud
2266 3206 2513 3276 Apostoli
2546 3222 2559 3258 :
2600 3224 2620 3260 e
2657 3204 2800 3273 Quid
2851 3205 3050 3261 vultis?
3090 3205 3145 3261 in
3174 3206 3326 3277 virga
3353 3206 3574 3263 veniam

1996 3300 2063 3356 ad
2096 3316 2216 3365 vos,
2248 3314 2320 3354 an
2349 3299 2406 3354 in
2454 3298 2743 3368 charitate,
2784 3313 2851 3355 ac
2888 3298 3084 3369 spiritu
3136 3298 3576 3356 mansuetudinis

1999 3392 2054 3465 (1
2081 3392 2206 3448 Gor.
2241 3409 2316 3460 tv,
2347 3391 2482 3464 20!
2520 3410 2542 3445 ι
2576 3391 2766 3462 sicque
2788 3390 2970 3458 mites,
3002 3390 3211 3447 dociles
3233 3389 3460 3458 scilicet,
3503 3404 3575 3447 ae

1994 3483 2282 3540 benivolos
2315 3481 2537 3539 effectos
2565 3481 2784 3539 docebit
2808 3481 2927 3537 vias
2959 3497 3110 3537 suas.
3148 3480 3364 3536 Etenim

2071 3574 2233 3631 Vens.
2283 3573 2370 3629 10.
2407 3572 2674 3629 Universoe
2725 3573 2826 3629 vioe
2873 3571 3090 3627 Domini
3126 3568 3493 3626 misericordia
3519 3578 3570 3625 et

1996 3668 2212 3721 veritas.
2242 3664 2474 3722 Infinitae
2525 3665 2749 3737 quidem
2779 3673 2909 3721 sunt
2946 3675 3004 3721 et
3038 3664 3442 3737 investigabiles
3469 3665 3573 3721 via

1991 3755 2329 3828 judiciorum
2388 3756 2508 3827 ejus
2541 3756 3222 3828 incomprehensibilium,
3270 3756 3366 3812 sed
3393 3755 3452 3811 in
3483 3756 3574 3813 his

1996 3848 2211 3905 duobus
2233 3846 2610 3916 includuntur,
2635 3846 3002 3903 misericordia
3032 3847 3239 3903 scilicet
3259 3856 3310 3902 et
3327 3846 3567 3901 veritate.

1999 3941 2373 3997 Misericordia
2415 3950 2522 4009 est,
2552 3956 2662 4011 qua
2689 3940 2974 4012 placabilis
3017 3938 3073 3994 in
3123 3939 3303 4010 primo
3333 3940 3569 3995 adventu

1997 4046 2106 4087 non
2136 4030 2256 4085 sine
2277 4028 2493 4100 justitia
2521 4038 2745 4101 peccata
2772 4029 3018 4091 dimittit.
3076 4028 3281 4084 Veritas
3312 4036 3420 4098 est,
3455 4043 3568 4100 qua

1994 4120 2330 4190 incorruptis
2354 4119 2522 4191 judex
2550 4120 2607 4174 in
2640 4116 2827 4174 futuro
2856 4119 3093 4176 adventu
3119 4133 3231 4176 non
3252 4119 3374 4176 sine
3399 4118 3571 4175 mise-

1995 4212 2235 4269 ricordia
2260 4212 2476 4281 judicat
2498 4210 2714 4266 merita.
2770 4210 2945 4268 Tenet
2995 4222 3179 4268 autem
3232 4214 3353 4267 vias
3401 4211 3568 4281 istas,

326 4309 526 4378 quippe
559 4309 798 4380 gladium
835 4310 1147 4381 evaginant,
1175 4310 1264 4365 ubi
1289 4321 1440 4367 esset
1475 4312 1905 4385 invaginandus,¹
1925 4298 1974 4359 D
1998 4313 2265 4375 cauteque
2316 4302 2522 4359 lnce-dil·
2550 4318 2646 4372 1³0¹·
2671 4316 2790 4372 0³⁵·
2821 4303 2915 4374 (lul
2946 4302 3138 4359 *fidens
3166 4317 3225 4359 ὅθ
3264 4301 3428 4357 ”⁰¹¹5ss
3451 4304 3574 4361 δώ

325 4405 383 4452 ει
411 4397 747 4469 invaginant,
778 4399 872 4454 ubi
893 4408 1038 4456 esset
1057 4401 1445 4472 evaginandus.
1469 4402 1535 4459 Et
1559 4404 1695 4460 tales
1707 4405 1902 4475 procul

326 4487 495 4544 dubio
525 4489 629 4543 nisi
659 4490 821 4562 leqem
852 4491 1123 4563 accipiant
1159 4493 1216 4547 in
1242 4493 1347 4561 via,
1385 4494 1490 4551 nisi
1513 4495 1814 4565 poeniteant
1843 4498 1898 4553 iu

328 4579 437 4634 hac
478 4583 735 4652 praesenti
764 4582 899 4650 vita,
931 4584 1112 4657 gladio
1149 4585 1433 4641 sententiae
1453 4585 1731 4656 judicialis
1757 4585 1903 4657 peri·

329 4670 465 4726 bunt
509 4673 566 4729 in
618 4674 707 4730 die
755 4675 871 4740 illa,
905 4678 1124 4748 quando
1168 4692 1293 4734 cum
1332 4676 1562 4733 Domino
1590 4677 1695 4733 soli
1724 4678 1900 4733 sancti

328 4765 744 4838 eruutjudiceS,
804 4787 824 4821 t
850 4778 907 4825 et
947 4769 1110 4840 gladii
1134 4770 1399 4841 ancipites
1442 4770 1499 4825 in
1528 4769 1781 4826 manibus
1808 4784 1904 4826 eo-

329 4874 452 4914 rum
488 4860 556 4916 ad
608 4859 912 4917 faciendam
941 4863 1239 4919 vindictam
1281 4863 1335 4918 in
1376 4862 1691 4920 nationibus
1724 4860 1899 4934 (Psoi.

329 4967 514 5018 cxmx,
542 4951 575 5007 6
602 4960 657 5008 ει
682 4952 757 5026 7),
790 4973 810 5007 ι
844 4964 898 5009 ει
923 4954 1135 5027 gladius
1166 4964 1394 5026 utraque
1432 4964 1585 5026 parte
1611 4963 1807 5011 acutus
1836 4954 1903 5010 de

331 5059 428 5100 ore
462 5044 668 5099 Christi
712 5054 842 5101 tunc
884 5046 939 5100 in
971 5046 1170 5102 throno
1194 5046 1430 5102 sedentis
1448 5046 1724 5116 procedet.
1748 5043 1903 5100 Nunc

332 5134 388 5190 in
417 5136 791 5193 emendatorio
829 5135 1039 5208 judicio
1078 5136 1594 5209 dirigetmausuetos
1617 5137 1672 5190 in
1718 5137 1825 5203 via,
1848 5135 1904 5192 id

333 5239 437 5297 est,
473 5231 526 5284 in
570 5229 821 5301 praesenti
857 5230 999 5285 vita:
1033 5238 1164 5288 tunc
1197 5230 1251 5285 in
1276 5238 1521 5286 extremo
1564 5227 1773 5300 judicio
1796 5226 1904 5282 im·-

333 5322 627 5387 mansueti,
653 5320 748 5392 qui
772 5320 1010 5392 gladium
1037 5321 1155 5376 sine
1177 5320 1565 5378 misericor-dite
1581 5316 1906 5375 severitatis

329 5409 538 5481 judicio
559 5422 905 5483 acceperunt,
941 5414 1121 5486 gladio
1144 5413 1396 5483 peribunt
1425 5408 1823 5475 misericordia,
1852 5416 1909 5463 et

338 5506 564 5561 veritate
606 5506 872 5577 judicium
902 5507 1062 5563 finale
1085 5506 1346 5574 dictante,
1378 5504 1598 5576 quando
1623 5502 1729 5569 bis,
1755 5500 1846 5571 qui
1874 5513 1907 5555 a

341 5594 544 5653 dextris
573 5606 736 5655 erunt
761 5614 860 5669 per
888 5599 1318 5657 misericordiam
1367 5598 1614 5655 dicetur:
1648 5613 1667 5648 ι
1693 5591 1904 5655 Venite,

2000 4397 2231 4466 meritiS,
2262 4396 2356 4453 sed
2376 4412 2474 4467 per
2501 4397 2674 4451 solam
2708 4394 3137 4452 misericordiam
3161 4396 3447 4452 liberatum
3474 4394 3574 4451 de-

1999 4488 2152 4561 ponit
2177 4488 2513 4559 superbiam,
2536 4486 2732 4543 deinde
2754 4496 2808 4543 et
2837 4487 3178 4542 severitatem
3215 4486 3487 4552 veritatis,
3514 4493 3574 4540 et

1999 4582 2138 4637 iram
2175 4580 2387 4635 veracis
2411 4579 2616 4651 judicis
2645 4587 2819 4636 cavet.
2854 4578 2948 4635 liae
2987 4578 3107 4646 viae,
3136 4586 3193 4633 et
3220 4578 3266 4634 si
3294 4587 3437 4633 nota!
3456 4592 3572 4632 non

2000 4672 2114 4728 sint
2138 4671 2282 4737 aliis,
2312 4670 2511 4740 quibus
2542 4671 2815 4726 interdum
2846 4669 3059 4725 videtur
3080 4669 3165 4725 vel
3199 4667 3574 4723 misericordia

2001 4778 2188 4821 carere
2215 4762 2461 4828 veritate,
2489 4761 2575 4817 vel
2602 4761 2808 4818 veritas
2845 4776 2966 4818 esse
3012 4761 3218 4834 absque
3253 4760 3574 4818 misericor-

2001 4856 2090 4913 dia
2115 4874 2129 4911 :
2171 4864 2354 4911 tamen
2383 4855 2530 4926 quod
2571 4856 2829 4910 universes
2855 4855 2953 4909 vioe
2980 4853 3192 4908 Domini
3225 4852 3338 4909 sint
3362 4852 3573 4907 miseri·

2001 4949 2185 5004 cordia
2211 4959 2259 5004 et
2284 4950 2496 5015 veritas,
2526 4954 2694 5019 patet.

2071 5041 2470 5114 Requirentibus
2496 5051 2863 5098 testamentum
2889 5043 3024 5113 ejus,
3044 5051 3096 5096 et
3123 5042 3421 5097 testimonia
3435 5042 3573 5111 ejus.

2007 5132 2396 5190 Testamentum
2419 5134 2537 5205 ejus
2566 5133 2919 5206 Evangelium
2939 5135 3008 5192 de
3028 5134 3236 5190 coelesti
3261 5132 3576 5190 baereditate

2006 5227 2374 5298 conscriptum
2402 5234 2458 5281 et
2485 5225 2764 5281 firmatum
2795 5225 2902 5293 bis,
2924 5226 3020 5297 qui
3049 5235 3178 5282 sunt
3196 5240 3295 5297 per
3326 5224 3576 5294 adoptio·-

2005 5333 2130 5374 nem
2155 5318 2343 5389 gratiae
2371 5318 2561 5374 matris
2584 5317 2827 5374 baeredes
2852 5319 3074 5388 quidem
3120 5317 3236 5383 Dei,
3259 5316 3574 5373 cobaeredes

2008 5418 2193 5465 autem
2222 5408 2441 5465 Christi.
2474 5407 2589 5465 Hoc
2611 5418 2984 5464 testamentum
3010 5409 3275 5481 sanguine
3300 5422 3366 5463 ae
3397 5416 3575 5462 morte

2006 5500 2283 5557 testatoris
2309 5499 2711 5569 confirmatum,
2733 5502 2961 5557 veritate
2994 5516 3059 5557 ac
3086 5498 3461 5557 misericordia
3490 5507 3575 5553 est

2009 5590 2252 5663 plenum,
2275 5591 2530 5661 quoniam
2558 5591 2810 5670 cbristus
2837 5591 2998 5651 «lesus
3024 5608 3183 5652 verus
3210 5592 3376 5661 Deus,
3409 5606 3576 5661 verua
