3817 6000
322 195 427 283 ‚ts
1278 187 1584 247 canuam
1623 185 1780 245 CAN.
1821 178 1981 245 nuo.
2020 171 2107 244 ss
2129 176 2711 260 t’tctouts;1³ants‘.
3551 184 3625 244 u,

353 315 530 370 larum
552 309 693 377 coeli,
711 318 764 365 et
789 309 937 364 misit
956 322 1046 362 eas
1080 307 1137 362 in
1181 312 1323 359 terra
1355 303 1542 376 (Apoc.
1573 317 1674 372 xn,
1697 303 1775 374 4).
1805 302 1932 358 Coe·
1963 314 2003 364 Α
2032 315 2155 357 esse
2184 297 2497 358 Luciferum
2525 299 2764 356 simulet
2791 312 3077 369 vesperum
3100 295 3256 365 vidit,
3278 312 3376 368 per
3393 300 3540 370 qnod
3567 316 3619 356 e:

351 409 466 463 lum
488 405 688 476 quippe
708 414 792 458 ast
824 402 1085 466 Ecclesia„
1109 414 1233 470 qua:
1265 398 1317 450 ὶιι
1345 398 1444 453 bac
1465 405 1624 453 nocte
1641 394 1766 452 vitae
1793 409 1932 465 prae-

351 496 547 563 sentis,
591 495 724 551 dum
780 494 832 546 in
884 510 940 546 sc
998 494 1313 546 intumueras
1361 496 1672 545 sanctorum
1699 486 1933 542 virtutes

350 588 613 655 continet,
648 602 788 655 quas
820 586 1157 639 radiantibus
1181 582 1413 651 *iusuper
1440 578 1713 635 sideribus
1739 575 1929 647 fulget.

353 684 463 742 Sed
489 683 744 739 draconis
772 679 940 735 cauda
996 679 1049 735 in
1101 691 1297 731 terram
1345 672 1527 731 stellas
1553 670 1759 744 dejicit,
1801 670 1931 742 quia

353 774 572 830 Satanae
591 771 932 839 extremitas,
988 783 1085 839 per
1133 767 1416 819 aululariam
1452 759 1720 832 assumpti
1751 758 1933 816 bomi-

351 864 439 922 nis
469 872 672 931 erecta,
701 858 993 933 quosdam,
1027 872 1168 930 quos
1192 856 1342 914 velut
1367 855 1571 912 electos
1600 851 1698 909 Dei
1725 850 1780 906 in
1824 849 1933 906 Ec-

357 953 524 1012 clesia
553 953 781 1021 invenit,
804 948 1103 1008 obtinendo
1144 947 1406 1020 reprobos
1449 944 1706 1002 ostendit.
1736 941 1934 999 Stellas

351 1046 538 1119 itaque
557 1045 626 1102 de
647 1044 788 1101 coelo
835 1043 892 1098 iu
924 1041 1126 1099 terram
1179 1041 1375 1097 cadere
1421 1046 1526 1106 est,
1575 1035 1764 1094 relicta
1791 1049 1935 1091 non-

353 1137 541 1194 nullos
563 1150 661 1208 spe
709 1134 1039 1201 coelestium‚
1068 1131 1163 1189 illo
1193 1131 1332 1187 duce
1355 1129 1423 1186 ad
1450 1127 1714 1184 ambitum
1747 1125 1935 1198 gloriae

353 1233 636 1292 saeeularis
666 1232 900 1289 inhiare.
932 1228 1073 1286 Hinc
1105 1225 1294 1283 Daniel
1337 1225 1442 1282 sub
1472 1222 1730 1280 Antiochi
1753 1222 1935 1294 specie

351 1327 421 1385 de
443 1327 548 1383 bac
564 1325 820 1383 draconis
843 1322 1018 1380 cauda
1043 1319 1290 1393 loquitur
1316 1319 1504 1374 dicens
1539 1335 1552 1372 z
1611 1314 1814 1386 Deiecit
1867 1316 1934 1369 de

312 1475 318 1484 ,
353 1418 689 1491 fortitudine,
742 1415 882 1472 etde
910 1413 1102 1482 stellis,
1155 1421 1205 1467 et
1247 1410 1571 1465 conculcavit
1616 1425 1706 1464 eas
1763 1406 1928 1478 (Dan.

349 1525 471 1578 vni,
496 1508 607 1579 to).
633 1507 711 1566 De
748 1506 1068 1564 fortitudine
1095 1504 1297 1576 quippe
1322 1512 1377 1558 ct
1417 1503 1484 1557 de
1527 1501 1695 1557 stellis
1723 1499 1929 1570 dejicit,

351 1615 477 1658 cum
502 1599 817 1667 nonnullos,
852 1606 909 1655 et
949 1597 1152 1653 virtute
1191 1595 1372 1666 operis
1419 1594 1695 1661 robustoS,
1719 1603 1775 1648 et
1811 1592 1933 1647 luce

345 1694 574 1767 iustitiae
599 1691 1006 1765 resplendentes
1026 1688 1246 1762 frangit.

872 1824 982 1897 29
1014 1821 1246 1880 CAPUT
1286 1820 1422 1878 vm.

951 1954 1021 1996 DE
1059 1916 1336 1994 boetrum.

349 2056 423 2113 ltt
445 2053 724 2130 Scriptura
750 2070 907 2111 sacra
952 2050 1193 2122 Luciferi
1242 2047 1473 2112 nomine,
1503 2044 1799 2128 aliquando
1818 2045 1940 2128 uui·

421 2130 628 2209 qenitue
657 2127 776 2194 Dei,
804 2125 883 2180 vel
913 2139 1084 2179 sermo
1103 2121 1333 2188 divinus,
1357 2118 1645 2191 aliquando
1660 2127 1798 2188 Justt
1828 2125 1939 2171 utta

420 2199 762 2271 tutelliqitur.

425 2333 544 2406 (u)
583 2329 823 2388 Luciferi
852 2328 1078 2386 nomine
1117 2325 1442 2399 Unigenitus
1470 2322 1569 2380 Dei
1592 2320 1934 2394 designatur,

350 2425 501 2485 sicut
542 2423 737 2480 beatus
776 2419 881 2477 Job
910 2421 980 2477 de
1033 2417 1207 2490 ipsius
1254 2415 1634 2473 incarnatione
1681 2411 1934 2483 requirit,

353 2515 542 2573 dicens
587 2532 601 2570 :
661 2510 920 2583 Nunqut'd
971 2509 1226 2581 produces
1275 2506 1583 2577 Luciferum
1628 2505 1938 2573 intempore

345 2623 472 2674 auo,
501 2615 554 2662 et
576 2619 846 2676 vesperum
864 2617 1021 2672 super
1049 2600 1190 2670 filios
1213 2609 1369 2654 εει-τω
1403 2611 1712 2668 consurgere
1738 2594 1940 2666 facies?

352 2697 481 2770 (Iob
511 2711 747 2764 xxxvttt,
769 2695 885 2768 52.)
914 2692 1058 2761 Quid
1083 2692 1228 2749 enim
1245 2689 1555 2748 Luciferum
1583 2687 1936 2760 intelligimus

353 2789 464 2847 nisi
491 2787 844 2861 Unigenitum
881 2785 978 2843 Dei
1003 2786 1029 2842 ⁰!
1056 2783 1219 2841 Pater
1239 2784 1439 2856 quippe
1467 2782 1525 2838 in
1565 2797 1667 2838 suo
1697 2791 1938 2851 tempore

315 2942 322 2951 ,
350 2879 671 2938 Luciferum
691 2877 973 2951 produxit,
999 2877 1131 2948 quia
1170 2874 1316 2932 sicut
1342 2873 1609 2943 scriptum
1636 2879 1724 2928 est
1749 2890 1763 2927 :
1801 2871 1938 2926 Cum

353 2973 495 3029 uenit
546 2971 818 3043 plenitudo
860 2970 1129 3042 temporis,
1178 2968 1324 3023 misit
1349 2965 1487 3022 Deus
1542 2963 1748 3019 Filium
1780 2978 1935 3018 suum

346 3073 543 3120 etatum
569 3078 636 3120 ea:
663 3064 903 3130 muliere,
936 3061 1143 3132 sactum
1168 3058 1265 3116 sub
1290 3058 1423 3130 leqe,
1472 3065 1532 3111 ut
1579 3073 1667 3112 eos
1711 3057 1802 3127 qui
1837 3056 1935 3110 sub

355 3154 467 3227 leqe
490 3161 643 3210 eraut
698 3153 980 3208 redimeret
1020 3148 1168 3224 (Gal.
1195 3164 1270 3211 tv.
1294 3149 1374 3219 t).
1408 3146 1512 3215 Qui
1546 3156 1708 3204 natus
1729 3162 1795 3202 ex
1816 3145 1938 3201 Vir-

349 3245 482 3317 gine
525 3246 677 3302 velut
720 3242 965 3311 Lucifer,
1015 3242 1161 3299 inter
1207 3240 1464 3297 tenebras
1510 3248 1712 3297 nostrae
1760 3239 1938 3295 noctis

347 3338 643 3412 apparuit,
670 3338 822 3409 quia,
877 3336 1072 3409 fugata
1122 3334 1460 3392 obscuritate
1507 3332 1735 3405 peccati,
1779 3342 1940 3389 aeter-

349 3447 491 3489 tium
539 3431 700 3487 nobis
755 3443 918 3486 mane
964 3425 1258 3484 nuntiavit.
1301 3423 1614 3482 Luciferum
1665 3440 1725 3482 se
1772 3426 1935 3481 inno-

355 3524 480 3593 tuit,
532 3523 663 3594 quia
711 3521 952 3578 diluculo
985 3534 1053 3577 ex
1100 3528 1277 3575 morte
1333 3519 1592 3586 surrexit,
1625 3527 1680 3575 et
1725 3517 1939 3591 fulgore

354 3617 443 3673 sui
480 3614 734 3684 luminiS,
760 3610 1113 3670 mortalitatis
1164 3620 1369 3668 uostrae
1401 3618 1601 3667 tetram
1646 3609 1935 3681 caliginem

354 3710 531 3766 tersit.

426 3802 541 3875 (45)
578 3799 765 3859 Potest
790 3808 972 3857 autem
1018 3797 1259 3855 Luciferi
1307 3796 1532 3855 nomine
1577 3810 1758 3853 sermo
1796 3791 1938 3849 divi-

345 3909 461 3950 nus
484 3891 780 3965 designari.
811 3889 967 3949 Unus
1000 3891 1148 3949 euim
1164 3898 1330 3962 atque
1353 3888 1498 3945 idem
1524 3900 1709 3944 sermo
1734 3884 1832 3941 Dei
1851 3891 1938 3941 est

346 3984 410 4040 in
440 3999 536 4041 ore
588 3985 957 4057 praedieantis.
988 3983 1163 4052 Quem
1211 3982 1344 4038 dum
1387 3981 1478 4036 isti
1529 3977 1815 4052 gaudendo
1836 3992 1938 4033 au-

347 4075 534 4145 diunt,
567 4076 647 4132 illi
684 4092 813 4133 vero
846 4075 1158 4143 invidendo,
1206 4072 1512 4130 claritatem
1556 4068 1794 4127 Luciferi
1827 4067 1933 4123 sibi

353 4167 412 4223 in
433 4167 645 4239 vesperi
674 4167 923 4223 tenebras
952 4173 1190 4221 vertunt.
1237 4162 1378 4219 Dum
1410 4162 1501 4218 isti
1532 4160 1813 4219 humiliter
1833 4177 1934 4220 vo-

352 4273 474 4316 cem
529 4267 735 4316 sanctte
776 4257 1195 4331 'praedicationis
1257 4257 1583 4329 accipiunt,
1640 4255 1801 4329 quasi
1864 4256 1937 4313 ad

2035 393 2174 449 alios
2202 393 2272 450 ab
2292 392 2581 464 iniquitate
2639 389 2919 460 suscitari,
2956 400 3012 446 et
3039 398 3231 446 contra
3278 390 3418 448 alios
3448 394 3615 465 sopiri

2034 485 2089 541 iu
2122 485 2411 556 iniquitate
2433 483 2740 556 conspexit.

2106 571 2220 648 (46)
2259 574 2459 632 lterum
2496 574 2733 632 Luciferi
2774 574 2997 632 nomine
3037 575 3169 648 justi
3200 575 3311 632 vita
3364 574 3624 648 intelligi·

2034 675 2144 737 tur,
2178 668 2320 725 sicut
2340 668 2398 723 in
2422 668 2561 724 libro
2587 666 2733 725 beati
2754 666 2858 723 Joh
2880 667 3119 724 dicitur:
3164 667 3230 723 Et
3260 680 3380 722 cum
3410 677 3460 722 te
3488 684 3609 722 con·

2032 771 2300 831 sumptum
2341 760 2631 832 putaveris,
2655 760 2841 816 orieris
2890 770 2947 816 ut
2978 760 3196 831 Lucifer
3226 758 3349 833 (Iob
3379 775 3466 826 ιι,
3502 757 3623 826 ¹7).

2034 850 2104 908 Et
2150 860 2297 909 recte
2346 851 2604 910 Lucifero
2652 853 2787 925 justi
2828 854 2939 909 vita
2999 862 3370 925 comparatur.
3435 846 3622 908 Solem

2035 944 2235 1015 quippe
2255 959 2597 1015 praecurrens
2622 944 2840 1002 Lucifer
2872 945 3107 1002 nuntiat.
3154 943 3222 1001 Et
3275 944 3406 1016 quid
3457 943 3612 1001 nobit

2035 1042 2352 1090 sanctorum
2405 1035 2717 1091 innocentia
2748 1035 2852 1093 nisi
2901 1037 3180 1110 sequentis
3204 1036 3408 1109 judicis
3450 1035 3626 1092 clari-

2035 1133 2201 1181 tatem
2229 1125 2431 1183 clamat
2459 1128 2483 1181 ⁴?
2509 1126 2566 1183 ln
2603 1143 2794 1183 corum
2826 1144 3063 1199 namque
3102 1127 3464 1184 admiratione
3487 1143 3627 1184 con-

2035 1216 2298 1287 spicimus
2352 1218 2485 1289 quid
2531 1219 2598 1274 de
2631 1219 2917 1290 majestate
2959 1220 3071 1275 veri
3120 1219 3348 1276 luminis
3387 1218 3627 1276 aestimo·-

2035 1323 2181 1364 mus.
2209 1307 2452 1365 Necdum
2491 1308 2875 1382 Redemptoris
2918 1310 3092 1368 nostri
3121 1311 3435 1382 patientiam
3465 1310 3628 1366 vide-

2034 1415 2180 1468 mus,
2204 1401 2299 1457 sed
2336 1408 2545 1458 tantum
2575 1403 2833 1458 virtutem
2858 1403 3008 1459 illius
3042 1404 3098 1457 in
3141 1402 3439 1458 electorum
3487 1417 3626 1459 suo·

2033 1509 2158 1549 rum
2195 1493 2441 1550 moribus
2470 1494 2835 1551 admiramur.
2865 1494 3005 1563 Quia
3035 1510 3167 1568 ergo
3192 1495 3465 1551 bonorum
3505 1493 3613 1550 vita

2034 1585 2560 1643 inconsideratione
2617 1603 2714 1645 sua
2766 1587 2942 1645 oculis
2980 1589 3186 1644 nostris
3215 1588 3323 1642 vim
3373 1585 3611 1643 veritatis

1967 1668 2010 1723 Β
2038 1677 2248 1750 objicit,
2275 1680 2434 1752 quasi
2463 1682 2646 1738 clarus
2668 1682 2735 1739 ad
2767 1697 2868 1739 nos
2900 1682 3118 1739 Lucifer
3143 1692 3268 1739 ante
3310 1683 3479 1740 solem
3520 1696 3611 1738 ve·

2039 1769 2140 1827 nit.
2165 1770 2322 1828 Dicat
2358 1787 2489 1845 ergo
2517 1773 2732 1845 Soplrar
2753 1783 2959 1830 tentato
3007 1775 3241 1843 homini,
3268 1774 3430 1831 etiam
3460 1789 3614 1846 quas«

2038 1859 2346 1934 desperanti
2374 1863 2519 1919 dicat
2543 1882 2558 1920 t
2584 1863 2655 1919 Et
2683 1881 2802 1919 cum
2849 1875 2898 1919 te
2938 1874 3300 1936 consumptum
3327 1863 3615 1936 putaveris,

2038 1953 2224 2009 orieris
2253 1962 2313 2007 ut
2334 1951 2549 2024 Lucifer
2581 1953 2717 2026 (47).
2743 1951 2898 2026 Saepe
2923 1969 3162 2025 namque
3188 1962 3266 2011 tot
3286 1963 3617 2011 tentamenta

2038 2059 2141 2101 nos
2170 2043 2442 2112 obsident,
2478 2055 2538 2101 ut
2568 2046 2688 2116 ipsa
2723 2061 2826 2102 nos
2868 2060 3057 2102 corum
3083 2046 3448 2103 numerositas
3480 2063 3616 2118 pene

2039 2136 2106 2193 ad
2129 2137 2341 2208 lapsum
2391 2137 2793 2208 desperationis
2824 2137 3067 2194 inclinet.
3105 2137 3261 2195 Unde
3298 2139 3616 2213 plerumque

2039 2243 2198 2286 mens
2236 2228 2293 2285 in
2335 2228 2557 2285 taedium
2615 2230 2869 2298 vertitur,
2920 2231 3010 2287 vix
3061 2231 3177 2302 ipsa
3230 2232 3449 2288 virtutis
3503 2248 3619 2289 suae

2037 2324 2237 2381 damna
2263 2325 2595 2393 considerat,
2654 2335 2709 2383 et
2763 2334 2875 2382 tota
2925 2326 3115 2383 dolens
3157 2326 3317 2397 quasi
3356 2326 3469 2398 jam
3505 2336 3622 2384 eta

2042 2433 2208 2475 sensu
2236 2416 2443 2475 doloris
2472 2419 2652 2476 aliena
2681 2418 2971 2491 frangitur,
3000 2427 3055 2475 et
3075 2435 3364 2476 numerare
3393 2435 3499 2475 non
3528 2436 3624 2476 va-

2037 2510 2135 2580 let,
2160 2521 2368 2583 quanto
2407 2513 2802 2585 cogitationum
2846 2513 3079 2568 tumultu
3127 2522 3392 2588 vastatur.
3423 2513 3621 2570 Ruitu-

2036 2620 2158 2662 ram
2186 2620 2246 2661 se
2267 2620 2365 2676 per
2401 2613 2678 2661 momenta
2709 2604 2996 2677 conspicit,
3045 2606 3227 2676 eique,
3260 2621 3328 2661 ne
3348 2621 3501 2661 arma
3527 2623 3621 2662 re-

2038 2698 2394 2771 pugnationis
2448 2697 2698 2768 arripiat,
2731 2698 2953 2770 gravius
3005 2699 3351 2768 moeroripse
3393 2707 3619 2753 contra-

2037 2790 2188 2846 dicit.
2223 2789 2646 2846 Circumductos
2672 2790 2919 2860 quolibet
2953 2789 3142 2847 oculos
3173 2788 3481 2846 obscuritas
3518 2791 3622 2848 ob-

2041 2882 2205 2950 sidet,
2250 2890 2304 2938 et
2350 2896 2479 2938 cum
2527 2881 2706 2938 visum
2755 2882 2994 2941 tenebra
3029 2896 3246 2951 semper
3300 2882 3618 2953 impediant,

2039 2989 2195 3032 mens
2247 2981 2431 3030 tamen
2463 2972 2540 3029 nil
2593 2972 2739 3030 aliud
2790 2988 2954 3045 quam
2998 2975 3250 3032 tenebras
3293 2974 3456 3031 videt.
3507 2971 3619 3030 Sed

2038 3067 2181 3138 apud
2236 3065 2647 3123 misericordem
2690 3066 2931 3139 judicem
2975 3083 3118 3139 saepe
3165 3069 3282 3124 haec
3331 3068 3444 3139 ipsa
3493 3083 3620 3139 quae

2037 3157 2292 3214 adnisum
2318 3172 2537 3230 quoque
2564 3157 2830 3214 orationis
2866 3167 3143 3230 aggravat,
3173 3174 3274 3231 pro
3302 3158 3460 3215 nobis
3476 3158 3617 3229 sub-

2039 3251 2188 3308 tilius
2227 3251 2442 3324 justitia
2483 3261 2694 3308 exorat.
2742 3249 2876 3307 Nam
2909 3253 3164 3308 moeroris
3208 3252 3382 3309 nostri
3430 3251 3621 3324 caligi-

2038 3359 2162 3400 nem
2193 3342 2457 3400 Conditor
2512 3344 2803 3414 conspicit,
2852 3352 2907 3399 et
2955 3344 3218 3401 subtracti
3266 3344 3488 3399 luminis
3525 3359 3619 3401 ra-

2036 3435 2158 3492 dios
2185 3433 2447 3503 refundit,
2484 3434 2560 3490 ita
2592 3443 2653 3491 ut
2673 3444 2851 3490 erecta
2875 3435 3125 3505 protinus
3159 3449 3255 3505 per
3281 3434 3421 3490 dona
3454 3450 3618 3492 mens

2035 3526 2217 3598 vigeat
2242 3540 2407 3597 quam
2435 3525 2599 3596 paulo
2628 3533 2755 3581 ante
2804 3524 3136 3582 decertantia
3184 3525 3314 3581 vitia
3341 3525 3617 3597 superbiae

2036 3618 2187 3676 calce
2210 3618 2607 3690 deprimebant.
2665 3617 2790 3674 Mox
2832 3619 3078 3691 corporis
3121 3618 3334 3690 pondus
3369 3618 3614 3686 discutit,

2036 3721 2202 3784 atque
2222 3710 2292 3768 ad
2320 3710 2798 3781 contemplationis
2833 3710 3017 3768 lumen
3048 3719 3172 3781 post
3190 3710 3617 3781 perturbationis

2036 3818 2151 3860 suae
2175 3803 2429 3861 tenebras
2457 3802 2715 3873 erumpit.
2766 3799 2891 3858 Mox
2926 3803 2980 3857 in
3032 3802 3291 3874 gaudium
3336 3801 3615 3875 profectus

2036 3895 2301 3952 attollitur
2324 3914 2339 3963 ;
2375 3904 2431 3951 et
2450 3910 2576 3965 quae
2615 3895 2769 3966 prius
2790 3894 2931 3950 inter
2959 3902 3292 3950 tentamenta
3321 3894 3518 3951 cadere
3544 3910 3614 3952 ex

2035 3986 2419 4058 desperatione
2443 3985 2756 4056 cogebatur,
2779 3986 2899 4041 sine
2942 3984 3292 4056 cogitationis
3314 3986 3617 4043 certamine

2035 4076 2322 4148 praesentia
2347 4074 2597 4146 despicit,
2645 4073 2749 4146 31
2783 4075 2903 4131 sine
2954 4074 3307 4132 dubitationis
3330 4076 3613 4134 obstaculo

2034 4166 2104 4224 de
2130 4176 2356 4224 ventura
2405 4166 2771 4223 retributione
2813 4165 3056 4222 conlidit.
3103 4164 3295 4223 Justus
3317 4181 3448 4239 ergo
3483 4183 3611 4225 cum

2037 4272 2097 4315 se
2125 4266 2515 4329 consumptum
2564 4257 2859 4329 putaverit,
2890 4266 2951 4313 ut
2979 4255 3200 4314 Lucifer
3245 4259 3439 4328 oritur,
3481 4261 3612 4331 quia

349 4350 524 4408 stellae
540 4350 752 4418 lucem,
782 4350 973 4408 oculos
1006 4348 1191 4407 cordis
1210 4349 1489 4421 aperiunt.
1519 4348 1658 4406 Dum
1693 4363 1823 4405 vero
1853 4347 1930 4403 illi
1960 4362 2010 4423 Ι)
2034 4365 2163 4407 mox
2186 4358 2248 4407 ut
2281 4351 2654 4408 tenebrescere
2700 4351 3062 4406 tentationum
3091 4350 3323 4423 caligine
3365 4353 3613 4423 coeperit,

350 4444 494 4501 bene
529 4443 734 4501 dicenti
762 4441 1026 4511 invident,
1049 4450 1113 4499 -et
1163 4456 1274 4499 non
1318 4442 1513 4499 salutis
1559 4456 1804 4509 causam,
1833 4442 1931 4497 sed

348 4542 604 4598 elatiunis
637 4542 861 4610 glutiam
893 4546 1164 4612 quaerunt,
1192 4545 1584 4610 prorumpente
1623 4538 1930 4609 iniquitatis

348 4650 468 4690 sum
488 4650 733 4702 ruspare,
781 4634 833 4686 in
881 4644 1134 4687 somnum
1185 4629 1379 4686 mortis
1421 4626 1611 4686 oculos
1642 4627 1927 4684 claudunt.

352 4726 452 4778 Per
476 4726 749 4778 demultum
773 4738 903 4794 ergo
934 4721 1205 4793 judicium
1259 4721 1329 4788 ἰε,
1357 4721 1452 4791 qui
1485 4719 1661 4776 eleeto
1703 4726 1789 4775 est
1813 4716 1927 4774 Lu-

348 4818 504 4879 cifer.
536 4818 769 4887 rupi-nim
793 4811 1026 4870 :ntalitori
1054 4810 1115 4869 fit
1158 4827 1371 4884 vesper,
1401 4812 1529 4884 quia
1551 4810 1929 4868 exhortatione

348 4921 536 4963 sancta
568 4923 677 4979 qna
721 4909 845 4963 huni
897 4907 963 4964 ad
1002 4906 1172 4962 vitam
1221 4905 1471 4970 redeunt,
1494 4903 1647 4976 pravi
1687 4902 1927 4958 deterius

348 5003 404 5055 in
432 5003 588 5071 culpa
625 4999 954 5055 moriuntur.
987 4995 1143 5054 Unde
1160 4994 1300 5053 bene
1320 5010 1420 5068 per
1438 4993 1670 5051 Paulum
1690 4992 1922 5049 dicitur:

348 5091 548 5143 &furiati
584 5091 745 5143 bursus
781 5091 912 5143 uda:-
935 5103 1118 5143 sumus
1140 5084 1252 5143 Deo
1282 5088 1339 5142 in
1365 5086 1449 5141 ltit
1471 5086 1563 5157 qui
1606 5083 1740 5139 salvi
1766 5083 1922 5154 fiunt,

341 5190 397 5239 et
426 5183 484 5238 in
510 5181 594 5238 ftis
621 5183 712 5254 qui
733 5190 950 5255 pereunt
972 5178 1060 5252 (11
1090 5180 1217 5238 Gor.
1242 5195 1305 5248 ιι,
1335 5180 1423 5247 ¹5,
1468 5177 1561 5257 16)
1588 5196 1603 5234 ε
1633 5176 1754 5233 aliis
1805 5176 1927 5248 qui-

343 5274 471 5332 dem
496 5274 636 5332 odor
668 5276 865 5332 mortis
911 5274 1022 5346 30
1049 5273 1104 5329 in
1132 5281 1392 5340 mortem,
1419 5271 1543 5327 aliis
1571 5278 1761 5354 'autem
1788 5270 1925 5324 odor

341 5366 469 5424 vitae
496 5366 554 5424 in
596 5367 787 5424 vitam.
838 5365 1077 5424 Verbum
1126 5366 1312 5437 itaque
1358 5356 1521 5421 suu‘m
1556 5361 1924 5420 auditoribus

411 5502 530 5716 {a}
568 5501 648 5559 Ex
672 5503 714 5559 1.
745 5517 876 5559 xxix
906 5502 965 5558 in
989 5500 1116 5570 «lob,
1140 5516 1263 5575 cap.
1284 5502 1346 5571 ἢ,
1372 5498 1459 5558 1¹1.
1527 5534 1534 5540 -

435 5573 506 5628 ⁴5
566 5572 647 5629 Ex
667 5573 792 5631 edd.
820 5574 859 5631 1.
886 5589 945 5641 x,
976 5587 1098 5646 cap.
1131 5588 1194 5631 ιι.

435 5643 503 5701 to
563 5641 646 5702 Ex
695 5643 733 5703 l.
767 5658 802 5703 x
845 5642 1046 5715 inlob,
1094 5659 1216 5718 cap.
1249 5655 1350 5716 ιιι,
1385 5642 1546 5718 longe
1568 5650 1694 5718 post
1715 5638 1921 5725 prinei·

2031 4444 2099 4499 ad
2125 4442 2302 4499 lucem
2334 4443 2521 4513 gratiae
2552 4439 2899 4509 reformatur,
2949 4450 3007 4498 et
3043 4442 3097 4497 in
3126 4443 3321 4514 seipse
3343 4453 3612 4501 monstrat

2029 4536 2170 4592 diem
2188 4534 2433 4608 justitiae,
2464 4536 2562 4607 qui
2589 4550 2821 4592 casurus
2846 4535 3013 4606 paulo
3039 4544 3166 4592 ante
3188 4536 3371 4593 timuit
3392 4548 3608 4595 noctem

2029 4627 2221 4699 culpae.

2632 4737 2861 4796 CAPUT
2896 4739 2987 4797 tx.

2598 4847 2666 4887 or:
2710 4847 3043 4888 emeramnus.

2028 4925 2096 4982 In
2122 4924 2403 4997 Scriptura
2443 4940 2601 4979 sacru
2649 4924 2932 4981 Pleiadum
2968 4926 3177 4980 nomine
3212 4926 3383 4980 sancti
3407 4942 3608 4996 omnes,

2273 4995 2354 5051 vel
2389 4994 2599 5051 Novum
2637 4994 3026 5051 Testamentum
3056 4996 3364 5066 desiyuatur

2096 5087 2211 5161 (48)
2256 5084 2539 5144 Pleiadum
2566 5087 2789 5144 nomine
2844 5088 3017 5144 sancti
3044 5086 3439 5159 designantur:
3465 5090 3611 5148 unde

2022 5181 2243 5239 boatum
2274 5178 2379 5236 Joh
2398 5177 2667 5236 Dominus
2685 5179 2935 5251 requirit,
2957 5178 3147 5237 dicens
3172 5198 3186 5236 ι
3214 5180 3471 5254 Nunquid
3491 5199 3611 5238 con-

2014 5275 2237 5348 juuqere
2255 5271 2449 5331 valebit
2465 5272 2722 5328 micantes
2737 5272 2918 5328 stellas
2937 5271 3181 5330 Pleiades
3199 5276 3226 5330 2
3252 5274 3307 5348 (.1
3312 5279 3375 5331 ob
3397 5292 3609 5335 xxxvttt

2023 5369 2140 5439 51.)
2169 5366 2417 5424 Pleiades
2453 5364 2624 5423 stellae
2650 5366 2755 5423 ἀπὸ
2778 5372 2877 5424 τοῦ
2914 5366 3179 5437 numen,
3206 5368 3260 5425 id
3298 5377 3384 5427 est
3415 5387 3451 5425 a
3481 5370 3607 5442 plu-

2022 5495 2381 5711 1)ιῖΤῆἷὲΙῖωο
2406 5575 2536 5625 sunt
2556 5577 2684 5626 ante
2706 5567 2987 5641 praedicta.

2095 5637 2189 5711 (⁴8
2250 5637 2332 5695 Ex
2350 5638 2387 5696 Ι.
2417 5654 2549 5697 xxix
2576 5641 2632 5698 in
2661 5638 2786 5715 Job,
2812 5655 3080 5719 cap-“xvh
3114 5654 3284 5711 xxvn,
3302 5654 3495 5699 xxvm.
