3817 6000
74 307 139 367 titt
364 303 642 363 conuentuututt
666 303 700 361 tt
720 302 889 361 nstitutus.
910 333 945 344 —
964 300 1056 357 PARS
1073 299 1095 357 1.
1115 331 1149 341 -
1168 298 1266 356 PSAL.
1283 297 1429 357 xxxiiii,
1633 295 1701 359 1596.

71 422 217 495 priorritrr,
232 421 340 494 putando
351 424 398 494 tpri
414 422 489 495 prior
503 421 592 477 bertiir
605 419 771 492 morabatur,
789 435 859 474 ntum
875 425 896 481 Α
912 417 999 471 titiam
1011 416 1209 486 praedicationis
1223 414 1383 484 rairorterr't
1395 414 1538 482 credenter,
1551 413 1614 485 puio
1625 429 1702 469 ntan-

72 526 97 571 et
107 516 285 587 postponitur.
910 511 960 566 dur
969 527 1029 565 eum
1043 509 1070 563 in
1081 524 1130 563 rua
1144 510 1276 579 sapientia
1287 525 1341 563 nan
1359 509 1499 579 caprarii·

94 608 175 663 ¹Puto
187 607 256 678 pood
272 607 300 660 in
312 607 435 676 prtcrenti
449 606 538 661 nitori
552 606 614 660 berte
632 605 753 659 advertor
774 612 860 674 parte·
952 601 1049 657 i'idear
1071 601 1185 671 forsitan
1206 602 1305 655 nimius
1329 602 1358 655 in
1371 600 1560 673 ruppiiiatiore
1574 600 1702 666 rcieutia,

72 701 166 756 riorcm
183 700 222 753 irc
235 697 371 770 pecoriiur
394 698 525 752 nominem
541 695 688 766 judicabit.
711 694 805 747 Annon
820 693 860 747 ri·
910 703 935 747 et
946 694 1023 763 puori
1039 692 1222 763 reprehendere
1233 694 1334 757 doctor,
1350 710 1381 747 ac
1396 694 1531 761 pronibere
1551 691 1641 746 rtudia
1657 689 1704 745 ttr-

70 792 174 865 quidem
186 789 235 846 ute
252 790 356 846 uidetur
368 790 433 860 iprir
450 788 539 844 bertiir
558 786 751 859 quodammodo
764 785 861 840 tertia·
912 785 1052 839 terarum?
1065 782 1160 838 Atrtt!
1172 783 1233 837 Non
1246 785 1340 856 ipnoro
1357 792 1485 854 quautam
1501 783 1627 838 Eccierioe
1637 798 1703 852 pro·

71 885 123 940 lior
135 900 190 939 erre
201 884 277 939 nomo
291 883 394 937 ratione
409 883 508 953 uipeur,
523 889 548 937 et
562 881 664 936 catione
680 895 732 935 non
753 878 862 933 uiuent?
912 878 1021 949 suunt,
1037 886 1062 932 et
1074 877 1177 948 prorint
1202 876 1314 931 litterati
1333 878 1387 944 rui,
1411 877 1466 932 rinc
1486 877 1520 931 ad
1544 875 1700 947 repetiendor

73 976 143 1031 Nom
164 992 241 1046 pecur
262 976 368 1046 quidem
388 975 413 1029 ri
434 990 461 1029 re
475 974 578 1028 ratione
589 987 641 1026 non
653 980 737 1042 repat,
751 985 862 1024 excura-
912 985 967 1037 aor,
992 969 1038 1040 qui
1060 984 1094 1024 co
1121 969 1230 1024 adrerro
1257 979 1330 1036 rnut,
1355 970 1408 1024 rt'ue
1434 970 1469 1023 od
1500 968 1633 1039 rimpticer
1660 968 1704 1022 in

71 1069 167 1121 tionem
184 1066 261 1121 tarn
279 1084 295 1120 o
316 1077 426 1134 natura,
442 1082 459 1120 o
477 1081 530 1135 qua
544 1064 569 1118 ei
585 1062 633 1117 troc
646 1062 751 1134 ponitur
767 1076 861 1114 monor
912 1062 1062 1119 rtnrcndor.
1076 1063 1193 1136 Denique
1205 1064 1256 1135 tepr'
1269 1084 1276 1118 ;
1289 1062 1359 1132 Quin
1372 1073 1401 1119 tu
1415 1063 1536 1134 repulisti
1550 1063 1704 1130 scientiam,

70 1166 192 1228 orantum
206 1166 255 1211 err.
282 1155 343 1211 uon
363 1156 440 1212 rotet
463 1156 550 1221 nomo,
565 1156 609 1210 cui
631 1154 663 1209 aa
677 1155 736 1224 ipra
752 1151 861 1223 rpectntt
913 1157 1042 1227 mpetum
1056 1165 1083 1213 et
1097 1172 1148 1228 ego
1162 1166 1197 1221 te,
1221 1165 1251 1213 ut
1263 1172 1318 1212 non
1334 1156 1457 1228 turpans
1469 1157 1536 1211 mint
1553 1156 1705 1212 mceroouo

70 1252 246 1322 praeapotiuo
259 1251 388 1306 donatum
404 1258 453 1305 ert.
470 1248 567 1305 Merito
580 1250 658 1320 proin
672 1265 702 1303 co
722 1248 779 1316 ipro
799 1263 861 1302 cen·
914 1250 1003 1320 (Orce.
1021 1266 1058 1316 tv,
1077 1250 1115 1320 6).
1139 1248 1204 1322 Lepi
1225 1266 1235 1304 .·
1258 1250 1310 1317 Qui
1331 1250 1403 1305 docti
1431 1249 1542 1312 tuerint,
1564 1248 1706 1321 fulgebunt

2 1360 3 1365 ¹
69 1352 142 1397 retur
157 1342 234 1395 nanto
247 1342 346 1414 epredi,
362 1352 386 1395 ct
399 1341 498 1412 partire
509 1339 659 1412 prepotiittr
670 1340 860 1406 animantitnrr,
912 1343 992 1414 qrtasi
1008 1342 1136 1413 splendor
1151 1343 1327 1410 tirtnnrncuti,
1342 1352 1370 1398 ot
1382 1344 1429 1414 qui
1443 1343 1477 1398 ud
1492 1343 1628 1414 justitiam
1642 1359 1706 1398 ent-

69 1434 235 1506 quadratum
249 1433 298 1490 troc
313 1435 415 1489 animat
437 1435 633 1490 conuersatione
657 1434 779 1506 depeneri
796 1434 862 1504 jora
912 1434 993 1491 diunt
1006 1436 1109 1491 uetitos
1127 1435 1209 1506 quusi
1227 1435 1312 1491 stellae
1330 1435 1357 1489 iu
1377 1444 1521 1505 perpetuos
1542 1437 1706 1491 aetcmitnor

71 1535 174 1583 naturae
198 1526 394 1598 tranrpredienr
418 1527 530 1584 tationir
551 1543 668 1597 compar,
688 1527 800 1581 cotionir
814 1542 862 1580 ea-
914 1524 996 1596 (Dan.
1010 1542 1061 1593 xn,
1084 1526 1123 1600 5).
1141 1524 1193 1582 Sed
1212 1536 1237 1582 ct
1258 1526 1313 1581 reio
1327 1525 1372 1580 aii
1385 1527 1492 1598 iepcrim
1504 1543 1514 1581 .·
1528 1526 1648 1583 seientia
1661 1526 1705 1582 iu-

69 1618 152 1688 pertir
181 1616 309 1681 monins,
334 1626 358 1671 ct
377 1616 516 1686 affectiior
535 1618 669 1672 imitatur.
692 1614 863 1672 conuincitur
913 1619 962 1675 ssot
982 1617 1009 1682 tt
1025 1618 1088 1675 Gor.
1110 1635 1171 1687 unt,
1187 1620 1225 1690 i),
1241 1629 1266 1675 ct
1286 1634 1412 1675 rutrum:
1427 1618 1478 1687 Qui
1490 1620 1601 1691 apponit
1617 1621 1707 1677 scieu-

70 1719 161 1767 aotent
178 1720 238 1782 port
251 1726 341 1782 proper
357 1710 396 1763 irc
409 1710 498 1777 trama,
512 1718 538 1765 et
556 1725 626 1764 nnnc
647 1708 753 1780 quidem
767 1707 863 1779 depro·
913 1713 999 1778 tium,
1020 1713 1134 1784 opponit
1148 1712 1271 1768 odorem
1295 1711 1395 1783 (Eecie.
1414 1729 1435 1778 t,
1455 1712 1510 1781 tn).
1538 1711 1616 1768 Videt
1648 1729 1708 1785 pao

67 1806 175 1861 ratione
198 1812 313 1872 notura,
335 1803 503 1874 portmodrrot
533 1812 622 1858 autem
648 1810 674 1857 et
696 1801 864 1858 extremitate
881 1794 1087 1861 dementiorem
1100 1814 1139 1860 ert
1153 1804 1436 1875 differentia,puando
1451 1804 1508 1859 ntia
1533 1806 1631 1874 inponi
1655 1815 1707 1873 ert,

68 1912 165 1968 patrm.
914 1897 973 1951 aiio
987 1898 1171 1952 contrirtanr?
1186 1896 1245 1951 tut
1260 1912 1319 1950 nero
1337 1896 1414 1951 uetim
1428 1897 1506 1963 reite,
1522 1912 1643 1968 quarunt
1656 1898 1708 1953 tto·

106 1989 175 2045 Eme
192 1990 231 2045 ric
248 1989 419 2044 maledicitur
434 1987 521 2053 nomo,
545 1987 591 2058 qui
613 1986 793 2057 ipnorontianr
816 1982 864 2038 Dei
915 2005 974 2043 rum
986 1988 1107 2044 rideatur
1116 1988 1219 2058 utitiot,
1231 2005 1277 2045 reu
1290 1990 1325 2043 od
1335 1988 1450 2044 rototcm
1460 1991 1618 2045 neeerrarior
1628 1990 1708 2062 (76).·

67 2082 167 2137 trabere
178 2082 298 2137 inuentor
314 2080 413 2151 irunt:
430 2078 479 2134 Dei
490 2078 579 2133 ditant
589 2093 623 2132 on
634 2077 678 2131 rui
686 2077 699 2131 i
719 2075 864 2147 utromque
915 2079 1008 2148 itione,
1022 2097 1082 2154 quar
1104 2091 1202 2149 tornet,
1227 2098 1262 2136 an
1282 2098 1342 2153 qooe
1364 2082 1435 2136 dotet
1448 2084 1461 2137 i
1473 2081 1525 2139 Sed
1540 2100 1591 2138 narr
1604 2083 1707 2152 dubito,

68 2173 229 2239 rineduiio,
244 2172 318 2244 auio.
337 2189 397 2227 eant
415 2180 525 2242 utroque
539 2167 864 2241 ipnorontiadomuaiiiir
914 2172 980 2243 nain
1005 2171 1137 2227 doicutern
1165 2174 1278 2227 tonrcrni
1304 2173 1432 2243 praeferar
1464 2175 1528 2244 puio
1555 2175 1707 2240 sanitatem,

68 2271 120 2340 rit,
132 2270 258 2325 utraiiiet
272 2266 367 2339 sufficit
377 2266 413 2321 od
429 2267 613 2337 perditionem.
640 2262 684 2319 Vir
703 2264 783 2332 rcire,
800 2261 865 2334 quio
915 2280 994 2336 poam
1010 2274 1098 2319 tumor
1113 2265 1235 2328 tinniat,
1247 2263 1325 2319 datar
1336 2265 1464 2335 parturiat.
1482 2264 1535 2331 Qut
1555 2276 1644 2320 ontcrn
1659 2283 1708 2337 po·

68 2366 112 2418 ito
124 2372 163 2418 ert
174 2363 187 2416 t
198 2361 244 2416 red
258 2361 290 2415 de
302 2358 352 2414 Dei
364 2358 470 2413 minime
485 2357 602 2422 dubitor,
618 2356 642 2410 ri
655 2365 742 2411 tomen
760 2360 865 2408 canstat
916 2354 1000 2411 rtutot
1013 2356 1173 2426 propinquat
1195 2356 1277 2411 raiuti
1299 2357 1426 2427 qnoniam
1445 2358 1493 2428 pri
1513 2359 1579 2428 petit
1601 2358 1707 2429 accipit.

70 2456 123 2511 titi
133 2471 186 2510 nan
199 2453 282 2508 otiam
295 2453 378 2506 citam
391 2466 448 2506 erre
465 2459 603 2513 aeternam,
616 2464 696 2518 poam
715 2455 744 2502 ot
756 2444 867 2501 Patrem
919 2448 1035 2520 Denique
1046 2448 1092 2519 ptri
1112 2457 1191 2503 struat
1204 2447 1338 2505 contritos
1364 2447 1468 2516 eorde,
1489 2446 1567 2520 (Lac.
1587 2464 1632 2514 tr,
1647 2449 1708 2521 tt),

68 2560 214 2617 capnorear
228 2542 312 2598 Deum
329 2557 428 2607 remor,
447 2549 472 2596 ct
493 2555 570 2611 prtem
585 2540 658 2594 mitit
671 2537 764 2594 teram
786 2535 866 2594 Cirri-
916 2548 1071 2596 eurccrotnr
1094 2540 1217 2611 inpator,
1235 2541 1338 2595 dicente
1355 2539 1473 2610 rapiente
1486 2539 1556 2611 quad
1576 2537 1648 2596 Deus
1662 2555 1710 2596 su·

70 2648 155 2694 itant.
171 2635 242 2691 Audi
252 2650 314 2706 erpo
327 2649 452 2705 rponrum
468 2632 582 2704 timido,
596 2641 622 2686 ct
635 2640 724 2703 aperte
736 2630 764 2685 in
776 2630 868 2684 aninta
916 2636 1014 2719 perbis·
1031 2636 1143 2703 resistit,
1167 2635 1317 2692 humilibus
1330 2617 1506 2708 deigratiam
1527 2633 1599 2707 (loc.
1616 2651 1654 2704 tu,
1668 2636 1709 2708 6).

69 2730 155 2785 etiarn
168 2728 265 2784 anima
277 2726 458 2799 ipnorautioru
471 2725 698 2780 cortdenrnautcm.
712 2722 784 2790 Quid
797 2722 868 2776 enim
918 2729 954 2784 Et
968 2729 1111 2801 Appetitur
1129 2730 1217 2784 amum
1232 2748 1241 2785 2
1259 2727 1326 2785 0500
1341 2739 1432 2786 autem
1445 2744 1494 2800 per
1507 2728 1634 2801 gratiam,
1649 2744 1711 2801 quie

70 2822 161 2878 dicit?
176 2821 238 2877 Non
249 2821 339 2892 utiquc
351 2820 375 2875 ri
392 2819 485 2887 Deam,
504 2819 549 2874 red
564 2819 589 2873 ri
608 2818 716 2889 ipnorcr
731 2825 756 2872 te
769 2816 866 2887 inquit,
918 2821 981 2879 ὼω
992 2829 1035 2878 est
1048 2820 1268 2888 mihinmnibus,
1282 2821 1407 2893 quisunt
1421 2822 1491 2878 inter
1506 2837 1566 2891 ros,
1580 2837 1634 2877 non
1648 2822 1711 2893 pius

70 2925 128 2975 oto.
143 2915 294 2987 Pateterpa
309 2916 373 2987 prta
392 2914 517 2985 ipnoranr
551 2911 720 2983 ipnaraiitur
747 2908 780 2981 pt
803 2907 866 2965 Cor.
919 2929 1026 2987 supere,
1051 2930 1134 2986 quam
1149 2922 1362 2986 oportctsnpere
1377 2915 1412 2971 od
1428 2914 1603 2972 sobrietatem
1620 2914 1709 2986 (Rom.

71 3025 131 3077 ιιι,
145 3008 202 3081 tt),
217 3010 270 3064 rinc
290 3025 336 3075 re,
354 3009 408 3064 rire
427 3008 511 3063 Deum
525 3006 648 3077 ipnorare
662 3005 808 3077 continpat.
831 3002 869 3060 De
919 3026 971 3080 ιιι,
983 3010 1023 3083 ὅ).
1040 3009 1103 3066 Non
1115 3010 1235 3082 protrimt
1251 3028 1353 3083 rapere,
1368 3011 1414 3067 red
1428 3019 1489 3083 pter
1504 3029 1605 3082 rupero,
1630 3028 1712 3084 quam

70 3118 128 3174 orta
151 3109 263 3172 atroque
281 3100 433 3173 ipnorantio
455 3100 507 3154 erit
530 3099 617 3166 nattis,
641 3098 666 3152 ri
686 3107 775 3153 tamen
796 3095 902 3199 DentC
919 3110 1031 3173 oportet.
1045 3099 1116 3169 Quid
1136 3113 1176 3158 ert
1194 3112 1283 3158 orrum
1303 3118 1395 3175 rapere
1406 3103 1442 3158 ad
1454 3102 1645 3160 sobrietatem?
1663 3104 1712 3161 tr·-

72 3206 185 3248 mtmam
198 3200 324 3262 apponat,
339 3188 414 3244 nttttr
428 3189 572 3242 admodum
583 3187 741 3258 dirputatio.
918 3193 1097 3265 pitantirritne
1123 3193 1270 3261 oircrrorc,
1294 3195 1359 3266 puid
1388 3196 1457 3251 rcire
1487 3196 1582 3267 mopir,
1607 3197 1713 3267 priurrr

112 3280 170 3354 (75)
184 3278 236 3336 Sd
254 3280 329 3351 pitin
344 3278 514 3351 quatientium
536 3277 670 3343 enirtt’uta,
692 3278 760 3332 Sitne
782 3279 867 3333 omitit
919 3297 1056 3361 optimi,
1079 3298 1181 3360 tempus
1205 3290 1277 3344 enim
1297 3289 1372 3344 breme
1385 3298 1435 3344 epp,
1459 3288 1509 3344 Epi
1529 3300 1619 3344 antem
1641 3288 1713 3362 quod

74 3371 543 3450 ipnoratttiadatnnoiitir.iittniiri
565 3370 671 3442 quidem
692 3370 795 3425 ridetur
817 3386 869 3425 nan
919 3382 948 3436 ιη
965 3398 992 3436 50
1014 3390 1053 3437 αι
1074 3382 1159 3437 omnis
1181 3381 1293 3437 scientia
1316 3382 1394 3449 pona,
1414 3398 1473 3453 qm
1496 3391 1584 3438 mmm
1603 3383 1714 3438 ventam

72 3484 142 3525 crte.
163 3464 255 3538 Neque
285 3465 355 3520 eninr
384 3464 470 3520 omnir
498 3463 651 3535 ipnorantia
679 3462 800 3528 damnat,
823 3463 869 3518 red
920 3468 1036 3522 ruiniaa
1051 3468 1098 3524 rit.
1115 3466 1168 3524 Sed
1184 3470 1352 3540 tu,quicum
1366 3470 1621 3527 timorcettrcnrarc
1638 3481 1714 3527 toartt

74 3561 174 3628 muita,
197 3569 222 3616 ct
244 3560 382 3614 innumera
403 3574 469 3625 erre,
491 3572 550 3628 qun
570 3557 670 3612 nercirc
683 3555 761 3610 ticeat
773 3555 871 3627 aitque
921 3560 1006 3632 ipriur
1023 3561 1128 3631 operari
1148 3560 1262 3616 ratutcm
1286 3576 1334 3631 pro
1350 3562 1475 3631 temporit
1493 3562 1621 3618 irerttotc
1635 3563 1715 3634 serti·

70 3652 256 3709 diminutione
272 3649 391 3705 toiotit:
418 3647 490 3704 nerii
503 3647 603 3720 pratia,
624 3647 648 3701 ri
664 3647 772 3718 ipnoror
784 3645 870 3716 sairi-
922 3667 981 3719 nor,
996 3669 1028 3707 eo
1042 3651 1110 3706 rcire
1125 3650 1251 3721 ampiirtr,
1268 3652 1507 3723 priurqaecrcruta,
1522 3669 1581 3725 paor
1601 3655 1714 3709 terrarii

74 3746 130 3804 ictu
151 3755 248 3813 ortem,
267 3759 315 3800 reu
338 3742 544 3813 carpentariam,
569 3749 594 3796 et
615 3739 824 3806 cinanmomum,
846 3748 871 3796 ct
921 3743 1053 3798 viciniora
1067 3741 1161 3796 rototi.
1178 3739 1274 3796 Nonne
1293 3742 1389 3797 medrci
1413 3743 1564 3814 corporrm‘
1578 3746 1715 3801 rnedicirae

73 3852 240 3912 quacunque
251 3835 478 3900 irtiurnrodirttnt
493 3842 574 3900 actor,
596 3848 655 3904 prta
676 3831 711 3886 ad
725 3846 789 3887 urrtr
811 3831 872 3886 ritca
922 3837 1070 3906 partionem
1084 3834 1215 3904 diffiniunt
1234 3832 1329 3905 etipcrc
1344 3835 1372 3888 in
1391 3835 1525 3890 rumendir
1548 3837 1624 3904 citit,
1649 3838 1714 3907 prid

73 3929 217 4002 protentis
232 3927 265 3983 ai
277 3925 427 3983 iamiuiirr
440 3932 613 3990 murentur,
628 3921 747 3994 nottpoid
761 3921 870 3992 impedit
922 3930 1007 4000 prior,
1023 3926 1088 3998 qnid
1110 3937 1253 3997 portemur,
1270 3934 1295 3980 et
1309 3926 1344 3980 ad
1360 3942 1437 3997 quent
1456 3926 1572 3992 prodam,
1596 3928 1716 3999 paodprc

38 4033 50 4050 ⁰
73 4021 115 4077 od
140 4019 276 4076 calutum?
298 4001 391 4073 Etiam
412 4016 510 4088 otrpnr
527 4013 654 4070 intumit
678 4013 733 4069 illst
758 4012 871 4081 “stimi
922 4022 994 4077 runci
1007 4019 1146 4090 oportent?
1169 4016 1242 4072 Naar
1262 4017 1313 4072 etri
1326 4017 1407 4072 tortor
1427 4026 1533 4073 conetot
1551 4035 1607 4076 erre
1631 4020 1714 4087 citor,

74 4129 140 4186 qna
161 4111 284 4168 iiieroier
298 4111 436 4177 dicuntur,
452 4109 573 4180 prontuir
592 4107 798 4175 itouertioriiur,
818 4107 873 4162 oti·
923 4130 989 4187 paor
1001 4111 1072 4168 Deae
1086 4111 1197 4178 crearit,
1214 4118 1243 4164 to
1255 4119 1344 4165 tomen
1355 4111 1427 4181 ipror
1441 4111 1489 4165 tttt
1503 4112 1526 4166 ri
1540 4113 1568 4166 in
1587 4114 1716 4170 romendr

76 4204 244 4276 tioriiutrptc
269 4202 367 4258 rtndiir
391 4201 531 4256 dircontur
551 4210 576 4255 et
598 4207 779 4265 onerarentur,
793 4213 873 4270 quoru
924 4204 1076 4268 manumet
1089 4203 1209 4257 ordinem
1223 4218 1276 4256 non
1288 4201 1602 4273 oirerrer,reddirpiouc
1611 4204 1718 4259 nunic-

76 4298 191 4371 plurimi
211 4297 346 4351 ttamirutrn
367 4294 435 4351 ratri
446 4293 513 4365 sacti
531 4302 591 4348 runt
603 4291 735 4363 piaccutcr
756 4290 873 4346 moritur
925 4312 982 4351 nor.
991 4294 1061 4366 Erpa
1071 4294 1141 4367 prod
1151 4295 1211 4349 dico
1221 4294 1254 4349 de
1265 4294 1343 4363 cibit,
1354 4293 1404 4348 trra
1413 4294 1506 4350 rentite
1513 4302 1540 4349 ct
1547 4294 1579 4350 de
1586 4295 1717 4356 scientiir.

76 4400 161 4463 atque
171 4389 302 4460 operitur.
316 4386 437 4455 Quantor
450 4393 587 4441 enumerat
599 4381 768 4455 Aportotori
784 4381 873 4453 Epirt.
961 4386 1014 4445 Sed
1029 4388 1124 4443 metina
1137 4388 1214 4442 meiero
1225 4402 1269 4442 cor
1282 4388 1317 4441 ad
1331 4387 1499 4458 meptiarum.
1521 4384 1583 4442 Nan
1593 4397 1633 4443 ert
1646 4389 1719 4444 enim

78 4484 118 4540 ad
142 4481 306 4537 Timotheum
328 4489 360 4549 (t,
382 4480 410 4550 5)
434 4479 520 4550 sartor
544 4476 655 4532 dilector
687 4492 740 4531 non
762 4475 874 4530 scientia
889 4495 912 4551 ῃ
926 4489 1019 4535 nortro
1036 4479 1178 4546 cententio,
1193 4480 1239 4534 red
1253 4478 1340 4546 iiiior,
1354 4480 1406 4534 into
1423 4487 1450 4535 et
1468 4488 1571 4546 nortra,
1592 4482 1719 4552 proniortt

77 4576 247 4642 tittcrorum,
260 4579 306 4628 reo
322 4573 348 4627 in
362 4571 523 4626 contuentia
537 4580 642 4639 puroet
657 4568 710 4638 pide
720 4584 773 4622 nan
789 4569 875 4637 fieta?
926 4571 1055 4625 ueritatir.
1068 4569 1121 4638 Qui
1136 4586 1176 4637 se,
1188 4571 1284 4642 iuquit,
1297 4579 1375 4641 putat
1388 4571 1491 4643 aliquid
1505 4573 1585 4640 scire,
1597 4572 1719 4630 noudum

77 4667 193 4734 Petrur,
210 4678 236 4722 ct
255 4665 387 4729 turrecr,
403 4675 428 4718 et
440 4662 492 4734 piii
511 4661 642 4729 zebedei,
660 4660 797 4732 cateripoc
811 4675 875 4714 con·
926 4659 1129 4733 scitquomodo
1149 4670 1273 4733 oporteat
1292 4676 1356 4717 eunt
1379 4662 1450 4719 sciro
1469 4662 1496 4730 (i
1517 4663 1579 4720 Cor.
1603 4681 1663 4733 unt,
1677 4666 1719 4736 9.).

78 4759 212 4830 dircipnir'
224 4774 312 4814 amner
326 4773 377 4811 nou
392 4757 424 4812 de
446 4754 539 4811 rcttaio
561 4753 707 4819 rterrmm,
722 4759 769 4807 out
789 4752 877 4823 pitito·
933 4751 1012 4808 Vidcr
1026 4753 1152 4823 qnoniam
1162 4769 1216 4807 nan
1234 4751 1328 4821 probat
1346 4751 1431 4807 mutto
1444 4753 1720 4822 rcientctu,rircr‘cndi

79 4853 228 4925 copiarum
244 4852 374 4922 arrrrnpti
386 4859 460 4918 runt,
473 4858 499 4905 et
513 4846 686 4904 nitriiorninrtr
710 4853 797 4901 tamen
812 4843 876 4901 sn-
927 4846 1034 4899 modum
1047 4846 1189 4901 ruderit?
1208 4842 1296 4912 Videt,
1317 4845 1436 4916 inquom,
1457 4847 1587 4915 manendo
1601 4848 1720 4919 [ructum

81 4947 300 5017 uotorpcripror
314 4955 437 5015 operatur
452 4952 490 4999 ert
503 4939 657 4998 roiutemiu
680 4939 766 4994 nrcdio
789 4947 876 5006 termo,
926 4944 952 4990 ct
975 4934 1119 4990 utilitatem
1143 4937 1262 4992 reientiat
1283 4935 1313 4992 in
1335 4936 1412 4991 modo
1435 4938 1535 4993 sciendi
1558 4940 1720 4995 constituit?

81 5056 141 5099 iton
155 5041 184 5094 in
202 5038 347 5110 rapientia,
369 5055 428 5110 qua
454 5040 482 5093 in
504 5037 568 5108 ipsit
591 5044 659 5091 erret
672 5033 742 5106 pitu,
757 5049 837 5105 anam
850 5033 879 5087 in
929 5029 1001 5095 Quid
1013 5044 1074 5101 erpo
1088 5029 1154 5084 dicit
1168 5030 1277 5084 madunt
1296 5031 1418 5087 retendit
1433 5029 1504 5096 Quid
1521 5032 1615 5086 tritico
1636 5034 1718 5099 reiar,

81 5132 190 5192 cunctir
212 5131 358 5187 uirentiiur
374 5146 384 5185 .·
407 5128 628 5202 quemadmodum
647 5135 755 5182 roratur
780 5123 879 5196 atipuir
927 5120 1160 5191 ornandumque
1180 5122 1280 5190 stadio,
1295 5137 1347 5195 prro
1361 5124 1414 5193 pue
1430 5138 1539 5194 quaque
1551 5138 1627 5177 norre
1639 5138 1719 5193 opor·

81 5226 122 5283 do
135 5224 274 5295 tentetipro
297 5223 494 5292 confortarent,
516 5220 563 5276 red
586 5220 615 5274 in
637 5219 700 5289 nde,
722 5227 749 5272 et
772 5217 880 5272 lenitate
930 5214 1006 5268 nott
1027 5212 1086 5279 Quo
1108 5213 1220 5270 ordine?
1241 5213 1275 5270 ttr
1289 5215 1317 5270 id
1340 5216 1425 5286 prior,
1447 5215 1517 5285 pund
1535 5215 1665 5269 motoriur
1683 5214 1718 5269 od

83 5322 209 5391 iptorum
222 5316 310 5373 raiaor
322 5316 385 5387 iecit
395 5316 469 5385 iiior,
488 5325 514 5371 et
522 5314 582 5386 jorn
597 5321 714 5379 sanctor,
727 5311 809 5366 etiarn
823 5325 881 5363 ma·
927 5307 1054 5362 rotutcm.
1070 5306 1128 5373 Quo
1146 5306 1258 5362 rtudio?
1274 5306 1308 5362 Ut
1327 5323 1380 5362 rton
1404 5307 1440 5361 od
1464 5308 1569 5362 inanem
1593 5305 1718 5378 pioriam,

83 5410 199 5483 pirtror.
215 5408 333 5481 Denique
345 5417 422 5463 notor
437 5408 554 5479 iecerunt
566 5409 622 5464 rior
637 5407 698 5462 ritte
711 5420 762 5459 uon
784 5403 813 5457 in
836 5417 881 5455 nr·
930 5409 979 5454 out
996 5399 1187 5465 corioritotenr,
1208 5408 1254 5453 ortt
1269 5399 1372 5471 otipoid
1386 5399 1484 5466 timide,
1503 5399 1549 5454 red
1568 5408 1672 5454 tontum
1683 5397 1719 5454 od

83 5505 225 5562 utimitote
239 5505 379 5570 termonir,
396 5513 442 5557 aut
456 5504 483 5559 iu
505 5503 589 5558 doctir
609 5502 732 5558 numanae
745 5499 882 5570 rapientia
930 5493 1137 5562 aedificationem
1154 5501 1228 5547 tuom
1247 5491 1286 5565 pet
1305 5491 1430 5563 proximi.
1447 5491 1515 5547 Sunt
1529 5508 1652 5563 nomque,
1673 5487 1719 5561 atti

83 5598 244 5668 ucriir,rcd
254 5600 324 5654 ricut
338 5597 440 5669 piacuit
456 5594 509 5651 oco
519 5594 547 5667 (i
563 5594 627 5651 Cor.
644 5612 675 5662 n,
691 5593 737 5666 i),
751 5611 799 5664 per
815 5591 882 5649 nni·
932 5589 1000 5643 rcirc
1014 5587 1104 5642 uolunt
1116 5603 1146 5642 eo
1159 5588 1210 5657 pne
1229 5595 1342 5654 tantam,
1362 5596 1391 5640 ot
1410 5585 1506 5655 rciout,
1525 5596 1551 5643 ct
1572 5585 1656 5656 turpir
1674 5600 1719 5640 cu·

128 5777 189 5850 (ts)
205 5776 245 5834 Er
260 5776 350 5836 Setun
370 5793 454 5834 xrrtt
469 5774 498 5833 S.
515 5772 645 5833 Berttrtdi
659 5772 686 5828 in
700 5771 798 5830 contio.
971 5765 1027 5838 (76)
1041 5764 1078 5821 ito
1093 5763 1162 5821 cot.
