3817 6000
167 279 238 340 lati
642 265 795 326 drudoni
814 262 1009 321 i‘liAEi‘DSlTi
1029 259 1300 318 usstcttunsusstto.
1722 262 1792 321 ΜΞ

160 390 320 450 iiutcutiane
332 385 455 458 captabis
465 384 527 440 inde
539 383 687 438 intimanam
707 380 833 453 gloriam,
850 379 952 434 bunum
971 382 992 441 Α
1007 375 1139 432 Dominus
1151 384 1179 432 et
1188 373 1301 431 Creator
1312 385 1409 431 eorum
1420 374 1576 447 imperauit,
1587 385 1614 432 et
1628 374 1797 434 obediasque

158 501 242 558 «epus
254 481 302 539 tibi
326 481 356 536 llt
369 480 481 534 nralnm.
495 475 525 531 st
539 490 604 547 ergo
621 474 714 530 lumen
724 472 788 528 boui
802 469 893 541 aperis
907 485 956 540 per
1006 468 1033 524 ei
1042 468 1112 525 sieut
1123 484 1175 525 suo
1193 466 1300 523 lactari.
1311 464 1397 524 Nemo
1411 467 1482 524 alins
1493 467 1559 523 talia
1572 481 1655 539 opera
1667 466 1732 523 iecit
1741 468 1799 523 im·

172 578 272 635 malam
296 572 472 628 intentionem
495 566 670 633 tenebrescit,
686 574 714 620 et
736 562 856 620 tenebrae
881 569 955 627 snm,
1006 562 1137 632 peranda,
1155 561 1203 618 sed
1217 561 1291 617 sicut
1311 558 1419 633 iioyses
1449 569 1477 616 et
1499 558 1584 625 Elias,
1607 559 1799 618 inclamatura

173 669 239 740 ⁵1>ssae
251 662 368 717 ⁸⁰⁰⁰&ae
381 667 489 730 quantae
508 664 599 723 crunt,
614 652 725 726 iss²¹¹¹¹⁰
743 651 808 707 mill
821 651 893 706 ”¹⁸1³
914 649 957 703 1¹¹·
1007 654 1100 710 muudi
1113 652 1217 724 operati
1232 659 1296 710 sunt
1307 651 1442 707 mirabilia
1456 651 1570 719 orando,
1587 667 1642 706 uon
1655 653 1800 722 imperan-

173 756 294 812 tentione
317 750 419 810 maium
439 762 508 817 opus
521 745 625 801 iaciunt
635 745 646 799 i
656 741 718 798 Non
731 741 812 797 dico:
839 741 956 811 fecerunt
1007 743 1052 799 do.
1066 740 1111 798 sic
1128 742 1174 797 ati
1190 741 1268 798 multi
1284 740 1417 797 lecerunt,
1429 739 1483 797 lare
1494 750 1586 798 aurem
1595 750 1726 813 tanqum
1738 741 1800 797 [ιο.

174 847 322 905 secundum
343 840 508 914 preteritum
533 846 651 908 tempus,
676 834 725 891 sed
751 833 831 889 dico:
854 832 956 901 saciant
1008 834 1252 904 minusimpcrarit
1268 832 1368 901 uentis,
1389 840 1418 889 et
1433 834 1514 900 mari,
1539 841 1568 889 et
1590 833 1754 889 obedierunt
1770 833 1799 888 ei

174 938 323 998 secuudum
340 948 460 1006 praesens
474 941 591 1001 tempus,
602 929 666 1000 quia
678 937 789 999 propter
803 923 902 979 malam
916 922 959 977 lu·
1008 933 1137 996 tanquam
1154 922 1271 980 Domino
1296 939 1358 992 suo,
1373 933 1401 979 et
1424 925 1485 980 idea
1502 925 1563 996 eius
1580 939 1661 997 opera
1684 924 1801 981 [aarum

175 1032 323 1087 tentionem
338 1027 365 1082 in
382 1041 432 1081 sua
450 1023 554 1079 malitia
568 1028 772 1094 permanentem
786 1018 875 1090 ipsum
889 1031 959 1087 opus
1009 1032 1091 1088 opera
1103 1014 1212 1071 Domini
1224 1015 1299 1084 talia,
1313 1026 1342 1072 et
1353 1015 1442 1072 taliter
1456 1015 1540 1084 lacta,
1555 1016 1648 1089 qualia
1667 1026 1695 1073 et
1706 1016 1803 1088 quali-

175 1119 369 1193 tnalum,quod
378 1127 439 1175 actu
447 1125 488 1173 est
500 1115 677 1188 praeteritum,
689 1121 765 1168 reatu
777 1124 897 1181 praeseus
906 1117 958 1164 cst.
1009 1119 1050 1165 ter
1072 1124 1128 1165 non
1150 1116 1267 1182 possunt
1295 1110 1403 1181 operari
1424 1110 1496 1167 sarri
1515 1111 1576 1182 ejus
1596 1111 1804 1182 qnantnmmm

211 1214 277 1272 'lale
293 1213 345 1269 luit
369 1220 511 1284 peecatum
531 1206 698 1274 ludaeorum,
722 1204 769 1275 qui
784 1203 902 1274 maligna
917 1201 961 1255 in·
1009 1204 1107 1261 saneti.
1122 1201 1218 1260 Nullus
1229 1204 1303 1260 enirn
1315 1203 1423 1260 illorum
1438 1218 1489 1259 sua
1500 1203 1609 1275 propria
1623 1204 1804 1274 rirtuteape·

87 1297 90 1312 ’
175 1308 296 1365 tentione
318 1303 458 1361 Christum
478 1300 647 1366 acciderunt,
667 1298 783 1369 ejusque
805 1294 959 1351 doctrinam
1010 1304 1087 1352 ratur
1104 1296 1247 1363 miracula,
1262 1294 1309 1352 sed
1333 1295 1459 1353 oratione
1473 1296 1616 1352 irrroeatus
1637 1296 1682 1351 ille
1697 1310 1805 1369 opera·

175 1400 400 1472 reprobaverunt,
420 1394 466 1466 qui
481 1403 612 1465 tanquam
636 1390 701 1446 mali
715 1388 805 1446 coloni
823 1385 960 1443 haeredem
1010 1397 1100 1443 turrea
1115 1403 1163 1459 per
1175 1402 1232 1453 cos,
1248 1387 1296 1460 qui
1308 1386 1374 1444 iacit
1387 1387 1523 1444 mirabilia
1536 1402 1634 1458 magua
1648 1386 1736 1442 solus.

176 1490 415 1556 interfecerunt,ut
428 1486 559 1542 haberent
568 1482 619 1555 ipsi
632 1482 692 1555 ejus
704 1478 887 1536 hereditatem
902 1476 962 1532 tiu·
1044 1474 1151 1544 Nonne,
1164 1477 1265 1547 inquis,
1276 1486 1304 1532 et
1318 1477 1377 1548 ipse
1388 1476 1470 1533 lesus
1484 1476 1584 1539 orarit,
1607 1476 1719 1547 quando
1740 1473 1801 1530 Le-

175 1569 292 1639 dicando
307 1579 359 1637 sibi
373 1576 488 1635 docendi
502 1586 528 1632 et
540 1573 681 1646 judicandi
705 1570 907 1626 auctoritatem,
923 1566 961 1622 De
1012 1584 1108 1625 aarum
1122 1568 1282 1624 suscitavit?
1296 1567 1397 1625 Verum
1406 1578 1466 1636 est;
1478 1568 1529 1625 sed
1541 1584 1604 1625 cum
1616 1568 1668 1623 lrac
1678 1566 1807 1623 animad-

175 1689 229 1746 qua
240 1670 370 1728 nimirum
383 1667 542 1725 anctoritate
554 1663 704 1721 secundum
715 1661 800 1733 legem
813 1659 890 1716 illisa
904 1657 960 1714 Deo
1012 1659 1192 1725 tertiatione
1201 1660 1304 1732 pariter
1316 1660 1452 1717 debueras
1469 1661 1619 1727 attendere,
1637 1659 1711 1731 qnod
1730 1658 1807 1714 iuter

176 1763 311 1836 promissa
329 1760 479 1819 debuerant
493 1757 583 1814 lacere
595 1757 669 1811 ituria
681 1752 811 1820 lructum,
824 1751 962 1824 quasillo·
975 1740 997 1795 Β
1011 1752 1144 1809 orandum
1160 1751 1246 1808 dicit:
1259 1752 1343 1807 Pater
1353 1754 1455 1825 gratier
1466 1769 1516 1824 aga
1527 1751 1585 1817 iiii,
1597 1753 1722 1824 quantiam
1732 1768 1807 1806 aena·

177 1854 204 1910 ni
217 1852 351 1927 agricolae,
365 1858 395 1906 ut
403 1848 567 1921 predicante
576 1845 689 1902 veritate
694 1842 848 1915 judicarent
859 1842 961 1897 aarum
1010 1856 1056 1911 per
1067 1857 1106 1896 ine
1116 1841 1210 1895 audis:
1224 1857 1270 1912 eqo
1283 1849 1372 1896 aetem
1383 1841 1497 1896 reiciam
1509 1840 1634 1913 ananiam
1643 1855 1748 1910 temper
1761 1855 1807 1895 me

177 1947 291 2012 bonum,
306 1952 333 1999 et
347 1942 449 1998 malum
466 1939 581 1994 malum.
598 1938 633 1992 alt
654 1937 693 1992 illi
710 1945 766 1991 tam
784 1932 962 2007 pertinaciter
1012 1935 1108 2000 andis:
1123 1935 1168 1990 red
1178 1933 1487 2007 propterpapuiam,qni
1506 1934 1671 2000 circumstat,
1685 1933 1756 2001 diei,
1770 1940 1807 1988 rit

175 2037 366 2108 judicaverunt
382 2031 484 2086 malum
510 2029 624 2095 bonnm,
640 2037 667 2082 et
681 2027 784 2083 bonum
799 2025 913 2089 malum,
931 2031 963 2080 ιιι
1012 2027 1113 2095 eredat,
1137 2028 1302 2100 quintanae
1318 2028 1415 2082 misisti
1438 2025 1530 2099 (lauit.
1548 2042 1588 2095 xi,
1613 2026 1659 2093 ll,
1682 2025 1740 2097 li).
1772 2024 1808 2083 st

177 2127 330 2184 Durabltam
344 2125 477 2179 latronem
492 2120 571 2193 quasi
589 2119 691 2175 bunum
709 2116 808 2174 dimitti
821 2123 962 2188 tartareum
1013 2121 1115 2194 gratias
1129 2120 1236 2194 agebat,
1249 2121 1291 2177 vel
1303 2121 1402 2176 orabat
1411 2129 1523 2193 propter
1534 2120 1664 2191 populum
1679 2118 1807 2176 eircum-

177 2220 270 2277 lesum
287 2230 350 2274 uero
362 2214 440 2287 quasi
453 2214 556 2269 malum
569 2211 734 2268 occiderent·
749 2210 788 2266 De
798 2209 851 2266 ¹¹⁰0
861 2207 964 2265 scelere
1014 2223 1142 2282 stantem,
1160 2229 1214 2269 non
1232 2213 1284 2269 hoc
1298 2211 1361 2269 lecit
1376 2221 1487 2286 propter
1507 2228 1538 2269 se
1558 2212 1659 2284 ipsum.
1677 2210 1740 2268 lion
1754 2227 1808 2268 nc·

179 2318 240 2382 post
252 2309 398 2364 adveutum
420 2305 507 2361 sancii
522 2303 641 2376 Spiritui
657 2303 789 2359 mundum
802 2301 837 2358 de
852 2308 963 2373 Ρθιῡῑιῑθ
1014 2308 1140 2366 cessitate
1151 2307 1205 2374 sui,
1220 2305 1269 2361 sed
1281 2305 1416 2361 clraritnte
1430 2306 1518 2362 nostri
1541 2306 1640 2372 orarit,
1654 2315 1684 2361 et
1698 2306 1808 2378 gratim

178 2414 205 2460 et
218 2403 252 2458 de
262 2400 369 2473 Justitia
382 2397 521 2472 arguentis
535 2413 583 2471 per
598 2404 709 2454 sanctos
728 2395 884 2466 Apostolos,
901 2393 965 2465 qui·
1014 2402 1078 2473 egit,
1098 2409 1128 2455 ut
1139 2415 1189 2456 nos
1203 2400 1361 2465 instrueret,
1376 2398 1459 2454 aliam
1470 2393 1615 2469 personarit
1630 2413 1692 2455 csse
1702 2399 1807 2469 patris,

178 2497 241 2552 dam
259 2492 346 2550 Judaei
361 2490 550 2565 poenitentiam
573 2499 697 2562 egerunt,
717 2489 829 2560 quidam
849 2502 915 2543 tero
935 2487 965 2543 iu
1015 2495 1098 2550 attam
1113 2493 1176 2550 sni:
1202 2503 1284 2564 atque
1298 2500 1330 2547 ut
1348 2507 1400 2548 nas
1424 2506 1523 2563 magna
1544 2490 1634 2547 iacere
1652 2492 1809 2563 cogitantes

179 2604 229 2645 sua
242 2585 346 2643 malitia
368 2584 554 2657 perstiterunt,
573 2598 709 2655 suumque
722 2597 792 2652 opus
806 2581 909 2637 malum
923 2580 966 2638 di·
1015 2586 1213 2659 praemittamus
1223 2600 1271 2654 per
1283 2583 1372 2655 ipsum
1383 2583 1417 2639 ud
1431 2581 1539 2639 Patrem
1555 2584 1703 2650 orationes,
1714 2599 1809 2656 quan·

179 2684 313 2747 texerunt,
325 2679 372 2737 sed
385 2694 455 2750 opus
467 2675 515 2734 Dei
528 2677 641 2743 bonnm,
655 2675 729 2747 quod
744 2675 806 2731 iude
818 2673 957 2747 provenit,
1015 2676 1051 2734 do
1065 2676 1147 2734 etiam
1161 2678 1252 2748 ipsum
1266 2674 1458 2747 cognoscimus
1473 2689 1577 2743 orasse,
1591 2674 1640 2747 qui
1655 2676 1745 2747 patuit
1761 2673 1809 2731 la·

181 2787 231 2827 nee
246 2770 404 2842 intelligere,
420 2783 471 2825 uec
482 2767 595 2840 diligere
606 2767 760 2823 voluerunt
1016 2784 1078 2826 cere
1090 2783 1200 2841 magna,
1216 2767 1240 2824 si
1254 2766 1395 2834 valuisset,
1410 2766 1659 2837 absqucoratioue,
1673 2767 1735 2823 solo
1746 2782 1809 2823 suae

216 2861 253 2918 De
264 2862 307 2918 liis
319 2873 470 2930 eorumque
483 2856 646 2929 sequacibus
661 2871 734 2912 nunc
744 2855 845 2912 dicitur
854 2855 881 2910 in
897 2853 967 2927 psal·
1015 2862 1125 2918 virtutis
1138 2860 1264 2932 imperio,
1279 2859 1350 2916 sieut
1365 2875 1453 2927 mare,
1465 2868 1617 2928 tentosque
1629 2859 1689 2916 solo
1699 2859 1809 2916 sedarit

181 2969 240 3010 tiro:
254 2950 402 3009 &cundem
413 2966 491 3022 opera
502 2965 627 3004 manuam
640 2945 896 3014 aarnmtriineiilia,
907 2944 967 3001 red·
987 3010 990 3017 Ι
1017 2949 1141 3023 imperio,
1169 2948 1234 3005 Solo
1261 2947 1376 3020 imparia
1391 2948 1495 3021 lepram
1523 2948 1666 3005 mundarit
1692 2947 1808 3007 dinem:

180 3049 213 3102 aie
225 3045 422 3102 retribationem
438 3058 529 3098 eornm
543 3042 618 3113 iprir,
633 3043 757 3113 quereiam
767 3056 817 3096 uon
832 3036 967 3094 intellexe-
979 3089 1004 3153 c
1018 3042 1075 3098 aaio
1089 3042 1217 3098 mandare
1228 3039 1338 3114 (Matri.
1353 3057 1414 3110 utri,
1425 3042 1464 3112 ὅ).
1478 3040 1512 3098 Ει
1526 3042 1598 3100 sicut
1611 3041 1739 3099 cumdem
1754 3041 1811 3098 La·

182 3153 243 3191 ram
264 3147 343 3207 opera
358 3133 476 3189 Domini.
496 3131 584 3189 Etiam
599 3147 662 3188 cum
679 3132 750 3188 inter
762 3146 819 3198 eos,
835 3139 863 3186 et
883 3129 911 3184 in
925 3128 967 3186 eis
1019 3150 1112 3191 aarum
1127 3133 1164 3190 de
1177 3133 1302 3204 sepulcro
1312 3133 1387 3190 exire
1408 3132 1551 3204 imperarit
1567 3134 1661 3191 dicens
1673 3152 1681 3190 t
1691 3133 1809 3201 Lazare,

182 3227 317 3286 mirabilia
332 3242 414 3299 opera
429 3227 525 3283 tierent
549 3225 687 3282 suscitatis
701 3225 828 3292 mortuis,
851 3222 968 3294 leprosis
1017 3227 1074 3284 aeni
1099 3226 1172 3296 saraa
1196 3222 1287 3295 (luae.
1307 3239 1347 3289 ιι,
1366 3222 1425 3295 li),
1444 3232 1473 3280 et
1496 3224 1569 3280 sicut
1589 3224 1733 3295 discipulis
1749 3224 1811 3297 pis·

183 3320 332 3387 mundatis,
348 3319 453 3376 claudis
464 3319 578 3386 curatis,
593 3318 673 3374 caecis
685 3316 857 3381 illuminatis,
869 3323 896 3370 et
906 3313 969 3371 aliis
1018 3317 1145 3374 cantibus
1157 3315 1247 3373 ditit:
1265 3316 1364 3372 liittite
1390 3315 1418 3370 iu
1441 3315 1561 3371 dextram
1581 3316 1680 3388 aaaiqii
1701 3326 1766 3382 rete,
1782 3325 1811 3372 ιι

183 3412 276 3468 inultis
300 3410 441 3468 miraculis
455 3411 626 3481 perpetratis,
644 3408 694 3478 ipsi
709 3424 761 3461 nan
783 3405 968 3462 intellexerant
1019 3410 1153 3466 {seminetis
1175 3407 1266 3478 (laert.
1282 3423 1340 3474 xri,
1358 3406 1398 3478 iil.
1416 3406 1487 3475 Quid
1501 3407 1592 3463 dicam
1615 3408 1650 3463 de
1669 3407 1812 3479 imperial

185 3519 263 3576 opera
277 3500 384 3557 Dantirti
399 3499 584 3557 testimonium
599 3498 710 3555 Christo
724 3496 906 3569 perhibentia,
930 3496 969 3552 si·
1018 3502 1107 3559 Etiam
1120 3502 1271 3558 solotacito
1284 3509 1353 3556 nutu
1369 3499 1434 3557 iecit
1445 3500 1583 3556 mirabilia
1598 3500 1650 3557 iste
1661 3499 1809 3570 Dominus,

184 3602 232 3651 ⁰⁰2
246 3592 400 3665 ῑιῡθΰῑῐῖῑῑ
418 3590 501 3646 Pater
515 3591 543 3646 in
556 3607 596 3646 ιιι
607 3605 725 3657 manem,
745 3589 800 3660 ¹'iiii
812 3588 877 3658 [⁰⁶5³
889 3603 969 3658 iiim
1019 3595 1066 3668 qui
1080 3595 1181 3651 dicitur
1196 3592 1287 3651 lesus.
1302 3592 1371 3651 Nam
1382 3609 1446 3651 cum
1464 3593 1613 3665 innuptiis
1631 3596 1811 3667 praecepisset

199 3687 290 3760 (Jaan.
304 3703 361 3755 ιιι,
374 3685 429 3758 ld).
445 3685 528 3743 item:
543 3685 641 3757 Opera,
654 3701 713 3757 qne
728 3701 775 3757 ega
790 3684 860 3756 sacia
877 3684 904 3738 in
919 3699 969 3737 aa·
1019 3703 1119 3759 aquam
1133 3687 1238 3743 hauriri
1253 3701 1303 3759 pro
1322 3687 1397 3756 rino,
1419 3688 1530 3744 tacitum
1549 3686 1610 3758 eins
1626 3697 1723 3745 nutum
1741 3705 1811 3745 seu-

185 3782 254 3836 rnine
280 3777 371 3834 Pania
394 3779 456 3848 mei,
471 3779 520 3834 iila
536 3779 713 3835 testimoniam
726 3776 859 3849 peritiam
870 3777 902 3832 de
917 3793 968 3834 me.
1020 3779 1091 3834 tiens
1102 3788 1198 3834 natura
1214 3777 1339 3834 cultiliuit
1352 3792 1453 3848 aquam
1468 3778 1496 3833 in
1510 3780 1606 3833 uinum
1621 3777 1733 3836 iactam.
1754 3779 1812 3835 'ia-

186 3870 276 3943 (Jaan.
292 3887 320 3938 x,
333 3869 390 3939 ΞΒ).
407 3867 496 3924 item:
517 3867 548 3924 Si
563 3884 643 3940 opera
664 3884 717 3923 uon
739 3868 860 3938 [eeiaaem
873 3866 901 3921 ia
919 3866 969 3936 eia,
1020 3869 1058 3925 lia
1069 3881 1132 3926 sunt
1143 3884 1225 3941 opera
1239 3867 1362 3935 Domini,
1376 3868 1469 3942 qualia
1492 3885 1574 3926 nemo
1591 3870 1663 3927 alius
1678 3870 1753 3938 iecit,
1775 3881 1806 3928 et

185 3980 242 4036 qne
253 3977 328 4018 neum
342 3969 411 4016 atam
424 3961 497 4037 iecit,
513 3972 650 4031 peceatum
673 3976 724 4014 aaa
738 3959 860 4015 lraierent
877 3957 969 4030 (laert.
1021 3962 1138 4034 qualiter
1151 3975 1233 4017 uerno
1244 3959 1315 4016 alius
1330 3958 1405 4029 iecit,
1419 3970 1467 4017 aut
1479 3960 1571 4018 lacere
1583 3963 1681 4033 potuit.
1695 3960 1736 4020 Ex
1747 3964 1812 4034 qui·

186 4073 231 4127 xv,
244 4056 302 4128 ii).
315 4054 381 4112 ltenr
397 4074 405 4110 z
420 4054 585 4111 Patermenr
598 4070 679 4125 arque
693 4052 770 4108 mado
791 4063 927 4125 operatur,
944 4063 971 4108 et
1020 4053 1073 4110 ltus
1095 4054 1224 4126 operibus
1245 4060 1354 4124 poterat
1379 4053 1438 4124 ipse
1456 4053 1587 4126 cognosci
1618 4063 1811 4111 creaturarum

185 4165 232 4221 ega
248 4163 341 4219 operar
356 4145 447 4219 (ioan.
462 4162 490 4214 u,
510 4145 571 4220 il),
582 4143 670 4202 item:
687 4145 717 4200 st
734 4146 800 4199 ntiiri
816 4161 868 4201 nen
890 4146 971 4202 atritis
1021 4143 1165 4201 Dominus.
1182 4145 1218 4201 At
1238 4144 1279 4199 illi
1302 4160 1355 4199 nara
1378 4142 1565 4200 intellexerant
1586 4161 1665 4217 opera
1687 4143 1810 4212 Domini,

186 4241 300 4309 eredere,
311 4238 433 4310 eperiiua
452 4238 558 4307 eredita,
572 4246 600 4292 ut
611 4238 785 4310 cognoscatis,
799 4247 825 4293 et
845 4238 971 4306 eredatia,
1021 4235 1158 4308 quierant
1169 4234 1240 4291 serti
1251 4235 1373 4305 pessimi,
1387 4235 1452 4307 quia
1465 4235 1527 4292 talis
1539 4251 1628 4291 erasa
1638 4236 1733 4306 erescit,
1743 4237 1811 4306 qaid

185 4331 302 4400 qniaeqa
313 4330 341 4383 in
357 4326 439 4382 Patre
454 4342 586 4395 masana,
599 4336 625 4383 et
637 4326 719 4382 Pater
730 4328 758 4382 in
769 4343 810 4382 me
822 4337 861 4382 eat
876 4325 970 4399 (ioan.
1022 4326 1105 4398 saciat
1118 4325 1247 4381 Dominae
1259 4325 1317 4397 ejus
1333 4325 1425 4396 (laert.
1439 4343 1484 4396 nr,
1498 4327 1553 4398 15).

186 4437 215 4487 x,
226 4419 282 4486 58).
296 4417 380 4473 Atilii
406 4433 458 4472 non
472 4417 658 4473 intellexerant
671 4433 750 4489 opera
760 4417 828 4484 Dei;
845 4434 909 4487 non,
931 4419 1010 4490 ιιι-1)
1058 4414 1094 4470 Et
1104 4415 1132 4471 ia
1148 4431 1229 4486 opera
1248 4431 1376 4471 maneum
1396 4418 1463 4486 ejnr.
1491 4415 1573 4472 Aliud
1597 4425 1640 4474 est
1658 4416 1813 4488 intelligere

186 4528 281 4585 quam,
307 4509 578 4582 intellectuumque
599 4518 691 4567 tamen
706 4525 755 4582 per
772 4510 906 4567 rationem
920 4509 972 4566 sibi
1024 4522 1114 4578 opera,
1129 4515 1157 4562 et
1170 4504 1245 4562 aliud
1264 4506 1416 4579 intelligere
1436 4506 1464 4561 in
1486 4523 1575 4578 apere.
1593 4506 1680 4579 Opera
1698 4507 1811 4564 Dourim

187 4606 278 4661 datam
291 4601 441 4674 intelligere
454 4602 616 4669 debuerunt,
630 4610 658 4657 et
674 4610 834 4673 potuerunt,
850 4602 874 4657 si
891 4616 974 4673 opera
1024 4599 1162 4672 intelligit,
1177 4600 1224 4671 qui
1244 4600 1304 4656 lraec
1325 4598 1470 4656 Dominum
1491 4601 1599 4672 operari
1625 4601 1762 4672 inteiligit,
1782 4612 1813 4659 et

188 4696 236 4754 Dei
251 4695 334 4769 qnasi
349 4694 454 4751 litteras
467 4709 530 4750 rere
543 4693 738 4766 significativas
752 4694 842 4766 legere
864 4701 892 4750 et
914 4694 975 4748 ani·
1024 4692 1072 4764 qui
1084 4708 1117 4750 er
1133 4692 1201 4763 ipsis
1212 4692 1341 4762 operiam
1363 4700 1521 4763 operantem
1543 4690 1688 4748 Dominum
1710 4692 1814 4748 intelli·

188 4788 357 4844 madvertere
370 4784 528 4841 voluissent.
538 4781 690 4840 inaniiiiia
699 4783 769 4839 enim
779 4783 862 4853 ipsias
874 4799 976 4839 aerea·
1026 4785 1074 4858 git,
1088 4794 1116 4840 et
1126 4784 1225 4857 diligit.
1239 4783 1293 4840 Sed
1309 4784 1337 4837 in
1351 4799 1431 4853 apere
1449 4798 1577 4837 manem
1596 4783 1654 4853 ejas
1670 4782 1816 4854 inteiligit,

190 4889 250 4933 tara
264 4874 463 4947 mandiperea,
477 4874 619 4945 quaefacta
633 4882 706 4941 ruat,
721 4871 853 4927 intellecta
868 4874 975 4944 canapi·
1024 4876 1072 4949 qui
1089 4876 1213 4932 internas
1228 4891 1261 4933 ac
1273 4875 1404 4949 mysticas
1417 4888 1532 4944 operum
1550 4889 1650 4930 causas
1673 4874 1813 4948 intelligit,

188 4968 306 5033 ciuntur,
326 4965 485 5043 sempiterna
497 4980 598 5036 quoque
608 4965 690 5019 cirtae
703 4964 772 5035 ejaa,
790 4973 816 5020 et
829 4963 974 5033 Divinitas,
1026 4976 1056 5023 ut
1072 4968 1149 5025 uerbi
1161 4966 1266 5039 gratia;
1281 4980 1328 5038 per
1342 4966 1431 5021 iulum
1457 4965 1492 5020 de
1506 4972 1587 5035 sputo
1606 4963 1744 5021 Dominici
1755 4964 1814 5022 uiis

119 5064 123 5075 '
189 5061 230 5116 ita
248 5068 277 5113 ut
301 5059 355 5114 aim
379 5055 570 5112 inexcusabiles
596 5055 684 5127 (liam.
701 5056 791 5127 niti),
820 5056 977 5128 quicunque
1024 5057 1269 5130 etpulvercterrae
1294 5053 1398 5110 lactum
1418 5053 1581 5126 intelligitur
1600 5053 1751 5109 Dominicae
1768 5055 1816 5109 in·

189 5168 237 5223 per
259 5165 340 5222 opera
370 5148 487 5205 risibilia
516 5148 664 5204 noluerunt
687 5149 838 5219 intelligere
860 5148 906 5204 illa
933 5151 976 5204 iu·
1025 5147 1193 5206 carnationis
1209 5145 1380 5218 mysterium,
1396 5158 1452 5215 quo
1465 5144 1600 5214 sapientia
1612 5159 1646 5200 ex
1665 5160 1714 5200 ore
1727 5144 1815 5201 Altis·

190 5242 308 5299 nisilrilia
335 5240 394 5307 Dei,
423 5256 484 5311 que
516 5256 563 5311 per
586 5240 644 5311 ipsa
666 5238 783 5295 visibilia
809 5237 880 5295 iacta
912 5249 977 5295 suut
1025 5243 1088 5299 simi
1101 5240 1230 5312 prodiens
1245 5238 1400 5308 pulueream
1417 5238 1526 5307 generis
1549 5236 1663 5292 humaui
1683 5248 1815 5295 naturum

191 5333 381 5407 intelligibilia.
395 5332 463 5389 Coeli
482 5348 545 5388 enm
565 5330 711 5389 Dominum
732 5346 813 5388 suum
835 5329 976 5388 iudicate·
1026 5333 1078 5390 sihi
1090 5333 1177 5388 univit
1189 5332 1224 5388 ad
1237 5328 1426 5386 medicandam
1441 5329 1555 5385 humani
1576 5328 1684 5400 generis
1701 5331 1816 5387 weita-

191 5435 266 5493 ruut,
281 5425 390 5496 quando
406 5425 520 5496 gloriam
531 5424 592 5497 ejus
602 5435 799 5481 enarraverunt
810 5439 857 5495 per
870 5424 976 5481 stellam
1026 5437 1080 5484 tent
1099 5443 1146 5498 per
1169 5425 1367 5482 incarnationis
1380 5423 1531 5480 Dominicae
1545 5422 1627 5480 iidem
1639 5431 1667 5478 et
1683 5422 1815 5482 dilectio·

192 5517 221 5571 in
234 5518 337 5573 oriente
352 5516 437 5587 lingis
454 5516 573 5574 lucidam
585 5516 672 5574 risam
684 5526 711 5573 et
723 5516 899 5573 intellectam.
911 5515 977 5573 Ter·
1027 5532 1099 5573 nem.
1111 5515 1150 5573 lit
1163 5516 1215 5572 lice
1236 5514 1295 5570 luto
1316 5514 1482 5574 suavissime
1504 5515 1639 5571 liniuntur
1662 5513 1815 5572 interiores

192 5619 226 5660 ra
238 5621 268 5661 ee
280 5620 349 5677 opus
363 5607 423 5677 ejus
431 5623 492 5664 esse
502 5607 643 5671 indicauit,
655 5607 764 5680 quando
777 5607 836 5677 ipso
845 5609 978 5666 morienne
1026 5608 1284 5665 catechumenorum
1299 5609 1382 5677 oculi,
1397 5609 1478 5665 etsie
1489 5608 1637 5664 mittuntur
1648 5608 1682 5663 ad
1699 5616 1815 5664 natatu·

194 5692 239 5746 rei
248 5705 405 5766 resurgente
419 5700 595 5755 contremuit.
612 5698 706 5757 Ventis
716 5708 744 5756 et
759 5697 829 5754 mari
845 5707 977 5770 tarrquam
1028 5701 1098 5756 riam
1113 5698 1199 5768 Silae,
1215 5700 1242 5757 id
1256 5710 1307 5767 eat,
1324 5703 1358 5759 ad
1371 5702 1548 5775 baptismum.
1563 5700 1697 5758 Similiter
1709 5712 1815 5772 perta·
