3817 6000
396 223 535 278 16⁴7

1326 226 1628 286 GEnnonl
1661 225 2052 283 PRAEPOSlTl
2089 224 2630 284 REICHERSPERG.

3504 219 3725 291 μηδ’

393 343 736 399 tribulatione
754 345 995 414 eripuisti
1016 361 1095 400 me
1141 345 1430 402 statuendo
1480 346 1535 399 in
1582 344 1720 400 locis
1753 343 1964 400 tutissi-
1991 350 2040 410 Α
2065 357 2208 408 eam,
2243 356 2340 412 per
2380 344 2523 398 hanc
2575 344 2747 413 ipsam
2775 350 3101 413 potestatem
3149 348 3286 402 satis
3311 349 3531 404 ostendi
3554 367 3643 408 me

393 439 499 494 mis
544 437 806 511 Engaddi,
846 439 914 494 de
954 439 1156 510 quibus
1216 439 1271 494 in
1319 438 1477 493 titulo
1530 451 1696 508 supra
1755 436 1961 493 dictum

393 539 589 678 escldeo
641 639 796 693 snper
843 622 1085 678 inimicos
1120 637 1259 676 meos
1292 619 1528 692 despexit
1564 617 1746 672 oculus
1795 632 1962 671 meus.

392 716 604 773 Inimici
634 704 974 787 mei'Ziphoei
1002 716 1208 787 pridem
1231 728 1391 784 super
1414 728 1499 767 me
1527 709 1767 777 suerunt,
1792 723 1967 779 quan·
2010 698 2016 709 ⁴

390 812 463 865 do
492 825 577 865 me
602 809 752 865 Sauli
778 809 1149 881 prodiderunt.
1177 805 1306 872 Sed,
1336 805 1463 876 quia
1486 803 1552 860 de
1576 802 1754 859 medio
1774 815 1965 857 eorum

392 906 654 960 liberatus
686 903 741 957 in
768 900 904 957 locis
955 898 1246 956 tutissimis
1272 897 1512 969 Engaddi
1546 910 1762 960 maneo,
1819 909 1968 949 nunc

395 1012 651 1066 tna-quam
703 995 771 1046 dn
820 995 928 1046 altr}
996 1012 1144 1062 siqu-r
1196 992 1431 1044 inimicos
1484 989 1719 1058 despexit
1782 985 1967 1041 oculus

395 1110 555 1154 nri-ns,
591 1090 864 1158 *inqu-frmi
900 1086 1104 1138 imin-ns
1136 1099 1324 1139 annues
1353 1083 1514 1138 flores
1540 1081 1882 1151 Ziphaeorum
1911 1079 1967 1133 in

395 1186 571 1238 ramis
643 1186 816 1234 rit-um:
876 1182 1220 1250 glus-iambum
1276 1177 1441 1232 nimis
1496 1191 1656 1244 vane,
1704 1175 1967 1246 quoniam

403 1302 415 1326 ι
455 1278 631 1330 *nuruis
671 1294 800 1330 :nrm
848 1274 1052 1330 fernam,
1084 1282 1132 1322 ut
1160 1271 1337 1326 omnis
1364 1269 1535 1342 gloria
1563 1269 1683 1339 ejus
1706 1278 1965 1337 tanquam

395 1378 491 1426 ilus
519 1374 619 1426 l'rni
651 1370 695 1438 Η
719 1370 856 1422 ill-rr,
880 1386 912 1426 ι,
936 1370 968 1422 2¹
988 1370 1044 1434 ll.
1068 1390 1080 1414 ι-
1108 1386 1120 1414 ι
1152 1366 1204 1418 :ii
1228 1373 1406 1421 autem
1433 1363 1793 1433 senum,quod
1809 1361 1969 1416 hodie

393 1478 495 1526 νεά,
527 1474 575 1514 ul
619 1478 739 1518 {flurs
783 1462 832 1514 ἰιι
864 1462 1136 1514 clibanum
1172 1456 1397 1512 mittitur
1444 1454 1660 1528 (Matth.
1694 1469 1768 1520 vt,
1798 1452 1913 1524 30),
1942 1471 1962 1502 ι

395 1558 579 1610 liorem
607 1570 787 1614 suunt,
816 1570 924 1622 qur·
956 1570 1100 1602 uitur
1124 1549 1369 1616 sumitur,
1399 1548 1685 1618 plusquam
1709 1544 1967 1602 Salomon

2066 433 2237 490 Deum
2264 449 2389 491 esse
2431 442 2679 505 potenter
2708 435 3013 502 moriendo,
3042 445 3098 492 et
3133 446 3384 507 potenter
3410 456 3440 497 a
3464 453 3642 499 morte

2066 526 2419 597 resurgendo.
2473 524 2578 582 Sed
2629 526 2705 580 illi
2736 543 2841 581 non
2868 539 3252 598 proposuerunt
3304 529 3474 589 Deum
3522 545 3643 590 ottte

2065 628 2393 690 conspectum
2408 636 2561 675 suunt
2584 635 2690 676 non
2708 629 3111 691 proposuerunt
3133 633 3259 678 ante
3286 634 3641 695 conspectum

2066 729 2226 770 suum
2256 713 2581 785 flagellatum
2616 722 2672 770 et
2696 715 2940 771 occisum
2984 731 3071 772 me
3100 716 3401 783 hominem,
3431 719 3517 775 sic
3547 722 3641 776 ba-

2066 806 2195 861 bere
2237 806 2596 872 divinitatem,
2644 814 2706 860 ut
2752 806 3058 863 credendus
3104 823 3283 864 essem
3312 808 3457 866 Deus
3493 830 3508 864 ε
3543 826 3645 869 uo-

2066 896 2285 951 luerunt
2307 895 2605 967 intelligere
2635 911 2801 967 super
2827 912 3060 969 egenum
3088 906 3144 953 et
3177 913 3497 969 pauperem.
3530 900 3645 959 Hoc

2069 1004 2306 1059 namque
2332 988 2565 1043 libenter
2591 987 2995 1055 intellexerunt,
3041 990 3190 1059 quod
3229 1006 3407 1046 essem
3436 1007 3642 1064 egenus

2067 1089 2121 1136 et
2149 1096 2355 1151 pauper
2387 1097 2400 1132 z
2427 1096 2591 1151 supra
2620 1081 2704 1137 vel
2739 1082 2876 1136 ultra
2902 1082 3007 1138 hoc
3029 1068 3322 1139 noluerunt
3342 1086 3645 1155 intelligere

2069 1173 2272 1243 aliquid
2304 1172 2371 1228 de
2399 1188 2519 1227 mea
2543 1171 2855 1238 Divinitate,
2896 1174 2990 1228 scd
3043 1175 3382 1244 puniendum
3411 1192 3646 1234 censue-

2068 1275 2198 1320 runt
2235 1280 2323 1320 me
2352 1265 2512 1335 quasi
2548 1272 2737 1321 testem
2771 1262 2993 1332 salsum,
3018 1264 3113 1320 Dei
3140 1266 3547 1338 blasphemum,
3577 1287 3646 1326 eo

2068 1358 2214 1428 quod
2240 1358 2493 1426 dixerim,
2522 1358 2716 1413 Filium
2740 1357 2834 1413 Dei
2861 1359 2945 1413 vel
2972 1357 3142 1414 Deum
3173 1375 3297 1416 esse
3329 1376 3437 1417 me.

2139 1449 2296 1518 Quod
2325 1452 2371 1507 si
2426 1453 2530 1507 hoc
2564 1452 2797 1509 dicendo
2848 1451 3022 1509 salsus
3059 1453 3214 1510 testis
3268 1453 3523 1523 fuissem,
3553 1468 3650 1513 aut

2070 1541 2421 1612 blasphemus
2449 1544 2502 1598 in
2535 1543 2726 1610 Deum,
2779 1559 2888 1600 non
2918 1543 3174 1599 haberem
3205 1546 3395 1617 utique
3423 1549 3647 1619 adjuto·

395 1654 447 1698 ἰιι
507 1646 655 1698 muni.
715 1646 880 1714 gluria
924 1662 1040 1702 sila,
1104 1654 1212 1694 tarn
1256 1641 1364 1695 cito
1394 1640 1600 1710 perdet,
1641 1648 1699 1693 ut
1747 1637 1967 1693 nonnisi
2070 1649 2185 1688 rem
2227 1633 2417 1701 Deum,
2451 1635 2595 1690 sicut
2638 1637 2822 1692 nullus
2854 1651 3096 1705 unquam
3127 1637 3480 1708 blasphemus
3511 1640 3649 1712 legi-

395 1742 575 1803 Ιιιιιιῐιὲτψ
611 1738 711 1791 ime
739 1748 836 1795 est,
876 1738 924 1787 in
968 1734 1240 1803 swa-sterni,
1270 1742 1322 1788 et
1346 1738 1726 1787 momentaneo
1752 1741 1964 1800 tempo-
1998 1712 2038 1768 Β
2070 1732 2159 1778 tur
2179 1739 2213 1780 a
2240 1723 2351 1780 Deo
2379 1725 2598 1795 adJ'utus
2632 1744 2646 1782 τ
2675 1726 2825 1782 verbi
2858 1728 3052 1798 gratia,
3084 1727 3296 1784 Pharao
3325 1744 3386 1786 se
3418 1729 3535 1787 Deo
3556 1749 3650 1803 pa·

395 1851 451 1883 re
483 1835 547 1885 sit
587 1847 595 1879 :
643 1831 767 1899 nnis
804 1847 908 1880 nnn
944 1831 1096 1879 lkwllr-
1154 1823 1447 1895 perpendat
1495 1837 1618 1878 esse
1661 1822 1967 1892 despicien-

391 1927 547 1987 dum,
583 1923 727 1991 qumi
759 1919 1160 1987 quantumljlwt
1192 1919 1259 1971 sit
1292 1915 1617 1981 formosum,
1655 1928 1763 1968 non
1792 1923 1971 1984 potest

395 2031 511 2067 usse
539 2015 856 2067 diuturnum
884 2015 900 2059 ’ἒ
932 2011 1052 2063 hir-n
1108 2023 1258 2079 snper
1294 2006 1535 2061 inimicos
1565 2021 1704 2060 meos
1733 2005 1970 2076 despexit

395 2111 571 2159 {sertim
635 2123 800 2167 ruens,
832 2107 980 2171 ιμήιι,
1020 2107 1120 2155 nisi
1156 2099 1402 2156 conversi
1430 2099 1653 2165 suerint,
1685 2107 1741 2154 et
1768 2113 1834 2154 ex
1864 2098 1972 2153 ini-

395 2199 551 2255 tulissifi
615 2199 771 2251 ansusi
816 2199 964 2259 ilani,
1024 2199 1204 2247 [mlum
1254 2193 1439 2249 carnis
1486 2207 1678 2249 eorum
1731 2191 1969 2248 breviter

395 2295 555 2343 laudii}
591 2291 820 2355 liutwini,
856 2299 908 2343 ri
940 2307 1084 2347 tirus,
1128 2291 1176 2339 ill
1204 2294 1288 2340 nst
1323 2285 1377 2339 in
1405 2285 1740 2356 sempiterno
1759 2283 1967 2351 futuro,

399 2387 447 2439 ἰιΙ
487 2387 703 2439 fluitant}
747 2383 996 2439 infernal]
1032 2383 1263 2436 auh-luit.

467 2475 647 2531 iil-‚urst
683 2479 767 2527 lair-
800 2475 1040 2543 1rsahnus
1076 2483 1220 2527 turns
1249 2471 1305 2526 in
1334 2484 1568 2541 persona
1596 2467 1802 2524 Christi
1836 2482 1971 2523 con-

400 2567 682 2624 venienter
707 2566 833 2638 legi,
865 2573 925 2621 ut
945 2565 1089 2621 dicat
1112 2565 1228 2634 ipse
1257 2565 1310 2618 in
1340 2563 1428 2619 die
1463 2561 1832 2618 tribulationis
1856 2576 1970 2617 suae

394 2659 712 2715 imminente
737 2656 841 2713 sibi
891 2655 1149 2727 passione
1196 2654 1338 2710 inter
1362 2654 1632 2724 ziphaeos,
1659 2653 1711 2708 id
1737 2659 1845 2718 est,
1873 2649 1971 2706 Ju-

394 2749 544 2805 daeos
580 2749 639 2803 iu
673 2747 858 2803 carnis
888 2745 1058 2818 gloria
1084 2743 1309 2802 floridos
1336 2762 1350 2797 ;
1385 2744 1525 2799 Deus
1553 2744 1734 2811 Pater,
1764 2741 1970 2797 salvum

392 2857 474 2895 me
518 2840 606 2910 [ac
657 2840 713 2893 in
768 2838 978 2893 nomine
1010 2847 1097 2890 tuo
1142 2835 1496 2907 glorificando
1525 2834 1755 2890 missum
1795 2834 1969 2904 :quia

391 2948 492 3005 ego
536 2932 662 2987 veni
716 2931 772 2986 in
815 2929 1039 2985 nomine
1070 2938 1183 2995 tuo,
1238 2937 1293 2983 et
1339 2944 1447 2983 non
1488 2935 1849 2999 susceperunt
1880 2940 1970 2981 me

304 3055 311 3063 ·
393 3024 620 3095 Ziphoei.
654 3023 811 3079 Alius
837 3023 1069 3094 posthac
1094 3022 1276 3077 veniet
1303 3008 1362 3076 in'
1407 3020 1629 3075 nomine
1659 3034 1784 3087 suo,
1812 3019 1968 3074 illum

395 3115 716 3187 suscipient,
745 3116 841 3187 qui
897 3130 984 3169 me
1034 3128 1180 3169 nunc
1221 3110 1395 3179 Sauli,
1439 3112 1493 3167 id
1534 3119 1618 3167 est
1659 3112 1823 3166 morti
1854 3121 1969 3166 tra-

393 3210 545 3266 dent.
596 3208 677 3263 Tu
705 3223 855 3279 ergo,
888 3205 1073 3274 Pater,
1120 3207 1174 3260 in
1200 3206 1359 3276 cujus
1413 3204 1635 3260 nomine
1676 3204 1802 3260 veni
1845 3219 1968 3275 ego,

392 3301 601 3357 salvum
621 3317 702 3355 me
741 3296 828 3371 fac
869 3300 925 3353 in
948 3298 1141 3354 eodem
1176 3298 1386 3352 nomine
1411 3307 1500 3351 tuo
1539 3312 1569 3351 a
1601 3305 1776 3352 morte
1798 3297 1974 3353 susci-

395 3392 585 3458 tand0,
645 3406 751 3444 non
808 3389 952 3444 sicut
982 3388 1282 3459 quemlibet
1333 3396 1632 3453 mortuum,
1686 3386 1783 3442 sed
1830 3386 1976 3441 sicut

395 3484 621 3541 unicum
655 3483 826 3537 filium
870 3488 1023 3536 tuum
1075 3488 1255 3536 tecum
1309 3488 1664 3550 regnaturum
1721 3486 1776 3535 et
1810 3493 1976 3548 super

398 3574 599 3630 solium
639 3570 811 3626 David
844 3584 1150 3637 sessurum,
1181 3568 1370 3635 velint,
1413 3568 1588 3623 nolint
1624 3566 1830 3622 inimici
1865 3566 1974 3623 mei

397 3665 623 3737 Ziphoei.
664 3662 772 3735 lpsi
800 3677 887 3718 me
926 3660 1137 3718 caeteris
1190 3660 1423 3717 mortuis
1473 3669 1878 3717 connumerant
1919 3669 1974 3716 et

398 3758 762 3817 commiscent
789 3756 845 3811 in
882 3754 1201 3810 infirmitate
1229 3767 1351 3808 mea
1372 3751 1633 3819 humana,
1665 3750 1760 3807 sed
1791 3758 1848 3806 tu
1885 3766 1974 3807 me

395 3850 601 3920 indica,
625 3849 681 3904 id
711 3857 813 3916 est,
841 3848 1092 3904 discerne
1116 3844 1316 3902 abillis
1340 3846 1396 3900 in
1427 3845 1621 3899 virtute
1643 3854 1756 3914 tua,
1788 3855 1974 3901 osten-

398 3944 533 3997 dens
567 3939 778 3997 scilicet
824 3954 923 4009 per
959 3952 1138 3995 meam
1188 3938 1642 3993 resurrectionem
1672 3945 1726 3993 et
1778 3952 1973 3993 ascen-

398 4035 635 4102 sionem,
666 4033 815 4104 quod
856 4046 960 4103 ego
990 4046 1113 4087 sum
1143 4028 1316 4087 Filius
1351 4039 1500 4098 tuus,
1534 4030 1707 4085 virtus
1736 4038 1850 4097 tua,
1881 4045 1973 4084 sa-

396 4125 599 4199 pientia
626 4134 719 4178 tua
750 4137 904 4193 aeque
936 4121 1305 4191 omnipotens,
1336 4129 1396 4175 ut
1424 4129 1482 4176 tu
1513 4116 1675 4175 Pater
1718 4120 1972 4190 omnipo-

401 4224 540 4271 tens.
566 4214 730 4281 Deus,
761 4212 957 4268 exaudi
1002 4211 1298 4266 orationem
1326 4226 1517 4265 meam.
1556 4207 1661 4276 Tu,
1694 4210 1788 4280 qui
1813 4208 1974 4265 Pater

398 4323 555 4364 meus
582 4322 663 4371 es,
694 4306 749 4360 in
773 4305 932 4375 cujus
970 4302 1195 4358 nomine
1223 4302 1347 4357 veni
1376 4316 1477 4373 ego
1518 4299 1712 4370 Filius,
1743 4310 1799 4357 tu
1829 4303 1973 4358 idem

2070 1816 2304 1873 rificavit
2339 1826 2395 1874 et
2443 1819 2701 1889 opposuit
2745 1819 2935 1875 volens
2982 1829 3174 1878 contra
3226 1822 3408 1893 ipsum
3458 1833 3652 1881 tenere

2071 1907 2245 1978 ipsius
2284 1910 2569 1980 populum.
2600 1910 2704 1966 Sed
2731 1911 2825 1966 illo
2846 1927 3029 1968 merso
3070 1928 3196 1968 curn
3225 1929 3331 1969 suo
3353 1915 3569 1986 populo
3597 1927 3652 1972 et

2070 2001 2333 2057 evadente
2361 2003 2560 2072 populo
2600 2000 2714 2069 Dei,
2747 2013 2893 2058 recte
2922 2004 2976 2057 iu
2997 2003 3250 2060 laudibus
3278 2004 3373 2061 Dei
3405 2009 3651 2064 caneba-

2067 2101 2157 2149 tur
2185 2110 2198 2148 :
2237 2111 2257 2145 t
2283 2093 2421 2161 Quis
2450 2094 2649 2150 similis
2673 2095 2752 2150 tui
2774 2095 2830 2150 in
2863 2094 3116 2162 sor-tibuS‚
3141 2096 3391 2165 Domine,
3418 2100 3552 2170 quis
3574 2102 3652 2156 si-

2067 2185 2216 2242 milis
2241 2185 2360 2240 tui?
2394 2185 2716 2258 Magnificus
2753 2187 2806 2242 in
2843 2187 3152 2252 sanctitate,
3194 2189 3456 2245 terribilis
3479 2200 3652 2262 atqua

2068 2276 2384 2346 laudabilis,
2429 2286 2484 2333 et
2533 2277 2741 2334 faciens
2767 2278 3040 2333 mirabilia
3076 2278 3275 2348 (Exod.
3326 2297 3417 2347 xv,
3469 2281 3585 2350 ss).
3622 2300 3648 2339 a

2068 2366 2365 2435 Quaeiista
2406 2368 3025 2425 videlicetzExtendisti
3055 2386 3277 2426 manum
3323 2383 3474 2428 tuam
3516 2391 3653 2431 ωο-

2068 2468 2153 2516 tra
2187 2459 2527 2516 Pharaonem
2570 2461 2952 2532 blasphemum
2998 2472 3053 2518 et
3101 2464 3364 2519 satellites
3406 2465 3555 2535 ejus,
3594 2475 3651 2523 et

2069 2553 2354 2608 devoravit
2383 2568 2479 2609 eos
2501 2561 2668 2610 terra.
2703 2552 2838 2610 ltem
2860 2552 3365 2613 Nabuchodonosor
3391 2557 3651 2628 blasphe-

2069 2661 2194 2701 mus
2215 2644 2355 2701 salso
2382 2646 2688 2718 arrogando
2710 2645 2815 2705 sibi
2849 2646 3226 2703 celsitudinem
3251 2648 3495 2704 divinam
3521 2667 3651 2721 pro-

2065 2736 2246 2808 jectus
2282 2748 2366 2792 est
2397 2753 2464 2792 ex
2489 2736 2832 2805 hominibuS,
2862 2746 2919 2794 et
2946 2735 3130 2794 senum
3153 2741 3308 2810 quasi
3336 2740 3438 2796 bos
3468 2757 3651 2797 conte-

2069 2829 2169 2893 dit,
2197 2829 2372 2884 donec
2393 2838 2750 2900 cognosceret
2789 2829 3131 2886 Altissimum
3171 2832 3544 2888 dominantem
3591 2835 3649 2889 iu

2068 2934 2239 2990 regno
2264 2919 2549 2975 hominum
2579 2919 2744 2989 (Dan.
2801 2921 2897 2992 tv).
2957 2920 3207 2993 Longum
3251 2934 3334 2980 est
3382 2939 3651 2982 enarrare

2071 3008 2167 3066 Dei
2215 3010 2684 3083 blasphematores
2713 3013 2784 3068 ab
2812 3013 2933 3084 ipso
2960 3012 3074 3069 Deo
3098 3014 3411 3073 confutatos
3437 3025 3494 3072 et
3537 3017 3651 3073 hu·

2071 3101 2329 3161 miliatoS.

2143 3193 2210 3250 Et
2229 3211 2329 3267 ego
2357 3196 2543 3267 itaque
2569 3196 2617 3253 si
2643 3196 2814 3254 Deum
2836 3197 2922 3254 vet
2946 3197 3040 3255 Dei
3056 3196 3255 3255 Filium
3279 3199 3516 3257 dicendo
3537 3216 3652 3269 me,

2072 3286 2244 3344 falsus
2268 3298 2362 3344 aut
2385 3287 2736 3358 blasphemus
2771 3286 3021 3357 fuissem,
3070 3291 3322 3348 similiter
3350 3307 3382 3347 a
3411 3290 3526 3349 Deo
3554 3293 3656 3349 de-

2073 3380 2296 3436 relictus
2323 3381 2502 3451 ipsum
2531 3378 2700 3435 Deum
2727 3395 2836 3436 non
2861 3381 3176 3437 habuissem
3196 3373 3283 3438 vel
3303 3383 3569 3443 haberem
3597 3389 3656 3443 in

2073 3472 2349 3540 omnihuS,
2384 3486 2508 3542 quae
2532 3472 2683 3527 volui
2704 3481 2758 3527 et
2778 3473 2923 3539 volo,
2955 3473 3280 3544 adjutorem,
3308 3476 3454 3532 sicut
3479 3478 3659 3535 habui

2074 3578 2288 3634 semper
2323 3571 2378 3619 et
2406 3578 2554 3618 nunc
2577 3563 2775 3618 habeo.
2809 3561 2942 3617 Ecce
2960 3564 3101 3618 enim
3127 3564 3268 3620 Deus
3302 3567 3525 3636 adjuvat
3546 3586 3659 3638 nte,

2072 3665 2122 3709 et
2151 3654 2410 3710 Dominus
2434 3665 2706 3725 susceptor
2733 3666 2810 3708 est
2851 3656 3048 3711 animoe
3075 3672 3224 3725 nteoe,
3247 3658 3406 3729 cujus
3436 3661 3490 3715 in
3526 3678 3656 3716 ma-

2074 3765 2181 3805 nus
2208 3748 2591 3805 commendavi
2638 3747 2902 3819 Spiritum
2951 3751 3067 3805 sive
3093 3750 3335 3809 animam
3369 3769 3553 3810 meam
3596 3757 3657 3811 in

2074 3854 2254 3897 cruce.
2300 3839 2444 3897 Ecce
2486 3856 2635 3896 nunc
2679 3841 2902 3911 adjuvat
2945 3857 3036 3897 me
3086 3844 3362 3902 reddendo
3404 3846 3657 3903 animam

2074 3932 2177 3987 sibi
2205 3932 2660 4000 commendatam,
2684 3939 2795 3987 uta
2819 3945 2994 3989 morte
3013 3935 3311 3992 suscitatus
3337 3946 3392 3992 et
3420 3938 3488 3993 ad
3514 3940 3662 3995 dex·

2077 4034 2245 4080 teram
2272 4023 2444 4095 ipsius
2473 4026 2746 4081 exaltatus
2773 4041 2994 4098 regnem
3020 4028 3298 4099 sicutipse
3321 4027 3466 4086 Deus
3486 4028 3662 4089 Pater

2075 4133 2250 4173 meus.
2280 4116 2434 4173 Unde
2477 4134 2624 4174 nunc
2657 4118 2844 4188 etiam,
2875 4134 3003 4197 cum
3044 4121 3318 4177 infirmata
3361 4132 3447 4180 est
3475 4125 3662 4184 virtus

2075 4222 2195 4264 mea
2227 4209 2280 4263 in
2312 4209 2568 4265 manibus
2624 4209 2973 4266 inimicorum
3024 4226 3297 4280 meorum,
3340 4214 3501 4285 quasi
3558 4232 3660 4273 rex

2075 4301 2218 4357 inter
2252 4302 2398 4372 ipsos
2428 4302 2672 4373 dijudico
2701 4303 2841 4358 alios
2889 4302 3149 4361 addicens
3200 4307 3365 4361 morti
3408 4317 3658 4377 aeternae,

398 4412 617 4470 quoque
642 4395 785 4451 Deus
819 4410 974 4450 meus
995 4408 1077 4459 es,
1102 4394 1232 4464 quia
1264 4393 1431 4448 homo
1456 4408 1581 4449 sum
1614 4393 1842 4465 virginis
1876 4395 1970 4449 Fi·
2003 4404 2048 4459 1)
2077 4394 2215 4449 alios
2236 4409 2522 4450 reservans
2550 4395 2918 4468 indulgentias.
2944 4394 3076 4452 Dico
3107 4397 3253 4453 enim
3279 4416 3295 4453 t
3322 4399 3512 4455 Auem
3540 4419 3662 4456 ma·

400 4487 530 4551 lius,
560 4494 614 4540 et
634 4499 758 4555 ego,
801 4484 895 4553 qui
927 4492 1190 4553 tanquam
1236 4480 1380 4538 Deus
1412 4483 1691 4539 orationes
1731 4484 1972 4541 fidelium

398 4578 654 4641 exaudio,
705 4586 969 4646 tauquam
1022 4575 1188 4631 homo
1222 4590 1325 4646 pro
1375 4575 1511 4646 ipsis
1541 4576 1694 4631 oravi
1722 4586 1778 4632 et
1801 4577 1974 4632 inter-

398 4674 563 4745 pello.
615 4671 740 4727 ldeo
784 4671 909 4727 dico
940 4689 954 4725 :
985 4669 1151 4738 Deus,
1207 4670 1405 4725 exaudi
1443 4669 1735 4724 orationem
1783 4686 1974 4739 meam,

400 4781 566 4839 quam
588 4766 641 4820 in
665 4773 849 4819 monte
870 4763 1066 4820 Oliveti
1097 4779 1197 4834 pro
1223 4763 1359 4819 meis
1380 4761 1493 4819 rudi
1521 4764 1787 4834 prolixius
1811 4779 1976 4820 oran-

399 4860 491 4925 de,
513 4866 568 4914 et
596 4858 953 4928 sanguineum
980 4857 1233 4912 sudorem
1257 4856 1552 4914 fundendo.

470 4951 703 5007 Auribus
731 4951 936 5021 percipe
962 4948 1117 5004 verba
1148 4950 1254 5005 oris
1289 4950 1393 5005 mei
1418 4966 1519 5021 pro
1572 4950 1661 5008 his
1698 4966 1839 5024 quos
1880 4951 1978 5008 de-

400 5042 533 5099 disti
560 5041 697 5097 mihi
749 5042 816 5096 de
844 5039 1074 5107 mundo,
1120 5041 1369 5111 quoniam
1407 5039 1582 5097 Judaei
1621 5041 1736 5097 sive
1770 5039 1977 5113 Ziphoei

401 5138 701 5196 secundum
761 5151 981 5192 carnem
1017 5136 1278 5206 proximi,
1333 5135 1427 5191 sed
1479 5133 1764 5191 affectione
1816 5136 1979 5191 alieni

403 5230 533 5287 sacti
574 5232 979 5285 insurrexerunt
1014 5227 1291 5282 adversum
1321 5241 1425 5292 me,
1458 5235 1520 5281 ut
1553 5241 1641 5283 me
1666 5226 1976 5297 perderent,

401 5333 452 5377 et
496 5322 597 5392 ipsi
632 5322 795 5391 sortes
821 5319 959 5375 falsa
988 5317 1331 5382 fortitudine,
1363 5325 1422 5372 ut
1451 5316 1752 5387 phrenetici
1783 5316 1978 5372 adver-

404 5421 589 5468 santes
618 5412 752 5467 mihi
793 5411 1006 5466 medico
1050 5409 1369 5480 quaesierunt
1417 5410 1653 5462 animam
1687 5425 1858 5464 meam
1894 5411 1979 5466 vel

405 5503 461 5557 in
489 5517 603 5558 suae
626 5501 997 5571 perversitatis
1019 5514 1350 5556 consensum
1379 5499 1597 5554 trabere
1624 5499 1708 5555 vel
1740 5500 1928 5557 tollere
1946 5516 1980 5557 a

407 5607 517 5646 me.
554 5593 808 5648 Attamen
838 5594 993 5649 solus
1020 5608 1121 5663 ego
1145 5601 1466 5662 potestatem
1498 5592 1705 5649 habens
1731 5608 1830 5663 pro
1856 5610 1980 5649 mco

408 5679 544 5733 velle
593 5682 829 5748 ponendi
862 5683 1103 5738 animam
1135 5698 1335 5750 meam,
1378 5693 1433 5741 et
1477 5683 1671 5741 iterum
1728 5686 1979 5743 sumendi

2074 4487 2380 4541 [etinimicis
2410 4487 2560 4553 meis,
2588 4495 2637 4540 et
2660 4486 2717 4540 in
2763 4491 2982 4541 ueritate
3015 4496 3110 4541 tna
3151 4488 3392 4558 disperde
3413 4489 3566 4557 tuos,
3599 4501 3664 4549 ut

2075 4590 2129 4637 ct
2150 4581 2323 4637 malos
2348 4581 2488 4637 male
2514 4580 2713 4652 perdas
2735 4581 3036 4638 obstinatos
3062 4583 3116 4637 in
3143 4583 3348 4638 malitia
3376 4583 3659 4641 damnan-

2076 4673 2168 4740 do,
2199 4681 2253 4727 et
2291 4688 2408 4738 eoS,
2451 4672 2547 4743 qui
2589 4672 2841 4728 nesciunt
2875 4672 3007 4743 quid
3027 4672 3250 4739 saciant,
3278 4674 3347 4729 ad
3375 4675 3659 4745 poeniteu-

2078 4766 2208 4822 tiam
2249 4765 2645 4821 conservando.
2696 4763 2835 4822 Nam
2876 4781 2975 4836 pro
3017 4765 3106 4822 his
3161 4767 3219 4821 in
3274 4781 3438 4822 cruce
3484 4782 3663 4823 orans

2075 4871 2250 4929 aeque,
2282 4867 2343 4913 ut
2367 4874 2466 4929 pro
2492 4858 2635 4925 aliis,
2668 4873 2808 4928 quos
2834 4857 3031 4914 dedisti
3059 4859 3215 4926 mihi,
3239 4859 3541 4914 voluntarie
3567 4877 3663 4914 sa·

2078 4950 2325 5021 crifieabo
2357 4951 2452 5006 tibi
2480 4959 2844 5022 spontaneum
2873 4951 3147 5021 passionis
3171 4959 3227 5007 et
3267 4952 3466 5007 mortis
3492 4953 3662 5009 hoto—

2077 5052 2351 5100 caustum.
2377 5042 2483 5099 Pro
2524 5043 2724 5099 talibus
2764 5057 2987 5113 quoque
3026 5042 3083 5097 in
3109 5043 3490 5100 sacerdotibus
3512 5047 3665 5101 meis

2077 5136 2374 5191 voluntarie
2419 5135 2734 5206 sacrificabo
2778 5135 2896 5203 tibi,
2935 5148 2998 5191 ut
3023 5150 3186 5192 nemo
3226 5150 3295 5192 ex
3335 5137 3668 5196 hominibus

2079 5235 2286 5298 pereat,
2309 5226 2562 5283 nisimali
2590 5227 2733 5282 male
2752 5226 3041 5297 perdendi,
3068 5242 3209 5298 quos
3235 5238 3290 5283 et
3316 5228 3374 5283 in
3400 5230 3669 5288 oratione

2080 5335 2200 5375 mea
2253 5319 2442 5389 excepi
2471 5318 2701 5375 dicens:
2739 5337 2759 5371 ι
2794 5316 2913 5375 Non
2968 5334 3068 5390 pro
3115 5320 3322 5377 mundo
3369 5335 3526 5392 rogo,
3561 5322 3667 5378 sed

2080 5427 2179 5482 pro
2208 5411 2317 5476 his,
2364 5426 2507 5481 quos
2547 5410 2744 5467 dedisti
2779 5410 2916 5467 mihi
2955 5411 3024 5467 de
3051 5412 3258 5467 mundo
3300 5410 3485 5482 (loun.
3516 5428 3668 5479 xm,

2081 5504 2157 5573 9).
2192 5522 2211 5555 ι
2246 5501 2343 5558 ihs
2373 5516 2505 5573 ergo
2535 5502 2762 5558 salvatis
2791 5502 2847 5557 in
2877 5501 2960 5558 eis
2982 5502 3119 5573 ipsis
3146 5502 3433 5574 confitebor
3451 5505 3673 5558 nomini

2080 5606 2171 5650 tuo
2197 5595 2402 5650 faciens
2425 5609 2522 5651 eos
2543 5593 2855 5652 laudatores
2878 5595 3119 5651 nominis
3150 5598 3254 5662 tui,
3277 5595 3535 5655 ananiam
3562 5595 3661 5649 bo·

2083 5704 2205 5741 raum
2233 5698 2332 5753 est,
2380 5702 2488 5744 non
2527 5687 2668 5749 inter
2697 5686 2881 5744 omnia
2909 5688 3075 5757 bona,
3118 5689 3214 5747 sed
3263 5702 3429 5759 super
3465 5690 3674 5745 omnia
