3817 6000
8 5506 16 5750 Ἶ-ν-ῌ-
9 5417 14 5464 -
9 5322 16 5370 v-
9 5232 14 5281 *-
9 5137 13 5176 -
9 5042 11 5080 —
9 4950 11 4984 ἡ
9 4864 11 4890 fi

178 184 211 237 i
224 181 343 237 655

837 179 1397 238 cottMENTARluM
1435 179 1506 236 m
1536 177 1876 239 PSALMOS.
1913 209 1983 219 —
2017 180 2196 238 PARS
2232 180 2321 237 vl.
2358 210 2429 222 —
2462 178 2658 236 PSAL.
2698 177 2827 237 le.

3312 176 3454 235 1651

172 314 384 362 usura,
413 305 463 351 et
501 298 675 356 dolus.
725 297 865 364 Quid
894 299 1016 355 dico
1043 299 1106 354 de
1138 299 1350 370 plateis,
1375 314 1499 354 eum
1528 299 1693 353 etiam
1725 296 1779 352 in
1809 299 1858 357 A
1884 296 2076 353 cendio
2107 297 2364 355 sacerdos
2406 312 2659 368 magnus,
2689 303 2744 350 et
2778 293 3054 365 legitimus
3095 293 3274 348 Aaron
3303 309 3455 349 sum-

176 392 404 463 templo
466 402 654 447 sancto
706 393 1052 449 exercuerint
1110 391 1550 448 machinamenta
1598 407 1775 445 usurae

176 484 464 540 facientes
485 484 705 539 domum
738 482 832 540 Dei
858 484 1081 542 domum
1105 484 1520 556 negotiationis?
1546 482 1649 539 Sed
1674 499 1776 555 ego

178 576 426 646 ejiciens
450 574 576 631 inde
602 576 897 633 rendentes
922 584 976 632 et
998 584 1241 632 ementes
1268 575 1526 646 templum
1553 575 1774 647 quidem

178 665 485 738 purificavi
530 682 561 720 a
616 666 871 722 sordibus
924 667 1169 722 avaritiae
1213 676 1535 722 convertens
1580 681 1647 721 ex
1694 665 1776 721 eis

181 758 498 815 nonnullos
530 760 715 830 templi
755 761 973 815 nomine
1008 760 1224 832 dignos,
1253 767 1441 830 utpote
1477 759 1547 814 ab
1571 767 1776 814 aeterno

183 852 263 906 ati
315 852 659 906 sanctitatem
705 850 1133 922 praedestinatos.
1184 850 1435 906 Attamen
1480 851 1544 904 de
1583 849 1776 920 plateis

182 945 335 1016 ejus,
374 953 526 1000 extra
556 959 773 999 omnem
803 945 1137 1000 sanctitatem
1161 944 1277 1000 luto
1304 943 1452 1000 faecis
1479 943 1773 1013 deputatis,

184 1055 301 1092 non
333 1038 524 1107 defecit
552 1053 715 1090 usura
760 1045 812 1091 et
833 1037 1007 1104 dolus,
1052 1037 1105 1092 id
1149 1046 1234 1093 est
1277 1035 1504 1093 intentio
1531 1037 1615 1091 vel
1660 1044 1776 1091 stu-

183 1126 349 1182 dium
408 1127 626 1183 sibimet
695 1127 937 1182 lucrandi
999 1137 1053 1183 et
1115 1129 1397 1198 proximos
1451 1126 1770 1197 decipiendi.

184 1217 281 1273 Ad
305 1218 448 1273 hanc
471 1219 702 1290 plateam
727 1220 888 1276 simul
916 1235 1082 1275 usura
1100 1229 1153 1274 et
1178 1218 1299 1274 dolo
1326 1218 1585 1288 repletam
1612 1217 1775 1274 etiam

189 1320 252 1365 tu
287 1311 620 1380 pertinuisti,
653 1312 745 1383 qui
773 1327 894 1369 cum
932 1311 1235 1383 discipulus
1266 1320 1321 1367 et
1360 1311 1657 1383 Apostolus
1681 1326 1777 1367 vo-

187 1409 357 1456 catus
383 1400 575 1467 fueris,
608 1403 743 1458 mihi
778 1411 995 1474 propter
1022 1403 1307 1458 avaritiam
1330 1411 1385 1459 01
1410 1402 1592 1457 dolum
1620 1410 1771 1458 tunm

189 1493 380 1548 factus
413 1511 474 1550 es
503 1495 881 1553 intolerabilis.

269 1583 438 1641 Vens,
470 1586 558 1640 15.
601 1585 861 1653 Quoniam
894 1585 941 1640 si
962 1586 1209 1640 inimicus
1238 1586 1596 1642 maledixisset
1622 1590 1771 1650 mibi,

188 1678 568 1733 sustinuissem
590 1679 788 1750 utique,
811 1689 857 1734 et
882 1680 928 1734 si
952 1679 1018 1747 is,
1042 1679 1137 1749 qui
1162 1677 1445 1734 manifeste
1465 1678 1650 1734 oderat
1675 1698 1771 1739 nra.

189 1788 358 1841 super
397 1788 479 1827 me
525 1788 717 1842 maana
760 1770 967 1827 locutus
1014 1771 1220 1841 suisset,
1256 1770 1644 1826 abscondissem
1699 1791 1775 1827 nne

191 1868 425 1938 forsitan
469 1865 534 1920 ab
560 1881 641 1931 eo,
673 1865 816 1921 sicut
840 1863 1102 1920 abscondi
1124 1878 1209 1919 me
1248 1864 1318 1919 ab
1342 1862 1555 1919 Herode
1586 1862 1771 1919 alieni-

189 1974 337 2030 gena
379 1954 592 2028 fugiens
637 1956 692 2011 in
734 1954 1047 2028 AEgyptum,
1074 1964 1127 2012 et
1171 1956 1345 2010 latens
1389 1954 1463 2010 ibi
1510 1959 1775 2025 usquead

191 2049 409 2105 obitum
436 2045 683 2102 Herodis,
712 2045 904 2102 Postea
926 2062 1145 2117 quoque
1165 2061 1290 2102 cum
1322 2046 1593 2102 diceretur
1615 2046 1772 2116 mihi,

192 2140 347 2209 quod
377 2136 618 2196 Herodes
649 2138 793 2195 filius
831 2138 1030 2209 prioris
1057 2136 1286 2195 Herodis
1312 2138 1474 2195 vellet
1507 2153 1594 2195 me
1628 2139 1776 2196 occi-

189 2232 348 2299 dere,
376 2233 470 2302 qui
498 2240 553 2287 et
577 2230 842 2287 Joannem
877 2230 1174 2302 Baptistam
1204 2231 1423 2299 occidit,
1468 2247 1577 2287 non
1603 2233 1653 2288 ei
1688 2248 1777 2289 me

193 2324 544 2395 praesentavi,
573 2323 829 2394 quoniam
857 2324 929 2381 ab
961 2324 1055 2379 illo
1086 2333 1215 2380 tunc
1248 2325 1423 2381 occidi
1455 2326 1627 2393 nolui,
1649 2341 1775 2382 cum

193 2424 347 2472 esset
400 2417 516 2488 ipse
558 2419 830 2473 tetrarcha
881 2417 1145 2485 Galilaeae,
1188 2417 1435 2488 nihilque
1494 2421 1775 2489 potestatis

195 2508 427 2565 haberet
454 2510 510 2565 in
538 2507 859 2577 Jerusalem,
891 2511 947 2566 in
974 2527 1081 2583 qua
1110 2526 1259 2568 eram
1288 2510 1357 2567 ab
1385 2511 1558 2583 ipsius
1577 2512 1777 2582 judici-

193 2600 305 2657 bus
327 2608 381 2656 et
408 2602 753 2671 pontificibus
775 2602 1123 2669 occidendus,
1149 2603 1280 2674 quia
1307 2618 1407 2660 nec
1428 2605 1544 2674 ipse
1569 2603 1776 2662 Pilatus

196 2693 483 2751 habuisset
512 2695 622 2751 illic
645 2705 963 2767 potestatem
992 2697 1282 2753 adversum
1321 2712 1408 2753 me
1437 2699 1627 2765 ullam,
1668 2699 1776 2755 nisi

196 2782 398 2841 fuisset
423 2784 498 2841 illi
538 2786 725 2841 datum
768 2788 1021 2858 desuper.
1053 2786 1345 2858 Propterea
1380 2796 1556 2846 coetus
1583 2788 1777 2844 Phari-

200 2877 407 2941 saicuS‚
429 2879 524 2948 qui
554 2894 641 2933 me
677 2879 897 2935 tradidit
924 2879 995 2944 ei,
1029 2879 1208 2951 majus
1235 2888 1517 2951 peccatum
1550 2879 1732 2936 habet.

1877 398 1972 461 pto
2002 390 2282 446 thuribulo
2323 406 2448 447 cum
2487 391 2611 462 igne
2651 397 2842 445 sancto
2870 388 3018 444 stetit
3057 388 3196 443 inter
3221 387 3369 441 viros
3401 396 3456 442 et

1876 492 2142 550 mortuoS,
2197 482 2485 554 posuitque
2535 481 2825 538 terminum
2879 479 3116 536 currenti
3164 478 3454 535 vastationi

1878 574 2072 648 (Num.
2109 593 2220 642 xvi,
2264 577 2353 643 47,
2387 574 2499 646 48).
2558 573 2650 631 Sic
2697 573 2911 630 eveniat
2955 572 3212 628 omnibus
3261 587 3451 628 eorum

1878 672 2226 744 sequacibus,
2268 670 2454 726 Veniat
2491 686 2632 724 mors
2660 685 2816 738 super
2852 667 2994 734 illos,
3043 676 3093 721 et
3135 666 3454 722 descendent

1876 764 1931 818 in
1959 764 2225 834 infernum
2251 764 2494 830 viventes,
2524 760 2610 818 his
2633 761 2899 817 duntaxat
2919 758 3179 830 exceptis,
3212 774 3310 830 pro
3333 758 3454 829 qui-

1875 857 1981 913 bus
2020 873 2121 928 ego
2165 856 2419 913 Christus
2457 870 2582 910 vere
2620 854 2875 911 sacerdos
2920 867 3154 923 magnus
3201 851 3454 906 thuribu-

1877 951 1990 1006 lum
2022 949 2206 1007 carnis
2234 950 2360 1021 igne
2390 947 2699 1004 dilectionis
2728 946 2948 1017 plenum
2979 943 3149 1001 offero
3183 944 3237 998 in
3270 959 3450 999 cruce.

1875 1041 1993 1098 Non
2020 1041 2165 1098 enim
2195 1056 2295 1113 pro
2331 1040 2535 1096 mundo
2563 1053 2713 1109 rogo,
2739 1037 2831 1107 qui
2869 1037 3079 1108 positus
3104 1045 3186 1092 est
3211 1035 3264 1091 in
3300 1035 3453 1089 mali-

1876 1148 2005 1204 gno,
2038 1133 2131 1189 sed
2159 1147 2258 1203 pro
2289 1131 2396 1197 his,
2427 1145 2567 1202 quos
2605 1129 2802 1186 dedisti
2837 1129 2970 1183 mihi
3010 1128 3078 1183 de
3116 1127 3320 1182 mundo
3350 1124 3454 1180 Pa-

1876 1208 1979 1292 ter,
2004 1239 2165 1295 quem
2200 1222 2438 1279 mundus
2465 1222 2569 1277 iste
2599 1236 2711 1276 non
2740 1219 2909 1275 novit.
2948 1217 3054 1274 Pro
3080 1226 3446 1288 transgresso·

1876 1315 2031 1372 ribus
2074 1330 2231 1386 l'0g0,
2277 1323 2338 1370 ut
2387 1328 2498 1369 non
2540 1326 2759 1383 per-:nul
2807 1334 2815 1362 :
2851 1330 2947 1382 lim
2991 1310 3452 1378 sunit·null-,trihua

1879 1430 2056 1466 :linunt
2096 1414 2465 1482 {myrtinum-ihus
2494 1425 2602 1464 non
2635 1426 2783 1474 rupti.

1951 1506 2208 1570 [litaniam
2228 1501 2472 1570 nrfftsist‘ae
2493 1499 2548 1553 t‘tt
2568 1498 2883 1552 ltetbs'tmnffl
2899 1498 3240 1562 =·m‘1.=m,rl·1>=·=
3264 1498 3452 1566 arqui-‹-

1879 1606 1959 1650 tur
1983 1606 2035 1646 et
2088 1594 2312 1662 turtinitrr
2344 1594 2529 1645 vivunt
2564 1591 2753 1660 primiti
2799 1591 2851 1643 in
2883 1591 2999 1643 suis
3035 1591 3372 1643 ssalaimrulm,
3400 1599 3452 1639 rt

1879 1690 1931 1743 in
1959 1690 2128 1743 asadia
2156 1702 2332 1739 aarum
2364 1683 2610 1739 Similiter
2643 1695 2771 1735 sunt
2795 1683 3068 1751 nrqnililss,
3096 1683 3224 1735 dnm
3256 1683 3448 1751 puritia·

1879 1799 2070 1835 numus
2100 1783 2148 1831 in
2184 1791 2474 1831 -rfflnmnne
2509 1777 2727 1831 stutlnnl
2767 1775 2995 1843 publicu}
3023 1775 3320 1839 injustitiam
3360 1771 3448 1823 *fvi

1879 1876 1931 1927 in
1959 1875 2124 1927 fruentia
2156 1887 2356 1927 ctu-rsus.
2404 1868 2454 1922 id
2483 1875 2568 1923 est
2592 1865 2646 1920 in
2675 1864 2839 1921 corde
2881 1863 3037 1919 sedes
3070 1871 3153 1919 esi
3182 1861 3452 1932 nequitia-

1879 1983 2019 2031 rum,
2056 1983 2172 2034 qna*
2216 1966 2332 2015 insin
2376 1960 2726 2031 procedentes
2752 1957 2958 2027 replent
2988 1955 3170 2013 omnia
3205 1955 3452 2025 ipsorum

1876 2056 2204 2113 habitacula.

1949 2145 2114 2203 Vens.
2148 2144 2236 2200 17.
2278 2143 2392 2215 qu
2415 2150 2592 2198 autem
2619 2140 2689 2195 ad
2719 2140 2886 2194 Deum
2917 2139 3161 2206 clamavi,
3190 2145 3242 2192 et
3271 2134 3452 2191 Domi-

1877 2254 1977 2293 nus
2015 2236 2244 2292 salvabit
2281 2251 2382 2289 me.
2419 2231 2944 2288 Audistisbenevoli
2972 2229 3270 2296 auditores,
3302 2228 3451 2299 quod

1872 2330 2022 2400 juste
2064 2329 2170 2384 sim
2214 2327 2546 2398 imprecatus
2587 2321 3062 2379 inimicis?audite
3089 2336 3237 2388 nunc
3263 2320 3449 2388 etiam,

1877 2426 2007 2498 quid
2041 2440 2207 2482 orans
2241 2425 2297 2479 in
2334 2437 2498 2479 cruce
2526 2419 2855 2477 obtinuerim
2885 2416 3040 2474 vobis
3069 2415 3281 2472 amicis·
3311 2412 3451 2471 Nam

1877 2521 1955 2576 illi
1981 2518 2198 2593 quidem
2226 2534 2334 2573 non
2358 2516 2596 2594 clamant
2616 2513 2683 2568 ad
2710 2511 2901 2578 Deum,
2925 2509 3020 2566 sed
3041 2518 3228 2564 contra
3254 2506 3447 2562 Deum.

1878 2615 1992 2687 qu
2014 2623 2189 2668 autem
2208 2611 2277 2666 ad
2302 2609 2466 2664 Deum
2489 2606 2737 2671 clamavi,
2756 2613 2806 2659 et
2828 2603 3081 2658 Dominus
3104 2598 3326 2656 salvabit
3347 2615 3446 2653 me.

1878 2707 2001 2762 Dixi
2029 2705 2174 2762 enim
2206 2721 2219 2758 τ
2258 2722 2277 2755 t
2320 2701 2465 2757 Deus
2499 2714 2684 2765 meus,
2715 2697 2861 2753 Deus
2901 2710 3077 2761 meuS,
3108 2703 3168 2749 ut
3195 2691 3325 2763 quid
3355 2691 3448 2747 de-

1876 2798 2147 2870 reliquisti
2173 2793 2533 2868 me?(Mattl1.
2558 2806 2729 2857 xxvn,
2759 2788 2874 2858 46.)
2912 2807 2929 2839 »
2975 2786 3067 2842 Sic
3094 2800 3195 2858 ego
3222 2783 3452 2840 clamavi

1877 2891 2046 2949 semel
2074 2889 2132 2945 in
2154 2903 2339 2955 cruce,
2371 2895 2426 2943 et
2454 2883 2720 2940 Dominus
2747 2880 2976 2938 salvavit
3001 2895 3088 2935 me
3113 2876 3458 2935 resuscitans»

271 2970 438 3028 Vens.
464 2973 532 3028 u
556 2981 610 3029 et
632 2972 720 3028 15.
747 2972 824 3028 Tu
850 2973 1195 3043 vero,.fudaS,
1221 2983 1492 3033 mercator
1516 2976 1772 3047 pessime,
1802 2982 1845 3043 C
1879 3002 1967 3042 me
1994 3001 2024 3042 a
2051 2991 2247 3040 morte.

198 3064 355 3119 bomo
390 3066 678 3130 unanimis,
723 3066 888 3123 homo
917 3068 1067 3137 pacis
1101 3075 1256 3136 meae,
1297 3068 1408 3122 dua:
1448 3085 1615 3135 meus,
1646 3084 1779 3140 apo-

200 3158 377 3213 stolus
412 3172 587 3223 meuS,
616 3158 868 3229 princeps
895 3168 949 3214 et
972 3160 1083 3213 dua:
1115 3175 1146 3214 a
1175 3175 1264 3216 me
1291 3175 1417 3231 rege
1442 3160 1612 3217 David
1640 3176 1778 3217 con-

201 3249 446 3312 stitutus,
472 3249 563 3319 qui
580 3249 739 3303 simul
761 3265 960 3304 mecum
983 3250 1161 3305 dulces
1182 3251 1424 3321 capiebas
1448 3251 1591 3306 cibos
1611 3252 1775 3308 etiam

199 3340 261 3398 lu
291 3342 480 3396 ultima
511 3357 668 3398 coena
703 3358 845 3405 mea.
881 3343 1102 3413 quando
1134 3357 1236 3415 ego
1265 3344 1536 3402 desiderio
1562 3345 1777 3403 deside-

202 3433 316 3488 ravi
366 3433 697 3489 manducare
746 3435 949 3505 pascha
1003 3434 1137 3505 legis
1178 3435 1675 3491 consummativum
1724 3445 1780 3493 et

204 3527 393 3595 gratiae
442 3526 833 3584 inchoativum.
895 3527 994 3596 Tu,
1038 3530 1285 3599 inquam,
1340 3529 1464 3584 talis
1506 3539 1560 3585 et
1601 3528 1778 3585 taliter

205 3616 427 3674 babitus
465 3618 609 3687 apud
648 3634 735 3673 me
772 3620 991 3691 gravius
1026 3620 1261 3691 peccasti
1292 3629 1478 3682 contra
1517 3637 1622 3687 me,
1650 3637 1777 3678 eum

203 3709 338 3763 nibil
369 3709 501 3764 mihi
538 3709 803 3780 profuerit
827 3712 968 3783 apud
998 3721 1071 3780 te,
1098 3713 1243 3784 quod
1271 3714 1329 3767 in
1357 3712 1512 3768 domo
1534 3714 1634 3768 Det‘
1663 3730 1780 3768 am-

205 3801 495 3857 bulavimus
524 3819 641 3857 cum
677 3820 950 3860 consensu.
1001 3803 1141 3872 Quid
1184 3820 1312 3877 ergo
1354 3804 1533 3862 dicam
1578 3805 1777 3861 talibus

208 3903 313 3950 tam
360 3897 611 3966 nequiter
664 3897 950 3969 agentibus
990 3898 1045 3953 in
1094 3906 1241 3953 tanta
1288 3898 1675 3967 obstinatione,
1718 3910 1778 3956 ut

209 4001 376 4056 neque
406 3985 683 4042 benefieiis
713 3987 927 4044 valeant
963 3988 1163 4043 molliri
1196 3987 1498 4043 ullatenus?

276 4077 436 4135 Vens.
473 4078 561 4134 16.
618 4078 800 4133 Veniat
836 4095 976 4135 mors
1009 4096 1167 4151 super
1203 4079 1344 4148 illos,
1380 4091 1429 4135 et
1463 4080 1776 4136 descendant

211 4170 262 4223 in
282 4172 543 4242 infernum
573 4173 816 4241 viventes,
866 4182 926 4229 ut
972 4174 1106 4230 fiant
1144 4174 1352 4231 similes
1381 4175 1435 4229 in
1468 4190 1628 4245 poena
1667 4174 1775 4241 his,

212 4265 402 4335 quibus
441 4266 792 4323 inveniuntur
830 4267 1037 4324 similes
1079 4268 1134 4322 in
1164 4267 1342 4339 culpa.
1384 4265 1625 4339 Legitur,
1650 4268 1777 4338 quia

214 4354 413 4412 Datlian
440 4366 494 4414 et
520 4358 727 4415 Abiron
752 4368 963 4417 erectos
989 4368 1178 4416 contra
1205 4359 1425 4433 Moysen
1453 4369 1596 4418 terra
1622 4360 1779 4417 vivos

215 4449 487 4507 absorbuit
518 4468 645 4509 cum
674 4454 1042 4510 tabernaculis
1076 4463 1131 4509 et
1163 4455 1313 4509 omni
1352 4454 1655 4511 substantia
1683 4469 1779 4510 eo-

214 4558 347 4599 rum.
393 4545 533 4602 Core
562 4563 691 4604 vero
733 4556 789 4604 et
826 4548 1092 4605 ducentos
1138 4549 1497 4621 quadraginta
1527 4565 1778 4607 seorsum

217 4640 280 4694 ab
327 4638 507 4694 Aaron
553 4639 841 4697 offerentes
893 4641 1178 4697 incensum
1242 4642 1384 4712 ignis
1443 4657 1696 4714 egressus
1747 4658 1779 4698 a

218 4731 437 4787 Domino
479 4732 767 4790 interfecit.
798 4733 1002 4790 Deinde
1044 4734 1459 4805 quatuordecim
1508 4734 1699 4798 millia,
1726 4743 1781 4790 et

220 4824 577 4897 septingentos
602 4826 669 4881 de
695 4826 898 4897 populo
927 4827 1159 4883 vastavit
1186 4826 1520 4893 incendium,
1545 4827 1636 4898 qui
1665 4834 1782 4883 stu-

219 4917 298 4975 dio
351 4918 717 4975 contentionis
761 4920 1084 4989 resipiscere
1134 4920 1449 4989 noluerunt,
1495 4921 1621 4976 licet
1662 4921 1780 4976 visa

220 5028 369 5085 poena
411 5012 909 5083 praevaricatorum,
951 5023 1006 5069 et
1048 5013 1174 5070 idco
1212 5013 1362 5084 justo
1401 5014 1607 5084 judicio
1634 5016 1781 5071 venit

221 5106 349 5176 ignis
372 5106 803 5176 consumptionis
826 5122 990 5178 super
1015 5107 1193 5179 ignem
1226 5106 1603 5164 dissensionis.
1632 5107 1780 5163 Tali·-

223 5205 292 5252 ter
325 5196 400 5253 illi
431 5196 592 5267 primi
622 5197 955 5253 schismatici
993 5198 1292 5268 perierunt,
1325 5207 1384 5253 ut
1410 5198 1577 5256 duces
1606 5198 1783 5255 scien-

228 5300 296 5346 ter
324 5298 611 5361 peccantes
647 5288 761 5344 vivi
794 5290 1215 5347 absorberentur
1249 5307 1280 5347 a
1320 5300 1483 5356 terra,
1522 5301 1576 5346 et
1595 5299 1782 5362 postea

225 5394 378 5449 super
422 5395 614 5436 eorum
669 5394 953 5450 sequaces,
1004 5380 1129 5437 licet
1176 5381 1402 5437 forsitan
1448 5381 1780 5453 ignoranter,

227 5481 394 5526 tannen
454 5468 803 5540 pertinaciter
870 5480 1155 5540 peccantes
1216 5472 1425 5526 veniret
1471 5447 1830 5528 incendium'

230 5563 365 5618 nullo
393 5562 557 5618 modo
583 5561 1183 5633 exstinguentiun1‚nisi
1215 5564 1507 5633 perignem
1533 5575 1785 5620 sanctum

233 5655 407 5727 (Neam.
441 5654 633 5725 xr1,5l
668 5665 721 5712 et
742 5654 941 5727 seqq.).
963 5654 1254 5712 Grassante
1283 5672 1517 5727 namque
1546 5666 1672 5715 tunc
1705 5658 1783 5714 in-

1808 4331 1856 4386 D

1947 3081 2017 3133 At
2045 3092 2174 3134 vero
2203 3072 2490 3146 sanguinis
2518 3070 2624 3127 mci
2664 3084 2770 3125 vox
2809 3066 3052 3123 clamans
3080 3065 3147 3121 de
3171 3073 3313 3120 terra
3341 3078 3450 3117 non

1878 3178 2254 3242 compescetur
2281 3184 2309 3223 a
2338 3167 2575 3223 clamore
2622 3178 2724 3219 suo
2762 3176 2861 3232 pro
2886 3168 2996 3216 toto
3032 3170 3263 3229 corpore
3304 3171 3447 3221 meo,

1878 3265 2055 3322 donee
2082 3264 2264 3321 omnia
2309 3260 2554 3316 membra
2607 3257 2955 3312 inveniantur
3003 3253 3209 3309 salvata
3251 3251 3305 3305 in
3331 3252 3451 3305 ani-

1877 3358 2072 3412 mabus
2112 3355 2318 3427 pariter
2368 3361 2423 3408 et
2470 3350 2812 3422 corporibus·
2860 3344 2974 3401 Hoc
3029 3345 3174 3400 enim
3223 3343 3452 3414 requirit

1877 3448 2086 3505 clamor
2133 3463 2288 3502 meus
2327 3444 2616 3509 trimodus,
2646 3438 2918 3513 passionis
2957 3435 3226 3502 videlicet,
3266 3450 3450 3490 resur-

1878 3540 2140 3596 rectionis
2173 3547 2226 3593 et
2254 3536 2594 3592 ascensionis
2629 3549 2784 3598 meae,
2814 3545 2935 3601 quae
2971 3529 3074 3584 tria
3107 3534 3450 3584 sacramenta

1953 3629 2112 3686 Vens.
2148 3629 2233 3684 18.
2280 3626 2515 3698 Vespere,
2543 3642 2696 3679 mane
2719 3634 2767 3678 et
2797 3620 3011 3677 meridie
3042 3629 3169 3677 sunt
3194 3634 3450 3675 consunt-

1877 3732 2045 3779 mata.
2087 3720 2221 3778 Nam
2252 3736 2454 3790 vespere
2484 3718 2538 3772 in
2580 3732 2743 3772 cruce
2784 3714 3012 3787 pependi
3040 3724 3287 3768 mortuus
3314 3724 3450 3765 con-

1878 3824 2152 3872 summata
2187 3813 2442 3884 passione
2469 3826 2612 3877 mea,
2649 3809 2740 3865 sed
2773 3825 2927 3862 mane
2954 3806 3186 3871 surrexi,
3213 3814 3262 3859 et
3292 3803 3452 3858 meri-

1877 3907 1963 3961 die
1992 3904 2301 3962 videntibus
2349 3902 2635 3972 discipulis
2664 3899 2914 3955 ascendi.
2970 3897 3082 3953 lloe
3124 3898 3199 3951 ita
3240 3896 3451 3952 sactum

1878 4015 1990 4055 non
2017 3998 2228 4066 tacebo,
2252 3996 2346 4055 sed
2373 3996 2545 4051 misso
2569 3994 2634 4050 de
2660 3993 2814 4050 coelis
2838 3992 3119 4047 Paracleto
3147 3992 3201 4046 in
3226 3998 3452 4060 aposto-

1878 4093 1983 4159 los,
2014 4108 2111 4163 per
2146 4092 2295 4163 ipsos
2324 4088 2570 4146 onmium
2609 4087 2920 4159 linguarum
2955 4083 3182 4140 scientia
3211 4082 3452 4138 imbutos

1878 4185 2108 4241 narrabo
2155 4178 2205 4239 e't
2252 4179 2601 4247 annuntiabo,
2649 4178 2725 4235 ita
2769 4185 2828 4232 ut
2877 4177 2933 4232 in
2981 4190 3200 4231 omnem
3249 4187 3453 4229 terram

1882 4289 2040 4337 exeat
2067 4295 2238 4336 sonus
2260 4291 2477 4344 eorum,
2498 4276 2628 4331 etin
2661 4274 2796 4329 fines
2816 4271 2966 4329 orbis
2987 4279 3143 4327 terrae
3166 4268 3327 4324 verba
3357 4282 3451 4323 eo-

1881 4390 2025 4429 rum.
2056 4372 2306 4428 Narrabo
2336 4378 2386 4425 et
2421 4369 2764 4425 annuntiabo.
2799 4365 3048 4421 Narrabo
3077 4363 3366 4436 praeterita,
3396 4370 3452 4418 et

1880 4466 2205 4520 annuntiabo
2257 4462 2443 4519 futura
2487 4462 2601 4517 sive
2642 4476 2900 4517 mensura
2944 4459 3060 4529 ipsa
3109 4456 3213 4512 tria
3266 4470 3452 4511 sacra·

1881 4566 2082 4612 menta.
2108 4554 2260 4612 Licet
2283 4554 2427 4609 enim
2452 4553 2726 4623 praeterita
2751 4552 2861 4608 sint
2886 4559 3031 4618 actn,
3055 4548 3238 4604 futura
3266 4554 3451 4603 tamen

1880 4664 2202 4721 semperque
2249 4662 2506 4703 mansura
2559 4653 2687 4702 sunt
2734 4645 2935 4699 virtute
2980 4657 3045 4698 ac
3093 4640 3292 4706 fructu,
3339 4636 3452 4695 Nec

1881 4743 2102 4798 mirum.
2151 4739 2208 4797 Si
2237 4740 2385 4796 enim
2426 4754 2520 4809 per
2557 4737 2719 4794 unius
2762 4737 3002 4792 hominis
3030 4732 3449 4791 inobedientiam

1881 4834 2007 4890 licet
2039 4841 2168 4889 actu
2193 4830 2540 4902 praeteritam,
2569 4829 2663 4885 sed
2689 4837 2842 4884 reatu
2868 4835 3176 4883 manentem
3203 4832 3453 4895 peccato-

1882 4942 1970 4982 res
2021 4923 2301 4981 constituti
2347 4929 2477 4978 sunt
2513 4921 2694 4989 multi,
2742 4921 2914 4975 multo
2956 4917 3130 4989 magis
3177 4930 3274 4987 per
3314 4930 3452 4969 meae

1882 5013 2173 5087 passionis,
2227 5011 2643 5068 resurrectionis
2685 5018 2740 5065 et
2786 5008 3146 5074 ascensionis,
3193 5004 3450 5061 obedien-

1882 5108 2014 5162 tiam
2066 5106 2192 5160 lieet
2236 5112 2361 5160 actu
2406 5102 2759 5174 praeteritam,
2802 5101 2897 5158 sed
2933 5100 3129 5154 virtute
3158 5113 3224 5154 ac
3266 5094 3446 5152 fructu

1884 5205 2190 5252 manentem
2244 5193 2380 5265 justi
2433 5192 2835 5251 constituentur
2880 5190 3037 5248 multi
3086 5188 3446 5246 sacramentis

1883 5290 2003 5346 istis
2033 5288 2245 5355 imbuti,
2272 5286 2517 5357 mihique
2549 5284 2898 5356 complantati
2923 5298 3020 5355 per
3040 5282 3448 5339 similitudinem

1883 5380 2076 5435 mortis
2107 5379 2365 5435 crucifixa
2403 5393 2570 5435 carne
2603 5391 2702 5432 sua
2746 5390 2871 5432 cum
2916 5374 3062 5431 vitiis
3099 5384 3154 5430 et
3187 5373 3449 5444 concupi-

1884 5474 2126 5540 scentiiS,
2175 5488 2271 5543 per
2312 5469 2722 5528 similitudinem
2770 5466 3189 5523 resurrectionis
3217 5465 3348 5534 dum
3387 5466 3441 5523 in

1885 5564 2124 5619 novitate
2155 5564 2281 5617 vitae
2321 5561 2621 5626 ambulant,
2657 5574 2752 5631 per
2797 5558 3205 5615 similitudinem
3252 5572 3443 5614 ascen-

1886 5657 2077 5725 sionis»,
2109 5656 2238 5714 dum
2279 5671 2468 5714 eorum
2513 5654 2853 5713 conversatio
2891 5654 2945 5709 in
2989 5651 3141 5711 coelis
3181 5659 3283 5710 est.
3320 5648 3454 5707 Ideo
