3817 6000
339 193 481 252 1455

1313 195 1620 256 GEmtont
1661 194 2052 255 vnAEpost‘rt
2090 196 2638 259 nmcnnssspssttc.

3464 202 3614 258 1⁴56

337 315 431 387 qui
453 315 605 372 solus
624 315 777 379 novit
796 316 962 372 corda
989 316 1276 373 hominum
1311 316 1428 373 sive
1447 326 1616 384 recte,
1651 317 1768 373 sive
1797 331 1909 374 non
1939 320 1987 379 Α
2015 316 2237 374 laudum
2256 320 2489 386 cantica,
2510 321 2584 376 ita
2612 327 2673 375 ut
2695 319 2981 376 videamus
3001 361 3018 386 ‚
3054 328 3109 376 et
3135 321 3476 392 gaudeamus
3501 323 3580 377 im

335 417 483 464 recte
504 408 881 464 militantium.
905 408 1022 466 Hoc
1040 418 1223 466 tamen
1244 417 1562 467 constanter
1582 409 1919 466 affirmamus

335 503 482 574 qumi
535 503 692 558 multi
728 504 797 560 ad
847 504 991 560 hanc
1041 503 1292 560 militiam
1333 504 1536 569 vocati,
1577 503 1739 575 pauci
1787 518 1918 560 vero

335 596 493 650 electi
533 604 684 652 sunt.

405 685 482 743 lta
518 688 791 757 quondam
845 688 899 743 in
929 689 1076 744 exitu
1127 688 1293 745 lsrael
1334 688 1402 744 de
1447 688 1684 761 AEgypto
1725 689 1918 760 paucis

332 773 445 832 Deo
467 777 627 833 iidem
655 778 1000 835 servantibus
1029 779 1186 835 multi
1215 796 1340 835 eum
1376 781 1748 847 irritaverunt,
1780 795 1916 850 quo·

331 884 454 923 rum
512 884 742 940 corpora
795 869 852 925 in
893 871 1110 926 deserto
1162 881 1434 940 prostrata
1483 878 1631 927 sunt.
1663 870 1920 927 Gedeone

334 978 550 1030 qunque:
594 962 730 1014 {111th
790 962 1019 1014 [Histrum
1071 962 1227 1018 lsrawl
1267 982 1387 1018 mnu
1420 961 1765 1019 multitudine
1794 978 1917 1018 ma·

334 1070 434 1118 ,gun
470 1054 790 1122 ptiust-,dente
838 1058 903 1106 :ul
939 1054 1135 1106 bellum
1167 1066 1351 1110 [wintra
1387 1053 1729 1121 Madianitas‚
1754 1055 1916 1124 pauci

334 1162 454 1198 ruti·
486 1163 550 1198 *qt-:1
594 1158 995 1210 t·[·nmt'=5=3t²tlrtl},
1027 1150 1123 1202 suli
1163 1150 1379 1202 lwttwini
1409 1146 1678 1213 videlicet,
1728 1145 1916 1202 multis

334 1246 478 1290 [κῃ-υ
530 1238 875 1290 abstinuistis«.
935 1238 1079 1294 thani
1115 1242 1204 1310 qm·
1267 1242 1347 1294 sic
1396 1237 1509 1296 Deo
1535 1240 1806 1307 militant,
1857 1247 1922 1294 ut

334 1330 510 1398 imum
554 1349 662 1386 sum.
702 1333 907 1386 militiae
959 1334 1235 1402 [marmium
1275 1334 1570 1402 nequir-ant.
1605 1331 1757 1388 Beati
1819 1331 1917 1402 qui

334 1426 522 1479 t‘lvnnl
578 1442 682 1479 [mn
746 1426 871 1488 silai,
923 1426 1011 1479 Sed
1067 1426 1315 1479 Ummium,
1355 1424 1519 1481 Multo
1563 1425 1738 1498 magis
1787 1441 1919 1481 vero

334 1515 490 1583 lunari,
550 1519 642 1587 ‚qui
698 1519 995 1571 werinmar
1047 1523 1095 1571 in
1131 1519 1355 1571 [immun
1407 1519 1593 1589 (Apoc,
1655 1534 1766 1584 xlv,
1800 1519 1914 1588 ¹3).

334 1607 574 1663 {artinas
610 1611 662 1663 itt
706 1619 1003 1679 euntem-1:111
1047 1611 1255 1663 {bannui
1291 1625 1468 1679 pugna
1500 1609 1738 1665 militum
1771 1610 1914 1680 ejus,

330 1715 382 1755 vt
414 1703 586 1755 tttttlln
634 1703 806 1771 tnagis
858 1703 1091 1767 ,nrt-:insa
1131 1707 1179 1755 :En
1215 1710 1492 1771 *masmana
1526 1703 1742 1757 Domini
1769 1720 1915 1759 mors

330 1803 630 1847 rasuram-mn
678 1795 786 1863 rjus
818 1795 991 1863 lilani,
1023 1811 1143 1855 salv,
1179 1795 1283 1848 ltu,
1319 1792 1453 1859 [luis
1505 1792 1654 1850 enim
1705 1793 1917 1850 dubitet

334 1887 386 1939 in
426 1903 654 1939 [innurem
678 1896 991 1939 naumurum
1027 1887 1444 1951 ttrittiptstzttnlns,
1473 1885 1569 1954 qui
1589 1892 1645 1940 ei
1667 1899 1918 1956 pugnan-

328 1983 413 2031 tes
434 1990 499 2031 ac
526 1975 926 2044 triumphantes
953 1974 1240 2030 lucrantur
1263 1973 1506 2043 Christo,
1538 1985 1595 2031 et
1619 1976 1917 2032 morientes

329 2067 613 2123 lucrantur
656 2065 982 2123 Christum?
1029 2066 1134 2135 Qui
1165 2069 1349 2124 securi
1408 2068 1599 2126 hostes
1656 2067 1918 2125 Ecclesiae

329 2158 674 2225 interimunt,
731 2159 1040 2215 securiores
1071 2159 1141 2215 ab
1169 2159 1278 2219 illis
1314 2160 1624 2229 intereunt,
1660 2161 1757 2232 qui
1802 2175 1915 2216 non

330 2252 539 2308 faciunt
564 2253 806 2307 animam
835 2268 993 2309 suam
1017 2252 1398 2324 pretiosiorem
1448 2268 1618 2325 quam
1646 2269 1729 2322 se,
1757 2253 1920 2310 dum-

329 2344 497 2402 modo
539 2353 926 2403 consumment
964 2362 1188 2404 cursum
1230 2362 1346 2402 suae
1391 2348 1624 2417 militiae,
1673 2350 1918 2406 babituri

332 2456 520 2498 secum
548 2440 604 2497 in
632 2441 825 2512 praello
850 2457 1041 2498 verum
1067 2440 1257 2498 Josue.
1289 2440 1464 2498 Porro
1523 2443 1782 2500 sacerdos
1806 2443 1920 2500 Aa·

332 2546 435 2590 ron
457 2549 584 2591 cum
609 2541 726 2590 tota
759 2533 903 2590 tribu
937 2533 1177 2592 Levitica
1201 2535 1443 2592 sociatus
1467 2546 1553 2592 est
1579 2550 1719 2592 vero
1743 2535 1919 2609 Moysi

331 2625 519 2689 oranti
568 2641 813 2692 sursum,
857 2627 952 2683 ubi
997 2642 1099 2698 pro
1131 2628 1289 2683 nobis
1340 2627 1690 2698 interpellat:
1731 2635 1787 2684 et
1833 2637 1920 2685 est

333 2720 540 2792 grande
571 2720 946 2790 spectaculum
991 2720 1181 2775 videre
1225 2720 1354 2775 hinc
1403 2719 1607 2775 milites
1637 2720 1690 2773 in
1724 2735 1919 2790 campo

332 2821 639 2884 pugnantes
665 2813 803 2868 duce
846 2810 1034 2879 Josue‚
1085 2813 1213 2868 hinc
1239 2827 1370 2868 vero
1408 2812 1626 2868 beatum
1663 2812 1924 2884 Augusti-

334 2921 467 2960 num
507 2904 667 2976 quasi
688 2905 920 2960 alterum
951 2903 1137 2960 Aaron
1163 2905 1424 2975 stipatum
1455 2902 1680 2971 Levitis,
1717 2915 1772 2959 et
1791 2919 1921 2960 san-

335 3004 483 3050 ctum
505 2994 857 3051 Benedictum
883 2995 1043 3067 quasi
1069 2993 1186 3052 Hur
1215 2996 1478 3067 stipatum
1509 2993 1784 3068 religiosis
1807 3011 1923 3052 mo-

336 3087 531 3144 nachis
572 3098 793 3145 orantes
817 3097 872 3144 et
897 3090 1250 3159 agonizantes
1288 3089 1343 3143 in
1360 3099 1545 3145 monte
1571 3091 1702 3155 alto,
1729 3089 1924 3145 videli-

339 3187 425 3235 cct
458 3181 770 3252 proposito,
814 3182 962 3253 quod
996 3197 1157 3239 verus
1208 3181 1421 3255 Moyses
1450 3182 1506 3237 in
1556 3183 1731 3252 capite
1782 3181 1922 3238 Novi

337 3269 676 3331 Testamenti
719 3274 927 3345 posuit,
974 3274 1197 3345 quando
1226 3275 1342 3330 suis
1386 3273 1671 3345 discipulis
1695 3292 1727 3331 a
1764 3276 1923 3332 turba

339 3366 568 3422 semotis
595 3380 708 3421 non
748 3366 805 3421 in
834 3366 958 3422 loco
987 3365 1302 3436 campestri,
1335 3366 1429 3422 sed
1466 3365 1523 3421 in
1567 3375 1754 3422 monte
1788 3368 1923 3423 bea·

341 3458 602 3515 titudines
627 3458 994 3531 capessendas
1029 3460 1318 3530 proposuit
1351 3460 1540 3517 dicens
1565 3459 1760 3516 :Beati
1785 3479 1924 3531 pau-

339 3566 487 3620 peres
525 3550 748 3621 spiritu,
805 3561 912 3606 etc.
946 3549 1168 3621 (Manli.
1206 3566 1261 3617 v,
1305 3550 1387 3619 5.)
1418 3548 1543 3607 Haec
1572 3561 1703 3608 sunt
1721 3552 1810 3623 pia
1855 3553 1926 3610 de

343 3640 552 3712 Spiritu
582 3642 803 3713 pietatis
827 3643 1206 3713 provenientia
1243 3645 1576 3714 spectacula,
1608 3646 1770 3715 cujus
1793 3661 1926 3717 ope-

342 3734 543 3790 rationi
573 3744 629 3791 et
655 3736 758 3791 hoc
778 3735 1149 3806 assignamuS,
1176 3737 1325 3807 quod
1359 3736 1412 3791 in
1440 3736 1635 3792 diebus
1657 3737 1776 3793 istis
1804 3754 1925 3793 ma·

343 3843 448 3899 gna
475 3837 559 3884 est
587 3828 810 3885 libertas
831 3828 1110 3884 canonicis
1132 3828 1491 3884 electionibus
1523 3829 1924 3900 episcoporum,

343 3920 626 3989 abbatum,
641 3926 1083 3992 praepositorum,
1104 3930 1161 3976 et
1178 3922 1408 3976 aliarum
1429 3921 1925 3977 ecclesiasticarum

341 4028 702 4084 personarum
749 4013 1225 4084 provehendarum
1259 4012 1316 4068 in
1355 4013 1716 4083 dignitatibus
1737 4054 1753 4079 ,
1787 4028 1929 4082 quas

343 4120 442 4176 per
489 4106 694 4162 multos
748 4120 926 4159 annos
956 4119 1095 4175 pene
1142 4120 1174 4163 a
1223 4113 1466 4173 tempore
1493 4102 1713 4159 Ottonis
1764 4103 1929 4173 primi

344 4196 692 4267 imperatoris
739 4210 913 4267 usque
965 4197 1033 4251 ad
1081 4196 1463 4266 imperatorem
1528 4193 1824 4250 Henricum
1856 4193 1928 4249 tv

345 4288 580 4345 vendere
606 4287 855 4344 solebant
872 4287 974 4357 ipsi
1002 4302 1174 4358 reges,
1198 4286 1284 4341 vel
1318 4285 1680 4356 imperatores
1697 4301 1932 4358 regnan-

346 4387 401 4431 te
449 4378 652 4447 ubique
684 4374 953 4439 simonia,
982 4375 1112 4431 dum
1141 4391 1241 4445 per
1267 4372 1614 4432 Simoniacos
1639 4375 1929 4447 episcopos

346 4469 404 4523 in
430 4469 686 4524 cathedra
715 4468 1039 4538 pestilentiae
1077 4468 1290 4539 positos
1331 4468 1612 4525 mortifera
1638 4470 1728 4526 illa
1758 4470 1930 4541 pestis

349 4560 573 4616 dilatata
601 4568 686 4617 est
713 4574 888 4631 usque
936 4561 1003 4616 ad
1032 4560 1252 4618 infimos
1289 4560 1552 4632 plebanos
1569 4603 1585 4627 ,
1612 4571 1669 4619 et
1696 4563 1935 4635 capella-

347 4669 474 4721 nos,
503 4668 600 4724 per
623 4668 762 4724 quos
787 4652 943 4709 valde
960 4654 1351 4725 multiplicatos
1378 4653 1624 4712 Ecclesia
1658 4671 1796 4727 pene
1820 4664 1934 4711 tota

349 4745 659 4802 i'oedabatur
701 4762 878 4817 usque
917 4746 985 4804 ad
1010 4746 1332 4819 Gregorium
1376 4762 1571 4819 papam
1614 4748 1929 4820 septimum,

352 4837 447 4907 qui
484 4852 544 4894 se
573 4837 830 4908 opposuit
863 4852 1084 4893 murum
1114 4853 1215 4908 pro
1231 4838 1397 4894 domo
1413 4838 1600 4907 lsrael,
1626 4840 1935 4910 reparando

351 4934 408 4991 in
472 4934 716 4992 Ecclesia
764 4935 1058 4992 canonicas
1109 4935 1407 4992 electiones
1463 4936 1620 5008 juxta
1669 4939 1935 5010 pristinas

353 5044 628 5086 canonum
662 5030 995 5087 sanctiones,
1038 5029 1131 5085 Sic
1156 5030 1425 5088 ordinatis
1457 5032 1512 5088 in
1549 5032 1792 5090 Ecclesia
1813 5033 1935 5104 epi-

356 5122 541 5192 scopis
572 5129 628 5176 et
680 5120 907 5191 reliquis
940 5120 1176 5190 praelatis
1209 5135 1309 5189 per
1353 5122 1675 5178 canonicam
1711 5124 1937 5179 electio-

355 5229 481 5269 nem
509 5222 700 5270 saneta
725 5213 1055 5270 universitas
1084 5214 1272 5284 populi
1311 5213 1611 5271 Christiani
1641 5214 1937 5286 adjuvatur

355 5320 456 5376 per
511 5320 704 5361 eorum
744 5314 923 5362 rectas
961 5304 1410 5377 praedicationes,
1456 5314 1513 5362 et
1557 5307 1677 5377 pias
1726 5309 1937 5364 oratio-

357 5408 476 5449 neS.
961 5423 968 5429 -

431 5483 571 5542 Hinc
600 5494 726 5556 post
753 5487 974 5560 longam
1003 5486 1264 5545 Simoniae
1293 5489 1526 5546 hiemem
1554 5489 1761 5547 vernali
1793 5506 1928 5548 sua-

360 5575 528 5629 vitate
559 5579 801 5647 spirante
839 5579 1140 5636 reflorescit
1176 5580 1331 5638 vinea
1377 5581 1681 5646 Dominica,
1732 5583 1940 5638 consti·

362 5669 591 5721 tuuntur
608 5670 856 5727 coenobia
885 5679 942 5728 et
965 5671 1326 5743 xenodochia,
1345 5680 1400 5729 et
1425 5687 1565 5729 nova
1589 5674 1939 5731 crebrescunt

1947 3036 1990 3093 C

2016 410 2153 480 pleri
2170 412 2317 481 quoti
2335 411 2802 470 diciturzlubilate
2817 413 3044 468 Domino
3060 416 3231 469 omnis
3246 416 3614 481 terrani-uite

2016 504 2244 561 Domino
2269 506 2326 561 in
2346 505 2541 562 letitia
2570 504 2746 575 (Paul.
2772 521 2923 572 xcix,
2951 505 3030 576 1).
3047 505 3184 562 Nam
3198 508 3614 563 etincoenobiis

2018 599 2292 657 canticum
2319 615 2525 656 novum
2545 599 2872 664 celebratur,
2884 615 3011 656 cum
3027 615 3059 654 a
3092 609 3333 671 tempore
3356 601 3609 671 praedicti

2016 705 2170 761 papae
2190 691 2405 762 septimi
2431 691 2680 762 Gregorii
2705 707 2903 749 cursus
2933 693 3107 748 beatae
3129 691 3314 748 Mariae
3337 692 3611 764 frequen-

2020 793 2189 853 tatur,
2224 794 2285 842 ut
2308 785 2406 841 Dei
2437 785 2664 842 servitio
2683 785 2961 856 duplicato
2994 784 3154 856 quasi
3184 786 3412 856 duplum
3441 802 3611 841 man-

2018 893 2089 932 na
2140 878 2258 948 jam
2305 879 2649 948 proximante
2704 878 2937 933 sabbato
3002 893 3201 950 magno
3224 920 3240 944 ,
3294 887 3352 933 et
3403 879 3611 934 ultimo

2018 969 2330 1029 festivitatis
2355 970 2444 1026 die
2470 970 2722 1026 fidelibus
2739 969 3000 1025 abundet.
3025 970 3203 1040 Atque
3233 971 3290 1025 ie
3313 984 3413 1025 ore
3435 971 3575 1026 Chri

2018 1070 2105 1119 sto
2153 1062 2504 1119 militantium
2544 1061 2807 1118 laicorum
2853 1062 2974 1118 laus
3001 1061 3096 1119 Dei
3122 1062 3440 1129 crebrescit,
3469 1065 3605 1133 quia

2018 1171 2128 1214 non
2157 1166 2243 1214 est
2268 1157 2324 1212 in
2357 1164 2474 1211 toto
2503 1170 2674 1227 regno
2702 1154 3039 1223 Christiano,
3076 1156 3171 1226 qui
3197 1164 3388 1226 turpes
3418 1158 3603 1212 canti·

2017 1248 2172 1304 lenas
2200 1258 2424 1304 cantare
2471 1247 2530 1302 in
2576 1246 2795 1316 publico
2837 1247 3058 1312 audeat,
3088 1246 3185 1302 sed
3227 1254 3287 1301 ut
3330 1245 3603 1312 diximus,

2018 1348 2131 1397 teta
2164 1350 2309 1396 terra
2336 1339 2534 1410 jubilat
2555 1337 2613 1392 in
2637 1337 2844 1393 Christi
2864 1338 3123 1394 laudibus
3147 1339 3316 1394 etiam
3344 1353 3445 1408 per
3463 1353 3605 1393 can·

2016 1431 2215 1488 tilenas
2274 1431 2476 1502 linguae
2524 1431 2803 1502 vulgaris,
2858 1431 3100 1486 maxime
3151 1430 3208 1485 in
3254 1428 3604 1497 TeutoniciS,

2017 1539 2254 1595 quorum
2304 1524 2491 1595 lingua
2544 1524 2720 1596 magis
2754 1533 2879 1594 apta
2906 1531 2992 1579 est
3026 1522 3312 1580 concinnis
3335 1523 3605 1579 canticis.

2018 1617 2163 1672 later
2194 1617 2309 1672 baec
2355 1616 2521 1672 etiam
2560 1616 2665 1671 hoc
2692 1625 2857 1686 auget
2883 1614 3233 1681 miraculum,
3259 1621 3317 1670 et
3344 1624 3607 1670 sanctum

2019 1709 2390 1780 spectaculum
2415 1749 2431 1771 ,
2493 1707 2638 1777 quod
2687 1717 2891 1764 sanctae
2939 1709 3198 1764 mulieres
3230 1707 3288 1762 in
3328 1708 3613 1765 coenobiis

2019 1799 2133 1856 Deo
2173 1809 2464 1862 vacantes,
2505 1815 2602 1868 per
2646 1799 2905 1854 continua
2949 1799 3260 1854 orationum
3297 1808 3354 1854 et
3388 1799 3610 1870 suppli·

2018 1894 2294 1949 cationum
2347 1892 2526 1948 studia
2574 1901 2771 1962 parant
2813 1900 3062 1947 aromata
3105 1907 3230 1947 cum
3274 1890 3448 1947 Maria
3489 1890 3608 1946 Ma-

2019 1984 2283 2056 gdalena,
2342 1996 2397 2040 et
2446 1983 2706 2040 mulieres
2749 1984 3072 2055 conjugata,
3116 1999 3351 2056 quarum
3387 1985 3485 2040 filii
3520 1985 3611 2040 vel

2020 2075 2200 2131 mariti
2238 2075 2447 2131 vadunt
2476 2075 2545 2130 ad
2574 2075 2717 2131 bella
2741 2084 2934 2131 contra
2956 2090 3201 2147 paganos
3242 2077 3478 2149 agenda.
3513 2077 3610 2135 Sic

2018 2165 2232 2236 plorant
2252 2181 2378 2221 cum
2412 2164 2669 2233 Rachele,
2699 2177 2760 2220 ut
2793 2166 2967 2220 nolint
2997 2166 3294 2234 consolari,
3324 2169 3456 2238 quia
3486 2185 3609 2224 non

2018 2266 2148 2312 sunt
2165 2272 2359 2312 carum
2384 2255 2503 2323 tilii,
2539 2254 2624 2311 vel
2652 2254 2836 2310 mariti
2861 2270 2893 2311 a
2915 2255 3014 2310 tali
3060 2254 3256 2312 militia
3284 2259 3608 2325 revocandi,

2020 2365 2086 2405 ac
2116 2348 2344 2419 pnoinde
2370 2348 2488 2418 ipsa
2543 2347 2801 2404 Rachelis
2822 2362 2927 2403 vox
2970 2347 3237 2418 plorantis
3289 2347 3521 2404 auditur
3552 2351 3610 2405 in

2021 2439 2215 2507 Rama,
2237 2438 2293 2494 id
2318 2438 2482 2495 estin
2512 2440 2765 2496 excelsis.

2089 2532 2249 2588 Anno
2272 2532 2567 2602 praeterito,
2587 2532 2656 2588 ab
2670 2531 3048 2589 incarnatione
3070 2530 3285 2588 Domini
3308 2533 3610 2589 millesimo

2023 2624 2323 2680 centesimo
2362 2624 2782 2695 quadragesimo
2825 2624 3078 2695 septimo,
3112 2625 3358 2694 ploratus
3389 2635 3447 2680 et
3481 2627 3612 2682 ulu-

2022 2716 2164 2771 latus
2186 2716 2392 2772 multus
2412 2716 2634 2772 auditus
2651 2716 2813 2772 estin
2832 2725 2974 2774 terra
2990 2726 3199 2784 nostra,
3227 2717 3457 2788 paganis
3473 2734 3607 2774 cum

2021 2808 2237 2865 Boemis
2287 2819 2344 2865 et
2397 2806 2631 2881 ungaris
2654 2808 3127 2880 tyrannizantibus
3160 2818 3216 2866 et
3258 2809 3609 2868 Christianos

2021 2897 2447 2968 captivantibus,
2479 2912 2546 2953 ac
2567 2898 2829 2957 mulieres
2851 2915 3052 2956 eorum
3079 2901 3378 2958 crudeliter
3400 2903 3611 2973 pariter

2022 3006 2088 3046 ac
2137 2991 2365 3060 turpiter
2411 2989 2757 3047 vexantibus.
2800 2990 2930 3047 ltem
2979 3008 3127 3052 anno
3166 2992 3468 3050 Dominicae
3518 2996 3606 3049 in-

2024 3083 2363 3139 carnationis
2439 3082 2735 3140 millesimo
2812 3086 3116 3142 centesimo
3182 3086 3608 3159 quadragesimo

2024 3175 2218 3246 quinto
2248 3190 2279 3231 a
2313 3174 2545 3246 paganis
2580 3182 2739 3246 capta
2767 3176 2993 3233 civitate
3026 3176 3244 3246 Edisse,
3277 3194 3403 3250 quae
3432 3180 3613 3235 altero

2024 3266 2249 3323 nomine
2290 3265 2441 3323 Roas
2480 3267 2704 3334 dicitur,
2736 3268 2984 3340 ploratus
3025 3277 3080 3325 et
3120 3271 3363 3327 ululatus
3400 3272 3615 3328 malms

2024 3360 2245 3416 auditus
2273 3367 2360 3415 est
2380 3368 2437 3415 et
2464 3360 2757 3417 exauditus
2781 3346 2848 3416 in'
2863 3362 3114 3419 excelsis.
3146 3361 3297 3420 Unde
3320 3376 3615 3435 permotus

2026 3467 2164 3523 papa
2191 3450 2469 3523 Eugenius
2492 3452 2643 3508 misit
2670 3453 2882 3511 litteras
2906 3452 3237 3511 Christianis
3266 3457 3617 3527 principibus

2026 3557 2090 3598 ac
2115 3542 2401 3609 militibus,
2424 3549 2485 3598 ut
2503 3542 2857 3599 convenirent
2881 3543 2949 3599 ad
2971 3544 3277 3600 faciendam
3306 3545 3614 3602 vindictam

2027 3635 2083 3689 in
2115 3632 2450 3690 nationibus.
2480 3632 2549 3689 Et
2575 3634 2699 3691 ideo
2743 3635 2940 3706 raptim
2974 3636 3296 3693 convolatur
3331 3637 3401 3694 ad
3425 3653 3611 3702 arm.

2027 3726 2158 3795 quia
2208 3726 2544 3797 promittitur
2588 3725 2953 3785 militantibus
2990 3737 3047 3785 et
3074 3729 3469 3800 poenitentibus
3524 3733 3617 3787 iu-

2027 3816 2308 3887 dulgentia
2358 3826 2711 3888 peccatorum
2768 3835 2803 3875 a
2843 3820 2973 3877 sede
3015 3821 3339 3892 apostoliea,
3390 3837 3617 3893 perma-

2030 3907 2178 3964 xime
2224 3908 2310 3966 his
2364 3909 2461 3980 qui
2514 3910 2819 3967 morientur
2870 3911 2927 3966 in
2984 3922 3098 3968 tam
3149 3922 3344 3970 saneto
3383 3915 3613 3985 prelio,

2031 3999 2319 4057 reddentes
2362 4002 2537 4057 vicem
2583 4002 2853 4060 salvatori
2898 4019 3032 4072 suo,
3056 4006 3156 4076 qui
3194 4019 3293 4075 pro
3345 4005 3427 4062 eis
3454 4021 3616 4061 mor-

2032 4103 2161 4150 tuus
2186 4103 2291 4150 est.

2101 4184 2272 4258 Igitur
2299 4186 2478 4242 tidelis
2504 4186 2811 4255 Psalmista‚
2840 4187 2937 4259 qui
2963 4198 3270 4259 exspectans
3289 4194 3618 4261 exspectatur

2033 4278 2340 4345 Dominum,
2357 4277 2576 4348 pietatis
2596 4292 2763 4349 opera
2780 4279 3011 4336 mirifica
3032 4278 3307 4337 facturum
3336 4283 3393 4337 iu
3416 4284 3618 4341 ordine

1958 4407 2008 4469 D
2034 4378 2241 4441 septem
2280 4370 2597 4441 spirituum,
2627 4386 2865 4441 quorum
2890 4371 3004 4442 jam
3033 4373 3299 4443 quinque,
3342 4381 3403 4429 ut
3430 4376 3621 4445 praeli-

2032 4465 2221 4521 batum
2249 4470 2353 4529 est,
2375 4462 2590 4531 operati
2626 4471 2774 4529 sunt,
2808 4462 2953 4519 sicut
3001 4462 3283 4519 evidenter
3306 4476 3537 4534 apparet
3558 4466 3617 4522 in

2034 4570 2200 4627 opere
2224 4553 2508 4626 sapientiae
2529 4562 2719 4611 contra
2747 4554 3127 4625 philosophos,
3178 4555 3234 4609 in
3261 4569 3427 4625 opere
3450 4554 3618 4612 intel·

2035 4648 2208 4703 lectus
2231 4656 2424 4704 centra
2444 4646 2685 4714 Judaeos,
2710 4646 2768 4701 in
2797 4661 2963 4716 opere
2994 4645 3214 4703 consilii
3255 4656 3448 4704 contra
3466 4645 3621 4703 Paa-

2037 4741 2227 4797 risaeos
2245 4781 2261 4808 ,
2309 4741 2367 4796 in
2409 4755 2577 4811 opere
2610 4738 2953 4795 tortitudinis
3001 4747 3194 4795 eontra
3250 4746 3619 4812 tyrannorum

2036 4833 2376 4899 violentiam,
2409 4832 2465 4887 in
2515 4846 2678 4903 opere
2720 4830 2963 4887 scientiae
2990 4842 3180 4887 contra
3226 4831 3619 4889 baereticorum

2039 4926 2484 4991 iraudulentiam,
2512 4933 2660 4981 recte
2686 4939 2834 4980 nunc
2871 4922 2926 4979 in
2954 4924 3214 4995 operibus
3236 4925 3345 4995 piis
3376 4940 3477 4996 per
3504 4928 3621 4998 spi-

2039 5023 2205 5075 ritum
2242 5017 2462 5089 pietatis
2501 5016 2985 5088 provenientibus,
3012 5016 3253 5086 psallens
3292 5016 3476 5074 dicere
3512 5033 3621 5088 po-

2036 5120 2143 5167 test
2173 5129 2189 5165 2
2214 5109 2539 5181 Exspecaeam
2560 5108 2854 5179 exspectavi
2870 5107 3176 5174 Dominum,
3201 5108 3500 5164 etintendit
3522 5113 3627 5165 .ιό-

2038 5207 2114 5274 hi,
2164 5214 2214 5260 et
2260 5205 2532 5261 exaudivit
2572 5219 2748 5275 preces
2784 5219 2950 5272 meas,
2993 5211 3045 5258 et
3064 5201 3254 5258 eduxit
3287 5219 3371 5259 me
3393 5204 3460 5260 de
3489 5203 3620 5260 lacu

2038 5301 2267 5357 miserioe
2285 5309 2337 5353 et
2360 5299 2425 5354 de
2443 5297 2555 5352 luto
2579 5298 2748 5368 foecis,
2774 5307 2825 5351 et
2845 5298 3036 5351 statuit
3055 5312 3219 5367 supra
3233 5306 3438 5367 petrem
3459 5300 3624 5367 podes

2038 5412 2202 5463 meos,
2231 5406 2283 5451 et
2303 5395 2500 5450 direxit
2528 5407 2737 5465 qressus
2758 5407 2921 5458 meos,
2942 5398 2994 5446 et
3020 5390 3245 5446 immisit
3267 5389 3324 5443 in
3360 5404 3418 5443 os
3441 5404 3625 5444 metm

2040 5491 2306 5544 canticum
2352 5500 2542 5541 novum
2588 5500 2801 5541 carmen
2832 5485 2942 5540 Deo
2992 5493 3194 5540 nostro.
3224 5480 3430 5539 Statuit
3451 5498 3626 5554 snpra

2039 5592 2240 5653 petram
2277 5581 2432 5651 pedes
2464 5595 2627 5647 meos,
2650 5588 2711 5634 ut
2735 5577 3040 5644 Christum,
3072 5576 3167 5649 qui
3193 5584 3279 5634 est
3302 5584 3475 5647 petra,
3499 5589 3629 5648 spe-

2040 5689 2219 5731 rarem
2245 5688 2361 5732 sua:
2409 5672 2630 5745 pietatis
2682 5685 2850 5745 opera
2867 5670 3157 5729 ‘evidenter
3180 5667 3455 5727 iacturum
3489 5674 3629 5738 post
