3817 6000
238 232 386 289 ¹¹15

860 227 1417 286 cottMENTAtttUtt
1458 228 1524 284 m
1559 227 1899 285 PSALMOS.
1933 263 2007 274 --
2047 230 2221 286 vatis
2255 230 2315 286 tt.
2343 262 2411 274 --
2439 233 2631 290 Pam..
2683 234 2864 286 KRH.

3376 238 3504 294 itti

236 343 513 419 pelliculis
539 343 952 414 peregrinorum
989 344 1232 400 murium
1256 343 1473 416 griseis,
1501 341 1691 410 variis,
1724 351 1820 397 aut
1848 349 1893 404 Α
1924 343 2155 398 dzztizttcr
2207 358 2419 402 stt-rna}
2463 346 2735 402 felicitatis.
2787 350 3008 414 inpium
3052 354 3502 418 rapt-rinna.inm..

236 436 399 502 albis,
434 434 523 490 vel
578 434 765 490 rubeis
812 433 1174 504 operimenta,
1224 436 1311 491 vel
1347 442 1656 505 tegumenta
1714 433 1822 489 illis

237 525 541 592 abundent,
573 525 628 580 in
655 540 891 595 quorum
931 525 1263 581 abundantia
1292 542 1402 582 non
1432 535 1516 582 est
1556 526 1687 596 ipsis
1709 534 1822 580 tam

238 618 454 675 stabilis
484 633 551 674 ac
576 617 844 675 durabilis
870 626 1116 684 ornatus,
1149 626 1212 674 ut
1232 626 1318 674 est
1339 617 1475 690 ipsis
1504 618 1821 688 hujusmodi

236 711 513 780 muribus,
538 710 666 783 quia
706 710 958 767 muribus
990 710 1248 768 detractae
1272 712 1383 767 cito
1418 711 1825 768 inveterascunt

238 802 326 857 bae
359 800 494 858 tales
521 801 808 872 pelliculae,
837 818 961 873 quae
985 802 1239 859 muribus
1280 803 1374 860 diu
1396 801 1598 858 durant
1625 813 1820 858 natura

238 900 511 950 servante.
549 891 608 947 ln
634 893 832 948 talibus
857 894 1018 951 bonis
1042 894 1377 951 abundantia
1402 902 1487 952 est
1507 896 1822 951 misericor-

235 986 329 1042 dia
354 985 452 1042 Dei
476 985 795 1042 transitoria
821 987 934 1042 cito
962 986 1240 1045 transiens
1273 987 1463 1059 «quasi
1491 988 1663 1044 nubes
1697 1004 1819 1044 ma-

234 1079 437 1146 tutina,
464 1087 519 1134 et
547 1078 706 1149 quasi
748 1094 843 1134 ros
873 1094 1033 1136 mane
1074 1080 1500 1150 pertransiens.»
1531 1079 1821 1137 Verumta-

236 1185 363 1226 men
398 1170 598 1228 talibus
617 1171 755 1226 bene
780 1172 861 1226 uti
889 1187 1148 1244 magnum
1197 1171 1404 1228 donum
1434 1171 1529 1228 Dei
1555 1181 1680 1229 est:
1728 1187 1821 1228 ea-

235 1262 361 1317 dem
392 1279 521 1317 vero
546 1272 920 1331 contemnere,
957 1279 1024 1319 ac
1055 1264 1346 1319 meliorum
1380 1265 1649 1321 electione
1692 1280 1820 1335 par-

232 1354 528 1425 vipendere
556 1355 733 1427 majus
758 1354 854 1411 Dei
880 1355 1088 1412 donum
1118 1365 1221 1413 est.
1259 1354 1500 1412 Omnino
1527 1372 1660 1412 vero
1690 1357 1817 1412 tali-

233 1447 341 1503 bns
368 1462 473 1504 non
502 1462 679 1519 egere,
711 1447 806 1504 sed
832 1464 1021 1505 eorum
1046 1449 1262 1520 penitus
1290 1448 1535 1504 oblivisci
1562 1464 1673 1520 prae
1703 1464 1819 1502 ma-

234 1536 520 1610 gnitudine
552 1540 874 1611 sempiterni
919 1541 1124 1612 gaudii,
1153 1541 1555 1612 permaximum
1585 1540 1681 1601 Dei
1711 1541 1815 1596 do-

232 1645 369 1684 num
394 1639 496 1685 est.
542 1628 608 1685 Et
632 1630 734 1687 hoc
766 1647 1048 1704 magnum,
1080 1632 1258 1704 majus
1279 1642 1333 1688 et
1378 1633 1679 1688 maximum
1718 1633 1815 1688 do-

1927 438 2083 506 qumi
2127 450 2235 490 tres
2271 438 2447 506 [fiscos
2495 454 2723 494 nurnero
2779 442 3112 506 patui-issimi,
3148 442 3236 494 5⁴1¹]
3300 446 3504 498 nia-rna.

1925 530 2147 582 maximi
2183 542 2323 582 sunt.
2347 530 2739 586 &inveniuntur
2771 546 2948 586 :tutmn
2984 546 3088 586 reti:
3147 538 3500 602 apostolicum

1918 617 2143 689 jobi-nu:
2171 622 2399 674 [turnino
2423 622 2475 674 iti
2505 626 2779 678 dexterum
2832 626 3032 694 {turigii
3084 626 3308 678 titlsfittttt
3340 630 3504 682 enlin*

1924 712 2001 784 git
2031 718 2127 766 ltus
2159 726 2267 766 iret-3
2291 718 2623 770 differentias
2655 718 2884 786 piscium
2924 734 3244 788 magnorum
3284 730 3500 774 ceritum

1923 804 2315 875 quinquaginta
2351 810 2536 875 ttflutn,
2567 810 2828 879 quani-aut
2882 810 2980 879 [psi
3024 810 3280 864 munibus.
3316 815 3500 863 urnula

1923 896 2051 955 sacti
2079 903 2375 955 stlctttnlttttt
2413 903 2551 955 liant}
2599 907 2924 971 tripartitam
2952 905 3356 959 distinctionem
3390 907 3504 975 pis-

1923 992 2087 1058 ciunt,
2135 1004 2187 1047 ct
2215 1011 2335 1047 cunt
2387 995 2491 1063 liis,
2523 999 2615 1067 qui
2643 999 2832 1051 callen]
2864 999 3312 1059 rutili-nutabant,
3344 1007 3504 1055 erant

1923 1087 2179 1155 majorca,
2211 1099 2263 1139 ct
2295 1103 2415 1139 cnm
2451 1087 2555 1155 itis,
2583 1091 2671 1155 qui
2707 1103 2856 1143 itum:
2884 1091 3056 1143 sobrii
3104 1099 3232 1143 sunt
3264 1087 3504 1147 bomini-

1922 1175 2023 1232 ltus
2055 1195 2199 1231 narn:
2247 1191 2423 1231 n'nrntsr
2463 1179 2571 1235 [lieu
2619 1183 2908 1243 excedunt,
2944 1191 3100 1235 *statut
3136 1183 3500 1243 'iminium-:tc

1921 1284 2016 1338 pet·
2039 1271 2143 1323 lint:
2171 1275 2487 1339 planissime
2515 1275 2667 1323 liliati
2699 1275 2956 1327 munibus
2984 1275 3256 1327 thesauris
3288 1275 3500 1327 iniieru—

1921 1360 2119 1415 lionttm
2147 1375 2379 1423 tuarum.
2415 1363 2651 1424 flumine.
2679 1375 2723 1415 rt
2759 1363 3236 1415 trtisrrifflru'irtrnm
3264 1379 3496 1427 ttici-rum,

1919 1468 2036 1522 quoe
2081 1470 2115 1507 a
2143 1451 2339 1508 aoeculo
2383 1461 2529 1520 suut,
2575 1467 2809 1524 quaeque
2860 1462 2984 1523 post
3037 1453 3496 1509 resurrectionem

1919 1554 2069 1599 tuam
2115 1544 2184 1600 ad
2236 1543 2632 1616 discipulorum
2685 1553 2906 1601 tuorum
2942 1545 3397 1613 consolationem,
3443 1552 3502 1602 et

1921 1637 2177 1693 Ecclesiae
2201 1636 2368 1693 totius
2398 1635 2841 1693 informationem
2869 1637 2925 1692 in
2951 1636 3064 1709 jam
3093 1638 3234 1694 dicta
3265 1637 3500 1709 piscium

231 1737 366 1777 num
397 1738 506 1778 non
535 1733 620 1779 est
642 1725 710 1780 de
738 1724 891 1796 largo
920 1723 1072 1780 fonte
1117 1727 1519 1781 ntiaerationum
1576 1736 1812 1792 tuarum,
1854 1705 1892 1758 Β
1921 1731 2191 1802 captione,
2227 1731 2460 1801 aliisque
2483 1732 2821 1803 argumentis
2846 1732 3032 1788 multis
3064 1746 3163 1803 per
3190 1732 3310 1788 dies
3355 1747 3501 1804 qua·-

231 1814 477 1882 Domt'ne,
516 1826 565 1871 et
596 1817 1084 1873 misericordiarum
1120 1828 1359 1885 tuarum,
1390 1834 1513 1890 quae
1544 1834 1575 1874 a
1610 1820 1815 1876 saeculo

234 1919 386 1977 sunt,
416 1910 679 1981 qnoniam
710 1919 859 1980 sunt,
884 1921 941 1967 et
979 1912 1300 1968 transibunt
1332 1928 1458 1968 cum
1500 1913 1816 1984 temporali-

233 2002 338 2059 bus
368 2003 548 2070 bonis,
578 2003 672 2074 qui
699 2017 894 2059 eornm
921 2003 1006 2059 vel
1030 2019 1134 2060 usu
1161 2005 1466 2076 magni,vel
1497 2015 1814 2078 contemptu

234 2094 493 2164 majores,
526 2095 610 2150 vel
636 2093 913 2151 oblivione
945 2096 1172 2151 maximi
1206 2095 1364 2153 fiunt.
1398 2096 1552 2153 Unde
1578 2114 1686 2154 non
1724 2114 1815 2154 ro-

233 2185 396 2256 gasti,
427 2184 680 2254 Domine,
707 2195 768 2241 ut
795 2186 1121 2243 tollerentur
1143 2189 1223 2243 tui
1251 2187 1319 2244 de
1346 2190 1587 2258 mundo;
1629 2191 1722 2246 sed
1756 2198 1817 2248 ut

233 2287 588 2335 servarentur
623 2293 653 2333 a
707 2278 873 2347 malo,
906 2290 1179 2351 quatenus
1212 2279 1268 2336 in
1300 2281 1511 2337 mundo
1547 2282 1812 2350 viventes,

230 2377 286 2424 et
314 2368 506 2424 mundi
541 2369 710 2426 rebus
737 2370 899 2427 bonis
934 2379 989 2428 ct
1017 2370 1178 2428 malis
1202 2371 1342 2428 bene
1380 2381 1596 2428 utentes
1623 2371 1817 2429 tierent

232 2461 437 2533 magni,
470 2462 555 2518 vel
584 2478 680 2520 eas
726 2472 1141 2520 contemnentes
1182 2463 1375 2520 tierent
1417 2466 1677 2538 majoreS,
1729 2467 1814 2522 vel

233 2568 331 2608 eas
356 2552 578 2624 penitus
602 2555 986 2613 obliviscentes
1016 2565 1072 2612 et
1097 2558 1571 2614 conversationem
1613 2559 1669 2614 in
1698 2575 1815 2616 coe·

233 2646 325 2712 lis,
357 2654 412 2701 et
435 2661 656 2702 sursum
695 2664 793 2704 cor
834 2647 1100 2705 babentes
1131 2658 1317 2705 essent
1360 2650 1586 2706 maximi
1626 2650 1811 2724 (Ioan.

232 2754 369 2806 xvn,
404 2740 513 2812 ¹5).

304 2832 442 2890 Cum
474 2849 606 2907 ergo
633 2836 715 2893 sic
741 2836 948 2907 magni,
991 2843 1046 2892 ct
1083 2837 1342 2909 majores,
1368 2848 1421 2895 et
1462 2837 1689 2895 maximi
1720 2856 1813 2898 es-

232 2935 356 2984 sent
395 2927 625 3000 apostoli
649 2928 749 2995 tui,
781 2927 997 3011 inerant
1024 2928 1138 3002 jam
1168 2929 1236 2985 de
1264 2930 1471 2987 mundo
1501 2947 1602 3003 pro
1641 2933 1813 2989 meri-

233 3022 307 3078 tls
332 3023 448 3079 suis
477 3022 842 3079 transferendi
868 3042 883 3092 ;
914 3024 1010 3079 sed
1046 3039 1144 3093 per
1180 3024 1329 3095 ipsos
1357 3041 1588 3098 magnos
1630 3027 1811 3082 volui-

233 3112 304 3168 sti
335 3111 536 3169 lucrari
566 3112 703 3170 alios
727 3128 958 3185 magnos
984 3110 1172 3185 (Joan.
1215 3115 1353 3183 xxi).
1407 3114 1559 3172 Unde
1599 3131 1725 3173 cum
1756 3125 1810 3174 te

228 3204 455 3277 jubente
484 3214 610 3278 post
649 3206 1105 3262 resurrectionem
1143 3207 1422 3264 mitterent
1450 3217 1563 3264 rete
1594 3210 1647 3264 in
1678 3211 1813 3266 dex-

233 3307 406 3354 teram
435 3288 660 3372 navigii,
693 3298 838 3370 capti
863 3307 993 3354 sunt
1018 3306 1237 3354 centnm
1268 3300 1666 3373 quinquaginta
1701 3311 1811 3359 tres

233 3389 413 3461 pisces
435 3390 638 3463 magni,
667 3389 815 3462 quod
844 3398 962 3446 erat
989 3405 1187 3462 magna
1218 3391 1523 3448 consolatio
1549 3393 1813 3464 piscanti-

232 3482 360 3551 bus,
384 3492 439 3540 et
465 3483 665 3540 visibili
688 3483 881 3541 effectu
912 3481 1292 3553 probantibus,
1324 3484 1471 3554 quod
1497 3491 1576 3552 tu,
1600 3486 1693 3556 qui
1731 3485 1812 3543 eis

231 3576 492 3634 dixeras:
526 3596 545 3629 e
571 3575 768 3633 Mittite
790 3576 846 3632 in
876 3575 1157 3631 dexteram
1187 3576 1388 3649 navigii
1409 3586 1576 3643 rete,»
1606 3579 1685 3635 sis
1706 3577 1813 3634 Do-

234 3669 420 3726 minus
451 3669 603 3741 (ibid.
629 3668 706 3742 6).
742 3667 896 3725 Unde
922 3669 1027 3725 boc
1052 3670 1319 3727 miraculo
1340 3669 1714 3727 visoloannes
1736 3669 1814 3727 ait

232 3758 435 3817 Petro:
480 3760 741 3817 Dominus
785 3770 884 3817 est.
913 3759 1277 3818 Praecesserat
1303 3761 1449 3818 enim
1493 3762 1812 3832 piscationis

234 3868 433 3924 magna
457 3852 766 3920 difficultas,
800 3864 860 3910 ut
896 3854 1164 3925 apparitio
1190 3863 1303 3923 tua,
1337 3853 1591 3920 Domine,
1637 3855 1812 3926 magis

234 3954 387 4015 grata
415 3945 588 4017 lieret,
611 3962 733 4018 quae
761 3957 977 4003 tantum
1008 3948 1251 4004 laborem
1274 3948 1555 4019 levigaret,
1582 3962 1814 4018 quaeque

234 4049 454 4094 centum
482 4039 661 4111 pisces
708 4042 867 4113 quasi
911 4056 1164 4113 magnoS,
1218 4041 1613 4114 quinquaginta
1654 4041 1815 4112 quasi

234 4132 493 4203 majores,
511 4142 567 4189 et
592 4141 703 4189 tres
726 4134 879 4204 quasi
908 4135 1177 4190 maximos
1198 4134 1251 4189 in
1275 4141 1389 4189 rete
1411 4148 1582 4189 unum
1596 4148 1818 4202 congre-

236 4235 409 4299 garet.
444 4225 600 4283 Licet
625 4227 771 4282 enim
818 4227 890 4284 sit
922 4228 1098 4300 major
1124 4243 1390 4285 numerus
1422 4228 1815 4299 temporalibus

236 4318 396 4375 bonis
433 4328 486 4374 et
514 4319 673 4374 malis
718 4319 855 4374 bene
886 4321 1180 4386 utentium,
1225 4328 1280 4375 et
1325 4319 1509 4374 minor
1546 4331 1814 4373 numerus

1917 1823 2165 1894 draginta
2199 1832 2329 1879 sunt
2374 1821 2771 1891 inanirestatae,
2800 1832 2963 1895 atque
3012 1824 3068 1879 in
3109 1823 3200 1881 die
3223 1826 3503 1897 quinqua-

1915 1913 2124 1983 gesimo
2146 1927 2244 1984 per
2271 1913 2567 1969 adventum
2596 1913 2775 1970 sancti
2809 1914 3048 1986 Spiritus
3105 1926 3502 1975 consummata

1916 2013 2067 2060 sunt.

1986 2115 2102 2190 Ego
2141 2130 2273 2188 ergo
2319 2115 2594 2188 poenitens
2632 2113 2899 2184 Ecclesia,
2941 2116 3028 2173 vel
3074 2132 3175 2189 ego
3222 2119 3500 2189 poenitens

1916 2209 2291 2265 ecclesiastica
2329 2223 2564 2279 persona
2592 2209 2792 2264 timens
2816 2224 2906 2264 me
2932 2224 3043 2265 non
3063 2224 3207 2277 esse,
3234 2208 3401 2279 Deua,
3432 2211 3489 2266 in

1917 2311 2010 2357 tua
2043 2301 2330 2366 memoria,
2377 2302 2506 2370 quia
2538 2300 2673 2355 mibi
2703 2308 2930 2372 propter
2959 2309 3110 2356 tuam
3162 2311 3393 2358 mortem
3442 2312 3500 2359 et

1916 2394 2252 2464 sepulturam
2284 2393 2626 2458 lamentanti,
2668 2400 2725 2447 et
2755 2393 2903 2447 velut
2927 2393 2983 2446 in
3014 2406 3234 2448 cassum
3262 2395 3500 2465 piscanti

1918 2502 2032 2540 non
2058 2486 2138 2542 sic
2173 2483 2570 2553 manifestaris,
2597 2492 2658 2539 ut
2688 2493 2802 2539 rete
2825 2483 3232 2555 praedicationis
3256 2485 3343 2540 vel
3367 2501 3498 2541 ora-

1917 2578 2081 2635 tionis
2125 2594 2260 2633 meae
2305 2577 2548 2633 laxatum
2592 2577 2688 2633 liat
2735 2577 2956 2649 plenum
2990 2578 3203 2649 magnis
3253 2579 3499 2650 piscibus

1916 2679 2135 2727 centum
2177 2670 2572 2743 quinquaginta
2607 2670 2806 2726 tribuS.
2846 2668 3032 2741 Neque
3070 2671 3215 2726 enim
3261 2685 3361 2741 ego
3393 2670 3500 2726 Da-

1914 2762 2028 2830 vid,
2044 2776 2146 2835 ego
2168 2761 2460 2833 poenitens,
2478 2776 2579 2834 ego
2608 2761 2754 2817 hunc
2776 2760 3054 2816 Psalmum
3077 2760 3249 2816 David
3267 2777 3495 2829 canens,

1917 2853 1974 2909 in
2019 2869 2107 2910 me
2144 2853 2265 2925 ipso
2291 2853 2428 2910 tales
2466 2853 2700 2908 virtutes
2729 2853 2927 2920 babeo,
2958 2853 3149 2923 quales
3175 2852 3231 2908 in
3285 2852 3499 2925 magnis

1917 2944 2026 3002 illis
2054 2944 2295 3017 piscibus
2326 2954 2548 3001 centum
2578 2944 2975 3018 quinquaginta
2997 2945 3173 3001 tribus
3197 2945 3498 3017 praesigna-

1916 3046 2000 3093 tas
2024 3037 2291 3108 intelligo,
2319 3052 2499 3109 neque
2528 3046 2776 3093 sanctam
2802 3034 3101 3093 Ecclesiam
3128 3038 3331 3094 talibus
3355 3054 3487 3109 per-

1915 3128 2068 3183 sonis
2094 3129 2373 3184 abundare
2392 3128 2573 3198 video,
2600 3127 2669 3185 de
2693 3143 2930 3200 quorum
2960 3130 3190 3185 numero
3210 3139 3265 3185 et
3292 3131 3493 3186 merito

1910 3223 2476 3294 exprimatureentum
2497 3222 2894 3294 quinquaginta
2915 3222 3080 3278 trium
3103 3223 3332 3294 piscium
3357 3224 3498 3280 mul-

1913 3316 2110 3382 titudo,
2145 3325 2201 3372 et
2235 3316 2572 3387 magnitudo.
2614 3314 2719 3372 Sed
2753 3333 2773 3367 ι
2810 3314 3058 3385 paucitas
3092 3316 3304 3371 dierum
3348 3330 3501 3373 meo·

1914 3422 2038 3461 rutn
2069 3406 2265 3461 linitur
2305 3405 2456 3461 brevi
2493 3403 2639 3477 (Iob.
2671 3421 2730 3473 x,
2753 3404 2903 3477 20)‚›
2934 3406 3064 3477 quia
3100 3414 3154 3461 et
3175 3422 3275 3478 ego
3309 3406 3500 3476 paucis

1915 3505 2011 3551 aut
2039 3496 2204 3552 nullis
2244 3495 2506 3551 virtutum
2530 3495 2802 3554 fructibus
2825 3497 3063 3567 abundo,
3086 3508 3139 3554 et
3160 3513 3363 3571 paucos
3382 3498 3497 3553 vir-

1915 3595 2104 3643 tuosos
2133 3587 2189 3642 in
2225 3586 2326 3642 reti
2353 3585 2613 3643 Ecclesiae
2641 3588 2823 3645 video.
2850 3587 3007 3645 Unde
3031 3598 3254 3662 propter
3281 3590 3498 3662 magni-

1911 3679 2129 3735 tudines
2151 3678 2502 3735 miseriarum
2518 3682 2839 3751 specialium
2865 3692 2922 3738 et
2942 3684 3320 3739 communium
3343 3697 3500 3739 com-

1914 3771 2087 3843 pellor
2113 3770 2326 3836 timere,
2351 3785 2386 3827 o
2406 3768 2645 3841 Christe,
2681 3788 2749 3828 ne
2776 3772 2915 3830 sorte
2942 3775 3118 3831 simus
3148 3774 3203 3830 in
3225 3774 3501 3830 oblivione

1914 3878 2099 3920 coram
2134 3871 2206 3918 te.
2236 3861 2486 3920 Dicimus
2520 3879 2652 3935 ergo
2672 3880 2799 3920 cum
2826 3863 3061 3922 Jeremia
3091 3885 3105 3921 ε
3135 3864 3497 3934 «Recordare,

1914 3952 2191 4019 Domine,·
2220 3952 2353 4023 quid
2387 3952 2650 4010 acciderit
2690 3954 2891 4022 nobis;
2942 3955 3178 4024 intuere,
3204 3965 3260 4012 et
3287 3956 3500 4027 respice

1914 4044 2271 4116 opprobrium
2313 4052 2589 4101 nostrum.
2637 4043 2942 4102 Haereditas
2973 4052 3162 4104 nostra
3203 4061 3363 4103 versa
3412 4054 3502 4103 est.

1915 4136 1981 4193 ad
2014 4137 2246 4204 alienos,
2267 4136 2466 4194 domus
2489 4146 2694 4194 nostrae
2727 4137 2796 4193 ad
2839 4146 3152 4196 extraneos.
3185 4136 3381 4209 Pupilli
3413 4138 3498 4193 ra-

1896 4228 1987 4294 ‚cti
2010 4230 2425 4301 sumusabsque
2466 4238 2641 4301 patre,
2659 4240 2864 4288 matres
2890 4240 3091 4287 nostrae
3110 4232 3268 4302 quasi
3297 4230 3497 4287 viduae.

1919 4323 2134 4395 Aquam
2167 4331 2415 4379 nostram
2447 4324 2682 4394 pecunia
2722 4324 2985 4391 bibimus,
3028 4332 3084 4380 et
3131 4324 3276 4396 ligna
3307 4331 3499 4380 nostra

234 4409 425 4467 eadem
457 4410 942 4475 contemnentium,
959 4412 1330 4482 permaximus
1355 4425 1481 4465 vero
1519 4410 1707 4496 eadem
1729 4424 1815 4479 pe-
1844 4421 1890 4476 ι)
1917 4413 2092 4485 pretio
2111 4413 2572 4484 comparavimus.
2596 4414 2913 4471 Cervicibus
2943 4414 3310 4482 minabamur,
3336 4414 3501 4472 lassis

236 4505 386 4561 nitus
412 4505 851 4560 obliviscentium
874 4519 971 4576 per
997 4505 1197 4565 mentis
1220 4520 1529 4572 excessum,
1549 4513 1602 4560 et
1623 4520 1720 4575 per
1747 4504 1818 4560 le-

237 4595 324 4652 nis
354 4612 500 4652 aurae
521 4604 740 4651 tenuem
768 4595 1012 4661 sibilum,
1052 4610 1216 4666 quem
1258 4611 1382 4650 eum
1416 4594 1532 4651 Elia
1575 4595 1820 4653 sentiunt

236 4695 397 4767 pauci
437 4702 774 4761 sanctorum,
811 4692 906 4763 qui
949 4700 1130 4748 mente
1180 4689 1292 4745 Deo
1337 4692 1630 4756 excedunt,
1658 4699 1715 4746 et
1762 4692 1816 4746 in

238 4789 698 4860 contemplatione
728 4803 959 4845 summae
988 4785 1273 4843 Trinitatis
1300 4785 1459 4856 quasi
1490 4795 1601 4842 tres
1640 4787 1820 4858 pisces

239 4881 464 4937 maximi
493 4882 786 4952 capiuntur
831 4880 999 4936 verbo
1029 4877 1267 4945 Domini,
1300 4893 1412 4948 quo
1441 4878 1638 4934 [innati
1690 4889 1819 4936 sunt

238 4973 402 5029 coeli:
427 4981 611 5027 tamen
654 4972 752 5039 illi,
783 4971 879 5043 qui
912 4977 1042 5027 sunt
1091 4984 1325 5026 numero
1363 4969 1622 5040 majores,
1653 4971 1820 5025 meri-

239 5075 419 5122 torum
448 5065 712 5138 qualitate
742 5074 870 5122 sunt
906 5063 1172 5128 minores,
1207 5072 1267 5119 ut
1292 5060 1544 5118 videlicet
1582 5062 1661 5118 illi
1691 5078 1820 5119 cen-

237 5165 353 5212 tnm
378 5156 577 5227 pisces,
606 5156 701 5229 qui
731 5156 1044 5228 significant
1070 5154 1248 5210 bonos
1269 5153 1407 5209 bene
1430 5163 1644 5210 utentes
1665 5171 1823 5211 mun—

238 5249 331 5316 do,
360 5249 563 5321 quibus
585 5230 817 5304 numero
847 5248 1088 5304 minores
1113 5256 1169 5303 et
1214 5246 1425 5309 meritis
1457 5245 1695 5316 maiores
1734 5246 1819 5301 in-

243 5341 558 5409 veniuntur,
608 5342 703 5414 qui
752 5341 910 5413 quasi
957 5358 1083 5399 cnm
1133 5343 1528 5417 quinquaginta
1577 5342 1820 5414 piscibus

244 5436 450 5491 mundo
470 5445 783 5507 contempto
813 5436 1089 5492 celebrant
1113 5434 1403 5493 Jubilaeum
1433 5435 1742 5494 remissioni
1765 5445 1821 5494 et

241 5525 448 5584 festivae
476 5527 642 5600 quieti
682 5537 1080 5586 consecratum.
1106 5527 1186 5586 llli
1210 5545 1360 5598 vcro,
1385 5530 1478 5601 qui
1503 5538 1684 5587 mente
1707 5529 1820 5587 Deo

244 5619 515 5675 excedunt
539 5635 604 5673 ex
630 5617 913 5674 Trinitatis
945 5617 1180 5685 visione,
1209 5618 1336 5676 licet
1365 5621 1547 5677 adbuc
1578 5621 1632 5677 in
1653 5636 1820 5677 earne

243 5720 532 5777 manentes
573 5710 772 5784 raptim
808 5710 1027 5783 quidem
1072 5718 1128 5768 et
1155 5711 1409 5782 breviter,
1449 5712 1545 5770 sed
1586 5712 1817 5770 nimium

1915 4519 2026 4561 non
2058 4505 2290 4560 dabatur
2328 4505 2566 4576 requies.
2603 4499 2840 4577 AE'gypto
2872 4504 3125 4561 dedimus
3157 4520 3405 4572 manum,
3442 4510 3499 4560 et

1915 4598 2176 4670 Assyriis,
2207 4606 2267 4653 ut
2293 4605 2673 4654 saturaremur
2694 4612 2854 4669 pane.
2884 4595 3075 4653 Patres
3099 4596 3275 4653 nostri
3304 4611 3498 4668 pccca-

1915 4702 2132 4760 verunt,
2172 4700 2229 4749 et
2256 4707 2365 4748 non
2395 4699 2556 4747 sunt:
2588 4698 2643 4747 et
2674 4705 2778 4746 nos
2802 4688 3145 4760 portavimus
3177 4687 3498 4759 iniquitates

1917 4802 2126 4843 eorum.
2162 4784 2318 4840 Servi
2341 4782 2610 4838 dominati
2633 4791 2764 4838 sunt
2792 4780 3001 4837 nostri:
3026 4790 3082 4837 et
3112 4794 3224 4836 non
3253 4780 3378 4847 l'uit,
3401 4778 3498 4850 qui

1918 4880 2209 4935 redimeret
2249 4876 2317 4932 de
2349 4890 2519 4930 manu
2559 4889 2773 4931 eorum.
2823 4872 2883 4930 ln
2921 4873 3177 4929 manibus
3217 4871 3406 4947 [Nulo.
3440 4870 3497 4927 iu

1917 4968 2232 5043 animabus]
2263 4968 2466 5025 nostris
2513 4967 2825 5024 ferebamus
2853 4982 3052 5038 panem
3079 4966 3260 5029 nobiS,
3290 4979 3323 5019 a
3360 4962 3500 5018 facie

1919 5062 2082 5136 gladii
2112 5063 2168 5118 in
2193 5061 2431 5117 deserto.
2466 5058 2632 5116 Pellis
2655 5069 2840 5116 nostra
2875 5058 3034 5130 quasi
3078 5056 3331 5114 clibanus
3361 5069 3498 5110 exn-

1920 5164 2003 5212 sta
2025 5163 2108 5210 est
2130 5169 2161 5209 a
2190 5151 2327 5208 facie
2357 5159 2742 5224 tempestatum
2765 5149 2947 5206 famis.
2979 5148 3236 5204 Mulieres
3265 5146 3321 5200 in
3353 5143 3490 5200 Sion

1920 5245 2367 5313 humiliaverunt,
2401 5244 2643 5316 virgines
2689 5242 2745 5298 in
2772 5241 3088 5299 civitatibus
3135 5237 3297 5295 Iuda.
3331 5236 3496 5293 Prin·

1919 5342 2066 5411 cipes
2090 5353 2258 5394 manu
2290 5336 2540 5408 suspensi
2558 5345 2708 5403 sunt,
2734 5332 2902 5391 facies
2923 5347 3118 5390 senum
3135 5345 3247 5389 non
3267 5328 3499 5386 erubue-

1921 5440 2068 5488 runt.
2093 5428 2548 5486 Adulescentibus
2574 5427 2848 5500 impudice
2877 5426 3036 5483 abusi
3066 5432 3232 5481 sunt:
3259 5431 3316 5478 et
3336 5420 3495 5494 pueri

1918 5541 2109 5582 eorum
2135 5524 2191 5580 in
2217 5524 2365 5596 ligno
2393 5530 2738 5579 corruerunt.
2774 5519 2945 5575 Senes
2970 5519 3027 5575 in
3060 5517 3249 5592 [vala.
3278 5515 3495 5573 defece-

1919 5628 2048 5675 runt
2068 5618 2136 5673 de
2163 5615 2357 5688 portis]
2399 5614 2573 5686 portis
2599 5612 2936 5679 defecerunt,
2961 5610 3192 5683 juvenes
3223 5610 3293 5669 de
3318 5610 3492 5667 cboro

1919 5711 2286 5786 psallentium.
2316 5707 2522 5769 Deiecit
2548 5705 2806 5782 gaudium
2849 5705 3032 5769 cordis
3062 5705 3256 5777 nostri,
3295 5716 3500 5763 versus.
