3817 6000
102 335 172 395 ttut
384 337 660 401 cuttuutttnuttttt
679 342 713 403 ΙΝ
729 344 901 405 ustinus.
920 378 956 391 ·-
971 345 1063 407 PARS
1080 348 1101 406 1.
1120 380 1155 390 -
1171 348 1270 409 PSAL.
1290 350 1434 409 xxxiiii·
1668 356 1739 413 ttoo

102 450 233 521 injustam
245 450 418 521 comprobant
442 453 624 511 uoluntatem:
644 458 683 512 rel
702 475 763 515 cuns
777 476 893 531 peccare,
909 472 931 525 Α
945 463 991 519 sed
1017 463 1132 533 disponit
1151 467 1242 521 omnio
1263 468 1381 527 maniter
1395 466 1503 535 placido
1527 466 1670 523 voluntate.
1689 468 1736 525 Vel

103 542 143 600 uel
156 561 216 599 eunt
228 544 333 615 impune
353 562 474 616 percusse
497 548 571 604 ittet.
584 548 686 616 Quiius
708 568 770 623 erqo
785 568 893 624 peccare
944 564 1013 609 certe
1023 556 1132 628 attinqit
1147 557 1227 626 opine
1238 574 1320 631 utrque
1336 561 1372 614 ad
1385 560 1477 629 finem,
1488 558 1537 614 ltoc
1550 570 1601 626 est,
1614 559 1647 614 ui
1657 561 1736 618 initio

103 639 193 706 libuit,
210 639 329 711 quandin
340 638 428 710 licuit,
438 650 464 697 et
482 659 544 697 cnm
551 644 610 713 p'ant
622 662 675 699 nan
687 656 807 717 possunt,
822 646 893 703 insi·
944 655 1075 702 creatsrroe
1091 663 1174 719 tssqtte
1183 649 1218 703 od
1231 649 1311 719 pirent
1326 649 1489 704 destinatsrnt
1503 666 1520 704 s
1533 649 1669 718 Crantore,
1682 653 1736 707 sire

104 740 160 784 turn
172 746 304 785 remanere
317 730 418 800 colunt,
444 735 514 805 qnod
526 746 710 804 percornnnt,
728 738 793 809 quid
808 740 836 793 in
851 738 892 794 lsis
943 740 973 793 irs
984 754 1061 811 quent
1071 749 1146 811 usqet
1160 749 1269 809 notura,
1280 742 1334 799 sine
1346 758 1422 813 quent
1437 738 1566 797 acceleret
1582 745 1737 811 canso,sioe

104 838 172 879 uerte
183 824 332 894 sapientia,
358 826 423 896 quid
447 825 522 882 tortu
535 827 678 884 uoluntatis
691 840 799 902 apparet
813 832 826 886 i
841 830 893 888 Sed
943 847 1020 902 quem
1039 831 1158 887 concedit
1169 835 1268 905 qratia.
1285 834 1403 906 dttinqit
1416 833 1531 904 sortiter,
1546 834 1611 889 dum
1629 834 1668 890 nil
1686 836 1736 891 iro·

102 917 287 986 erto,poern'tet
301 934 345 972 eos
356 933 486 987 peccasse.
501 917 629 992 Nunquid
643 923 747 977 enimsi
762 924 834 995 optio
847 925 895 980 de·
944 938 1005 976 rnrn
1026 923 1131 992 euenit,
1155 923 1226 995 quod
1249 940 1301 979 nors
1329 926 1428 995 patenti
1452 925 1619 997 procidentia
1644 926 1737 997 dispo·

103 1016 158 1075 tstr,
182 1007 276 1062 malint
302 1008 387 1064 odlruc
414 1026 531 1080 peccare,
544 1028 624 1083 quous
644 1030 747 1085 punam
766 1017 894 1073 sustinere
943 1015 994 1072 nit.

102 1100 229 1173 peccati?
245 1098 280 1153 Et
295 1109 382 1156 tomen
410 1100 478 1156 illud
498 1103 616 1175 iniquum
643 1117 692 1173 est,
711 1106 760 1162 lsoe
777 1108 891 1178 justum.
980 1106 1026 1165 Sic
1043 1124 1105 1182 erqo
1127 1108 1240 1165 liicrurn
1263 1109 1406 1166 arbitrium
1430 1125 1479 1165 suo
1493 1120 1602 1165 conetur
1623 1126 1734 1180 praesu

104 1191 243 1259 Quantodo
261 1209 321 1249 uero
339 1193 461 1249 uoluntas
482 1195 551 1250 iona
570 1197 655 1268 rttaqis
668 1199 738 1268 quod
761 1199 891 1270 iniquum,
943 1203 1059 1273 corpori,
1072 1212 1102 1256 ut
1123 1212 1219 1273 praest
1231 1202 1365 1273 sapientia
1381 1203 1450 1271 orti,
1462 1202 1594 1272 attinqens
1609 1211 1636 1258 et
1647 1203 1734 1273 ipsum

103 1305 185 1362 quant
208 1288 279 1360 quod
286 1289 392 1360 justum
404 1300 456 1358 est,
471 1289 603 1362 cliqeretl
621 1290 752 1349 Ceterum
764 1309 817 1349 non
835 1311 892 1350 oere
943 1294 1023 1363 aine
1036 1309 1118 1365 usque
1129 1293 1164 1348 od
1174 1294 1254 1363 finem
1264 1294 1380 1365 sortiter,
1389 1294 1522 1364 imperans
1532 1293 1633 1349 scilieet
1646 1293 1735 1366 sinqu-

102 1382 241 1453 preuitent,
255 1382 367 1453 quitum
377 1381 893 1457 nondolenttesiiioiaisse,quamitar
943 1385 978 1440 lis
992 1384 1110 1440 sensiitrs
1128 1392 1153 1439 tt
1174 1382 1286 1440 ortatus
1311 1393 1366 1439 torn
1384 1393 1519 1454 potenter,
1535 1393 1666 1455 quatenus
1680 1400 1733 1439 non

103 1476 191 1544 ipsam
199 1476 259 1545 jorn
270 1490 323 1531 non
336 1491 422 1546 passe.
436 1474 555 1548 Denique
571 1477 638 1548 soris
651 1479 812 1548 ostenditur,
827 1481 892 1548 qnid
943 1477 1015 1532 sistat
1034 1492 1143 1548 reqnore
1163 1484 1300 1548 peccatum
1319 1477 1348 1532 in
1359 1492 1408 1533 stro
1427 1476 1537 1531 mortali
1552 1492 1669 1547 corpore,
1687 1492 1734 1531 nec

103 1570 176 1623 intus
195 1577 302 1641 aqutur.
332 1567 406 1623 Nom
424 1570 543 1641 quandin
561 1585 655 1642 corpus
679 1572 742 1626 uiuit
764 1572 794 1626 in
818 1573 895 1643 dam-
942 1564 1059 1621 ntemlro
1070 1582 1120 1620 sna
1131 1565 1175 1621 det
1188 1582 1264 1620 arnto
1274 1565 1492 1637 iniquitatis,sed
1506 1565 1734 1623 mileotserrirc

105 1676 161 1729 nra,
178 1660 274 1715 tandiu
289 1671 394 1715 constat
419 1662 448 1715 in
477 1660 583 1716 mulitia
602 1664 741 1733 persistere
770 1662 892 1718 colunto·
938 1656 1229 1728 pessinuntensium
1239 1658 1734 1728 nomenoneritscrrnspeccoti,csttts

105 1762 167 1807 term
188 1750 283 1824 ltoqne
302 1753 335 1807 de
360 1751 556 1818 similitudine,
573 1770 633 1825 quoe
659 1755 689 1809 in
716 1755 845 1823 consilii,
867 1763 892 1809 et
943 1762 1080 1822 peccatum
1095 1767 1147 1806 nort
1162 1751 1265 1822 feurit,
1277 1767 1294 1804 a
1307 1767 1360 1822 qno
1374 1751 1465 1821 utique
1478 1749 1608 1806 literatus
1618 1751 1678 1822 jorn
1693 1749 1732 1805 li·

104 1844 168 1898 itern
191 1843 344 1913 complaciti
366 1843 489 1901 liltrtote
512 1847 678 1915 continetur,
703 1847 774 1918 apud
795 1848 893 1918 interos
909 1817 930 1870 B
944 1847 1071 1901 iertotern
1083 1859 1235 1913 recuperare
1247 1841 1363 1909 consilii,
1374 1842 1434 1913 jorn
1453 1857 1531 1898 suant
1542 1843 1675 1898 uindicare
1690 1841 1735 1899 di·

103 1940 208 2010 pertitus
232 1937 302 1992 niisil
327 1945 377 2003 est,
403 1954 449 1993 nec
471 1955 527 1996 este
549 1948 647 2007 potest,
667 1940 782 2011 inraqine
806 1950 893 1995 sanun
944 1935 1071 2008 quitatem
1091 1934 1209 2004 incipiet,
1228 1932 1293 1987 duos
1309 1933 1410 1988 diuina
1429 1935 1458 1988 in
1471 1935 1623 2007 seirnnqini
1639 1935 1734 1992 condi·

103 2032 186 2086 etiarn
205 2029 264 2088 iilic
281 2046 329 2100 per
346 2029 459 2087 literam
483 2031 625 2088 ariitrium
644 2033 773 2089 insmoirili
790 2049 891 2104 permo-
943 2026 1147 2099 ommutuit&
1160 2023 1372 2093 similitudinem,
1383 2027 1439 2081 imo
1451 2027 1589 2098 antiquum
1601 2043 1736 2100 teporata·

104 2134 190 2179 nante.
944 2122 980 2175 rit
992 2127 1163 2175 oenuttotens.
1179 2116 1260 2174 Curet
1272 2125 1360 2173 autern
1374 2118 1430 2190 nep
1443 2135 1496 2175 nort
1508 2121 1596 2174 minus
1616 2122 1735 2177 snooiter

140 2211 198 2284 181)
216 2211 268 2268 Sel
286 2229 367 2286 nequa
380 2215 408 2269 iu
420 2214 575 2272 ltocruculo
587 2217 779 2289 thnainocniri
790 2218 894 2289 uspiam
943 2227 1024 2282 quarn
1041 2210 1158 2282 sortiter,
1172 2209 1221 2264 isac
1240 2217 1305 2264 est:
1323 2225 1377 2264 nort
1389 2224 1422 2264 ea
1440 2210 1564 2276 tristitia,
1579 2219 1627 2265 ant
1643 2227 1734 2267 neces·

102 2315 191 2381 posset
208 2305 368 2374 similitudo,
388 2307 434 2362 sed
454 2307 541 2364 edisne
558 2309 639 2380 sudo,
661 2318 686 2365 et
703 2310 829 2381 deformis
849 2310 895 2381 jo-
943 2303 1033 2370 situla,
1045 2301 1116 2375 quud
1128 2313 1166 2357 etl
1180 2302 1298 2370 lulllm,
1318 2318 1370 2357 m
1382 2305 1518 2375 plenitudo
1530 2304 1735 2375 sententiares

102 2399 202 2457 auisset
214 2399 312 2471 imaqo,
322 2399 347 2454 si
363 2414 417 2454 tton
434 2399 582 2471 eoanqelica
592 2400 642 2456 illa
655 2400 895 2458 mulierlacernam
943 2404 1066 2468 promptu
1078 2405 1104 2451 cl
1118 2395 1203 2449 alacri
1217 2395 1362 2465 uoltttlutc,
1378 2397 1448 2467 qnod
1461 2396 1527 2467 lacit
1541 2406 1677 2469 acceptant
1689 2415 1736 2454 sa-

103 2492 268 2558 accenderat,
281 2491 414 2563 sapientia
435 2492 895 2566 instanteappareret,eoertcretqsse
944 2489 1076 2558 orificium
1098 2503 1108 2543 .·
1127 2487 1254 2559 quoniam
1282 2488 1398 2546 hilarem
1421 2488 1544 2546 datorem
1557 2490 1647 2562 dtttqit
1661 2489 1736 2549 Deus

103 2587 223 2654 domum,
236 2584 358 2640 uidelicet
368 2586 493 2642 ritiorsnn
513 2587 668 2643 drocltmum
682 2604 758 2643 suant
778 2588 895 2660 require·
946 2580 973 2653 (1
985 2580 1048 2637 Cor.
1060 2595 1100 2649 rx,
1113 2580 1151 2651 i).
1167 2578 1263 2652 Sitque
1286 2597 1333 2651 prr
1346 2581 1436 2636 omnio
1456 2580 1605 2637 imitabitur
1628 2583 1735 2653 sopien-

105 2687 156 2747 rct,
173 2693 253 2750 quum
270 2676 432 2748 perdiderat,
451 2678 500 2733 lroc
512 2689 562 2745 est,
576 2679 719 2750 imaqinem
736 2696 824 2747 suom,
836 2696 895 2753 quor
946 2675 1023 2742 tiam,
1036 2681 1062 2727 et
1083 2672 1148 2728 dum
1159 2674 1229 2729 uitiis
1245 2674 1348 2729 resistet
1363 2674 1478 2745 fortiter,
1492 2682 1518 2729 el
1532 2674 1561 2729 in
1575 2676 1736 2732 conscientia

102 2788 121 2825 a
144 2771 232 2825 notiro
248 2769 366 2840 spoliato
395 2770 487 2826 decore
508 2769 556 2826 sui
581 2770 650 2842 pelle
667 2774 769 2842 peccati
781 2771 889 2828 sordens
944 2767 1085 2838 requiescet
1096 2765 1222 2822 staoiter.
1241 2764 1335 2821 leram
1346 2766 1423 2836 cnjus
1438 2767 1473 2823 od
1484 2767 1550 2823 talia
1562 2784 1736 2839 provocamur

104 2871 231 2935 tonqnurn
250 2863 280 2917 ln
295 2862 401 2933 puluere
418 2862 556 2931 lotitoiat,
573 2865 706 2919 irruentem
721 2874 849 2938 torperet,
867 2875 892 2922 et
943 2858 1080 2930 exemplo,
1097 2858 1246 2931 indiqeutns
1266 2868 1291 2915 tl
1306 2859 1460 2929 adiutorio,
1478 2878 1531 2934 qua
1544 2860 1596 2932 ipsi
1615 2862 1734 2918 uidelicet

104 2955 209 3012 tolieret
222 2954 255 3011 de
281 2956 385 3028 reqione
402 2956 630 3014 dissimilitudinis
654 2957 844 3031 pristinamque
866 2959 893 3014 in
943 2952 1085 3025 peripsum
1104 2952 1309 3024 contemnemur,
1321 2954 1438 3026 atquein
1452 2953 1575 3011 camdem
1588 2953 1734 3027 imaginem

104 3047 218 3118 speciem
231 3045 403 3116 reformatam
419 3048 534 3103 similem
548 3048 646 3119 iaceret
655 3051 683 3104 in
698 3049 810 3122 qiorions
824 3048 893 3107 Son-
943 3044 1173 3101 transiormemur
1187 3061 1202 3100 a
1217 3044 1342 3101 claritate
1356 3045 1384 3100 in
1402 3046 1555 3103 claritatem
1569 3056 1700 3120 tanquam
1716 3062 1732 3102 a

105 3151 219 3204 ctorunt,
233 3139 286 3193 inro
300 3137 351 3193 siut
366 3139 418 3209 ipsi
440 3156 486 3209 per
504 3141 594 3195 omnia
609 3142 727 3198 redderet
738 3144 893 3216 quandoque
906 3158 928 3218 ς
944 3134 1052 3192 Domini
1065 3134 1169 3208 Spiritu
1183 3134 1229 3207 (li
1240 3135 1302 3192 Cor.
1316 3152 1358 3204 ιιι,
1372 3136 1428 3208 tt).

104 3229 279 3300 catosormern,
293 3246 353 3284 curn
366 3230 434 3285 illud
452 3230 593 3304 Scriptura
605 3234 731 3290 *uidelicet
746 3236 894 3308 impletur:
981 3227 1125 3285 1111116811
1140 3227 1250 3285 ”limini
1267 3227 1370 3300 Spiritu
1390 3245 1447 3286 ¹¹0ss
1463 3229 1623 3302 adjuvatur,
1646 3248 1736 3305 quatt-

106 3321 228 3390 Scimus,
243 3338 306 3378 cutu
328 3324 495 3395 apparuerit,
524 3323 630 3380 similes
644 3324 669 3380 ci
695 3325 808 3393 erimus,
823 3342 895 3398 quo·
941 3335 1027 3392 quam
1047 3321 1075 3376 in
1100 3320 1218 3392 imagine
1245 3329 1417 3393 pertranseat
1443 3322 1537 3391 homo,
1558 3327 1647 3380 tumen
1674 3325 1735 3397 [rs-

105 3413 420 3471 uiamtidcbimuseum
439 3414 521 3472 sicuti
535 3423 579 3472 est
599 3413 625 3488 (1
647 3414 730 3472 laon.
746 3432 787 3485 ιιι,
801 3417 842 3489 1).
859 3417 894 3474 lit
943 3421 1001 3466 stra
1027 3410 1211 3468 constristatur.
1251 3411 1297 3470 Sic
1321 3412 1395 3470 euim
1421 3413 1504 3471 habet
1529 3414 1582 3470 aliu
1618 3416 1738 3475 transiu-

106 3506 349 3577 rererucuipotins
373 3507 422 3561 ltoc
447 3509 533 3577 operis
556 3508 716 3579 conqrsrelat
732 3508 790 3580 (85)
814 3525 895 3583 qnam
943 3502 993 3559 ¹1⁰·

104 3598 156 3655 uer·
169 3597 252 3664 tutto,
267 3601 311 3672 qui
323 3615 383 3655 cuns
396 3601 431 3654 sit
442 3598 565 3670 splendor
580 3600 683 3671 qlorise,
694 3612 720 3656 et
733 3602 821 3672 pano
833 3601 897 3656 suls·
980 3590 1008 3648 in
1031 3590 1145 3651 iiebraeo
1162 3603 1226 3650 nntc
1251 3596 1325 3653 uano
1343 3597 1508 3655 versiculum
1537 3599 1647 3671 ponitur
1674 3600 1736 3657 dia·

102 3692 213 3746 stantia
226 3690 317 3746 Putris
331 3700 441 3763 portans
466 3690 541 3746 nerto
567 3692 700 3758 ursirerse,
725 3707 758 3747 ca
785 3700 895 3765 utroque
943 3683 1059 3755 psalma,
1080 3699 1135 3755 quo
1150 3685 1320 3757 significatur
1334 3688 1474 3746 distinctio
1486 3690 1702 3748 concedentium
1719 3709 1736 3749 a

105 3781 188 3849 focile
203 3784 322 3838 munitus
342 3784 477 3854 apparuit,
502 3791 528 3837 et
557 3781 895 3854 underelornturetdesor·
943 3777 1183 3847 subsequentibus.
1204 3776 1286 3835 Recte
1302 3780 1442 3837 nimirum.
1473 3780 1541 3838 Nam
1561 3783 1588 3839 in
1604 3782 1736 3840 assuetiori

104 3891 184 3943 mans,
207 3885 233 3931 et
261 3875 331 3930 uude
347 3874 458 3931 debilem
482 3876 654 3946 confortaret,
679 3874 742 3929 dunt
758 3873 895 3947 splendore
944 3885 1025 3924 versu
1040 3870 1130 3941 agitur
1145 3869 1178 3925 dc
1192 3870 1318 3927 uniuersa
1342 3873 1472 3940 vanitate,
1489 3892 1550 3947 quse
1573 3876 1600 3931 iu
1620 3875 1679 3933 soto
1692 3893 1736 3933 tc·

105 3967 199 4037 fiqursc
213 3966 308 4037 snqans
327 3964 445 4021 tenebras
459 3977 627 4036 peccatorum
651 3966 768 4022 redderet
789 3967 893 4037 sapicrs·
942 3960 1085 4033 siarguitur
1099 3960 1218 4031 isotuiue,
1234 3978 1285 4035 pro
1297 3978 1340 4032 co,
1351 3964 1426 4036 quod
1441 3965 1495 4022 sita
1512 3966 1572 4039 cius
1595 3977 1736 4040 superest

105 4069 169 4126 tem,
180 4068 205 4114 et
216 4075 250 4114 ea
264 4060 363 4113 uirtute
375 4057 445 4114 serii
456 4067 549 4113 contra
562 4058 729 4128 tqrannidem
743 4058 893 4115 damonum
942 4055 977 4110 ad
991 4054 1127 4111 modicum
1143 4071 1253 4127 parcus,
1270 4065 1297 4113 et
1312 4058 1367 4114 cito
1378 4074 1556 4118 evanescens.
1572 4059 1651 4117 Nune
1669 4078 1736 4118 sero

102 4159 234 4220 potentem
247 4150 365 4221 efficeret.
942 4148 1111 4204 subinfertur
1125 4149 1159 4205 de
1181 4149 1226 4206 ilia
1245 4150 1379 4223 irungiuc,
1397 4168 1459 4224 quas
1479 4153 1539 4210 siue
1550 4154 1657 4211 deiectu
1671 4171 1735 4227 per⁴

145 4243 220 4301 Venit
234 4261 296 4317 erqo
314 4246 374 4316 ipso
400 4245 497 4315 sorrssa,
519 4247 563 4300 eni
590 4244 809 4317 conformandum
829 4254 889 4300 erut
942 4241 1065 4298 mauebit
1089 4242 1117 4298 iu
1135 4243 1245 4300 homine
1269 4243 1380 4310 libero,
1405 4246 1530 4303 videlicet
1547 4247 1660 4303 arbitrio
1675 4248 1735 4318 ejus

102 4337 213 4392 liberunt
233 4336 385 4402 ariitriurn,
404 4338 469 4408 quio
483 4347 512 4391 stt
533 4340 674 4408 pristinam
692 4340 814 4409 reciperet
835 4338 892 4407 [or-
942 4333 1048 4389 nstrum
1061 4333 1197 4391 deiectum
1210 4336 1318 4407 penitus
1329 4337 1498 4407 admittente,
1508 4339 1589 4411 quusi
1603 4339 1733 4395 dicatur:

102 4447 185 4498 marn,
198 4447 231 4485 ea
243 4430 292 4484 illo
309 4439 368 4485 erat
384 4431 591 4500 reformandum,
612 4448 645 4487 ea
661 4450 715 4505 qua
732 4433 820 4504 [uerat
837 4429 893 4500 {or-
945 4425 1071 4482 ilrincrsa
1084 4427 1193 4498 quidcru
1209 4429 1313 4483 conitar
1324 4430 1409 4483 omnis
1422 4430 1499 4484 lanso
1509 4429 1610 4487 dicitur
1623 4445 1672 4502 pro
1685 4444 1728 4497 eo,

102 4532 215 4578 moturn.
246 4521 346 4578 Formo
360 4534 449 4579 autern
461 4534 501 4579 est
521 4526 651 4597 sapientia
673 4541 682 4579 .·
704 4524 889 4596 conformatio,
905 4510 1016 4589 unod
1037 4519 1172 4575 instabitis
1186 4528 1229 4576 est
1241 4521 1296 4576 rita
1311 4520 1432 4578 hominis
1455 4531 1661 4595 superterram.
1684 4520 1734 4578 Ve-

101 4623 132 4668 nt
142 4613 225 4684 facim
235 4615 323 4686 imoqo
337 4615 366 4670 in
379 4632 497 4686 corpore,
516 4617 586 4687 quod
598 4617 665 4687 lacit
678 4617 766 4688 forma
779 4617 806 4672 in
820 4614 891 4672 orie.
943 4621 1092 4666 rnrntamen
1106 4613 1133 4666 in
1149 4612 1265 4683 inopine
1287 4614 1432 4682 pertransit
1453 4615 1542 4680 inmo,
1564 4614 1592 4670 in
1616 4613 1734 4687 imagine

101 4702 189 4758 Porro
201 4702 251 4758 iilo
270 4706 381 4775 attingit
396 4706 477 4762 atine
489 4721 578 4777 usquc
593 4706 621 4761 in
638 4709 721 4763 tinem
735 4706 893 4773 inuitemus
943 4703 1048 4759 scilieet
1058 4702 1193 4760 stabiliter
1206 4713 1234 4760 et
1253 4704 1429 4762 immobiliter
1444 4717 1630 4777 permanente,
1643 4723 1733 4778 quun-

101 4795 223 4863 disuuuit
235 4794 327 4851 omnia
338 4797 460 4853 suaviter
471 4796 549 4867 (Sap.
563 4813 623 4865 rtur,
634 4797 672 4868 1).
685 4797 825 4870 attingus
840 4798 893 4854 tino
943 4803 1001 4849 tum
1018 4795 1053 4866 ad
1074 4795 1179 4852 arbitrii
1205 4797 1357 4853 libertatem
1385 4798 1650 4866 indestructibilem,
1671 4815 1734 4870 quae

102 4901 191 4957 usque
205 4885 239 4940 ad
251 4888 343 4956 tinum,
356 4889 404 4943 itoc
422 4899 501 4956 est,a
516 4905 618 4945 summo
631 4889 696 4945 culo
711 4906 792 4961 nsque
804 4890 840 4945 od
852 4891 893 4945 in·
943 4893 1046 4954 minan,
1062 4887 1084 4942 si
1099 4901 1153 4942 uon
1173 4903 1188 4943 a
1205 4886 1313 4945 Domini
1329 4889 1433 4960 Spiritu
1448 4890 1603 4963 adjuratur,
1617 4908 1672 4948 nou
1687 4907 1732 4947 so·

103 4978 173 5049 (aras
187 4989 274 5048 portes
294 4989 381 5048 terra,
396 4999 412 5036 a
426 4997 529 5037 summo
550 4980 643 5053 anqelo
658 4997 739 5053 nsque
755 4979 790 5034 od
807 4982 892 5036 rosini·
943 4978 1000 5034 ium
1012 4979 1041 5033 in
1056 4978 1111 5034 otio
1125 4980 1263 5050 torpescit,
1279 4979 1344 5037 dum
1355 4998 1408 5038 nou
1422 4999 1484 5039 uam
1499 4985 1612 5054 spiritus
1621 4986 1732 5052 excitat,

102 5086 175 5126 ntusn
192 5071 373 5129 oerusicuinm.
387 5075 503 5145 Attinqit
519 5083 608 5130 autern
626 5074 741 5144 sortiter,
758 5089 811 5127 non
833 5074 892 5145 qui·
942 5070 988 5126 sed
1004 5081 1029 5126 et
1044 5070 1146 5141 {rastro
1166 5072 1355 5137 cosstnrlntur,
1377 5075 1399 5131 si
1414 5091 1462 5146 per
1487 5076 1612 5146 spiritum
1628 5077 1733 5132 sulum-

100 5161 161 5218 slcm
173 5162 263 5218 matriti
280 5165 454 5235 discursione,
465 5166 506 5222 rel
519 5166 601 5223 locali
613 5166 765 5236 diffusione,
779 5165 818 5221 nel
831 5167 894 5222 sul-
943 5164 1025 5219 modo
1042 5164 1177 5220 excitatur
1190 5165 1224 5221 ud
1241 5166 1310 5221 irone
1323 5167 1480 5235 solendum,
1499 5168 1552 5226 uisi
1567 5169 1663 5224 cmiem
1678 5169 1732 5241 spi·

96 5256 177 5326 iactor
196 5265 326 5314 creatura
348 5265 454 5312 tontum
469 5259 701 5314 administratione
720 5257 893 5328 officiali,'scd
941 5255 997 5310 ritu
1023 5255 1148 5310 trahatur
1167 5255 1201 5312 ad
1226 5256 1333 5313 iortiter
1358 5257 1533 5315 currendum.
1569 5258 1658 5332 iqitur
1680 5277 1732 5316 non

100 5348 274 5403 suostantiuii
288 5349 415 5419 quodam,
429 5360 454 5404 et
474 5350 569 5422 uirique
587 5351 711 5422 prasenti
725 5339 903 5421 fortitudines
943 5347 1063 5413 aruntis,
1080 5365 1162 5419 neque
1179 5351 1310 5405 currentis
1332 5359 1374 5406 ost
1392 5351 1558 5415 uirtus,·sed
1583 5353 1731 5410 miserentis

100 5457 155 5512 qua
166 5440 256 5512 utique
270 5441 394 5496 urtioerso
406 5445 587 5513 patentissime
601 5453 695 5510 moret,
714 5445 831 5511 ordinat,
844 5443 892 5497 nd·
943 5440 992 5495 Dei
1006 5438 1092 5511 (Rom.
1107 5457 1151 5508 ιι,
1168 5441 1210 5511 tu)
1224 5449 1266 5498 ost
1280 5458 1402 5511 mutuor,
1424 5452 1453 5499 ut
1466 5452 1495 5500 et
1507 5446 1601 5501 uolens
1626 5446 1729 5502 bonum

101 5534 249 5589 ministrat.
266 5532 301 5587 Et
316 5533 372 5589 truc
383 5537 473 5588 omnia
487 5534 562 5590 nnlia
577 5538 619 5592 sni
630 5538 733 5611 coqitur
744 5537 832 5607 [acere
848 5552 891 5591 ne·
942 5532 1016 5603 qttud
1028 5533 1087 5589 vuit
1101 5533 1227 5604 accipiat,
1239 5542 1389 5592 etcurrcus
1398 5551 1454 5607 quo
1469 5536 1566 5602 tundit,
1578 5536 1730 5608 mtrertiut.

100 5626 234 5682 cessitate.
250 5624 307 5682 itae
323 5626 495 5698 enisnoliqnu
515 5629 543 5682 in
553 5630 593 5683 tris
606 5630 708 5686 loiorot
720 5629 889 5703 difficultate,
941 5623 1082 5695 Alioquin,
1096 5632 1127 5680 ut
1142 5624 1210 5693 diti,
1222 5626 1317 5684 rolens
1331 5635 1358 5684 ct
1376 5643 1489 5684 cursous
1503 5627 1605 5697 frustra
1622 5637 1730 5686 cantur·

139 5789 191 5859 ltu
214 5797 285 5857 ldcut
301 5798 432 5858 Bernard.
448 5800 524 5871 ibid,
539 5816 607 5887 cup.¹
618 5800 659 5858 tu.
979 5802 1035 5878 (86)
1055 5803 1121 5861 (iod.
1137 5804 1284 5878 inqruciot.
