<?xml version="1.0" encoding="UTF-8"?>
<!DOCTYPE html PUBLIC "-//W3C//DTD XHTML 1.0 Transitional//EN"
    "http://www.w3.org/TR/xhtml1/DTD/xhtml1-transitional.dtd">
<html xmlns="http://www.w3.org/1999/xhtml" xml:lang="en" lang="en">
 <head>
  <title>
</title>
<meta http-equiv="Content-Type" content="text/html;charset=utf-8" />
  <meta name='ocr-system' content='tesseract 3.04.00' />
  <meta name='ocr-capabilities' content='ocr_page ocr_carea ocr_par ocr_line ocrx_word'/>
</head>
<body>
  <div class='ocr_page' id='page_1' title='image "./patrologiaecurs169unkngoog/patrologiaecurs169unkngoog_0688.png"; bbox 0 0 3817 6000; ppageno 0'>
   <div class='ocr_carea' id='block_1_1' title="bbox 331 199 465 255">
    <p class='ocr_par' dir='ltr' id='par_1_1' title="bbox 331 199 465 255">
     <span class='ocr_line' id='line_1_1' title="bbox 331 199 465 255; baseline 0.007 -1"><span class='ocrx_word' id='word_1_1' title='bbox 331 199 465 255; x_wconf 75' lang='lat'><strong><em>1367</em></strong></span> 
     </span>
    </p>
   </div>
   <div class='ocr_carea' id='block_1_2' title="bbox 1287 196 2606 257">
    <p class='ocr_par' dir='ltr' id='par_1_2' title="bbox 1287 196 2606 257">
     <span class='ocr_line' id='line_1_2' title="bbox 1287 196 2606 257; baseline 0 -1"><span class='ocrx_word' id='word_1_2' title='bbox 1287 197 1595 256; x_wconf 77' lang='lat' dir='ltr'><strong><em>GERflont</em></strong></span> <span class='ocrx_word' id='word_1_3' title='bbox 1627 197 2020 257; x_wconf 70' lang='lat' dir='ltr'><strong><em>PnAEpostrt</em></strong></span> <span class='ocrx_word' id='word_1_4' title='bbox 2058 196 2606 256; x_wconf 65' lang='lat' dir='ltr'><strong><em>neteltssRSPEnG.</em></strong></span> 
     </span>
    </p>
   </div>
   <div class='ocr_carea' id='block_1_3' title="bbox 3459 200 3611 257">
    <p class='ocr_par' dir='ltr' id='par_1_3' title="bbox 3459 200 3611 257">
     <span class='ocr_line' id='line_1_3' title="bbox 3459 200 3611 257; baseline 0.013 -1"><span class='ocrx_word' id='word_1_5' title='bbox 3459 200 3611 257; x_wconf 67' lang='grc'><strong><em>1568</em></strong></span> 
     </span>
    </p>
   </div>
   <div class='ocr_carea' id='block_1_4' title="bbox 326 314 3608 389">
    <p class='ocr_par' dir='ltr' id='par_1_4' title="bbox 326 314 3608 389">
     <span class='ocr_line' id='line_1_4' title="bbox 326 314 3608 389; baseline 0 -17"><span class='ocrx_word' id='word_1_6' title='bbox 326 319 487 385; x_wconf 67' lang='lat' dir='ltr'><strong><em>utine,</em></strong></span> <span class='ocrx_word' id='word_1_7' title='bbox 525 334 587 373; x_wconf 77' lang='lat' dir='ltr'><strong><em>ne</em></strong></span> <span class='ocrx_word' id='word_1_8' title='bbox 615 317 672 372; x_wconf 87' lang='lat' dir='ltr'><strong><em>in</em></strong></span> <span class='ocrx_word' id='word_1_9' title='bbox 696 318 878 389; x_wconf 70' lang='lat' dir='ltr'><strong><em>farore</em></strong></span> <span class='ocrx_word' id='word_1_10' title='bbox 907 328 996 372; x_wconf 86' lang='lat' dir='ltr'><strong><em>tuo</em></strong></span> <span class='ocrx_word' id='word_1_11' title='bbox 1025 334 1222 388; x_wconf 73' lang='lat' dir='ltr'><strong><em>arquos</em></strong></span> <span class='ocrx_word' id='word_1_12' title='bbox 1261 334 1363 373; x_wconf 87' lang='lat' dir='ltr'><strong><em>me.</em></strong></span> <span class='ocrx_word' id='word_1_13' title='bbox 1399 318 1514 374; x_wconf 89' lang='lat' dir='ltr'><strong><em>lloc</em></strong></span> <span class='ocrx_word' id='word_1_14' title='bbox 1564 328 1670 384; x_wconf 86' lang='lat' dir='ltr'><strong><em>est,</em></strong></span> <span class='ocrx_word' id='word_1_15' title='bbox 1729 316 1783 373; x_wconf 93' lang='lat' dir='ltr'><strong><em>in</em></strong></span> <span class='ocrx_word' id='word_1_16' title='bbox 1819 317 1910 388; x_wconf 85' lang='lat' dir='ltr'><strong><em>ju·</em></strong></span> <span class='ocrx_word' id='word_1_17' title='bbox 1939 321 1987 380; x_wconf 75' lang='lat' dir='ltr'>A</span> <span class='ocrx_word' id='word_1_18' title='bbox 2014 330 2154 385; x_wconf 85' lang='lat' dir='ltr'><strong><em>quas</em></strong></span> <span class='ocrx_word' id='word_1_19' title='bbox 2196 314 2419 387; x_wconf 78' lang='lat' dir='ltr'><strong><em>gravius</em></strong></span> <span class='ocrx_word' id='word_1_20' title='bbox 2465 322 2683 371; x_wconf 87' lang='lat' dir='ltr'><strong><em>constat</em></strong></span> <span class='ocrx_word' id='word_1_21' title='bbox 2735 314 2992 387; x_wconf 80' lang='lat' dir='ltr'><strong><em>affligere,</em></strong></span> <span class='ocrx_word' id='word_1_22' title='bbox 3017 316 3240 388; x_wconf 85' lang='lat' dir='ltr'><strong><em>quando</em></strong></span> <span class='ocrx_word' id='word_1_23' title='bbox 3287 332 3382 375; x_wconf 87' lang='lat' dir='ltr'><strong><em>eas</em></strong></span> <span class='ocrx_word' id='word_1_24' title='bbox 3417 318 3608 374; x_wconf 84' lang='lat' dir='ltr'><strong><em>conti-</em></strong></span> 
     </span>
    </p>
   </div>
   <div class='ocr_carea' id='block_1_5' title="bbox 323 410 1913 1688">
    <p class='ocr_par' dir='ltr' id='par_1_5' title="bbox 324 410 1913 1225">
     <span class='ocr_line' id='line_1_5' title="bbox 326 410 1913 483; baseline -0.001 -16"><span class='ocrx_word' id='word_1_25' title='bbox 326 414 472 468; x_wconf 79' lang='lat' dir='ltr'><strong><em>dicio</em></strong></span> <span class='ocrx_word' id='word_1_26' title='bbox 498 427 625 468; x_wconf 86' lang='lat' dir='ltr'><strong><em>cum</em></strong></span> <span class='ocrx_word' id='word_1_27' title='bbox 659 413 766 477; x_wconf 75' lang='lat' dir='ltr'><strong><em>liis,</em></strong></span> <span class='ocrx_word' id='word_1_28' title='bbox 792 412 1000 483; x_wconf 82' lang='lat' dir='ltr'><strong><em>quibus</em></strong></span> <span class='ocrx_word' id='word_1_29' title='bbox 1027 412 1180 468; x_wconf 81' lang='lat' dir='ltr'><strong><em>dices</em></strong></span> <span class='ocrx_word' id='word_1_30' title='bbox 1206 431 1220 468; x_wconf 90' lang='lat'><strong>:</strong></span> <span class='ocrx_word' id='word_1_31' title='bbox 1252 410 1491 478; x_wconf 81' lang='lat' dir='ltr'><strong><em>Esurioi,</em></strong></span> <span class='ocrx_word' id='word_1_32' title='bbox 1522 422 1573 467; x_wconf 84' lang='lat' dir='ltr'><strong><em>et</em></strong></span> <span class='ocrx_word' id='word_1_33' title='bbox 1606 427 1710 465; x_wconf 85' lang='lat' dir='ltr'><strong><em>non</em></strong></span> <span class='ocrx_word' id='word_1_34' title='bbox 1754 410 1913 466; x_wconf 83' lang='lat' dir='ltr'><strong><em>dedi-</em></strong></span> 
     </span>
     <span class='ocr_line' id='line_1_6' title="bbox 325 499 1911 575; baseline -0.002 -16"><span class='ocrx_word' id='word_1_35' title='bbox 325 507 423 559; x_wconf 83' lang='lat' dir='ltr'><strong><em>stis</em></strong></span> <span class='ocrx_word' id='word_1_36' title='bbox 450 504 578 558; x_wconf 78' lang='lat' dir='ltr'><strong><em>milti</em></strong></span> <span class='ocrx_word' id='word_1_37' title='bbox 602 503 951 569; x_wconf 78' lang='lat' dir='ltr'><strong><em>mortducarc,</em></strong></span> <span class='ocrx_word' id='word_1_38' title='bbox 977 511 1083 562; x_wconf 84' lang='lat' dir='ltr'><strong><em>etc.</em></strong></span> <span class='ocrx_word' id='word_1_39' title='bbox 1129 503 1348 575; x_wconf 75' lang='lat' dir='ltr'><strong><em>(Matth.</em></strong></span> <span class='ocrx_word' id='word_1_40' title='bbox 1398 517 1537 569; x_wconf 67' lang='lat' dir='ltr'><strong><em>xxv,</em></strong></span> <span class='ocrx_word' id='word_1_41' title='bbox 1561 501 1680 572; x_wconf 69' lang='lat'><strong><em>42).</em></strong></span> <span class='ocrx_word' id='word_1_42' title='bbox 1728 499 1911 572; x_wconf 80' lang='lat' dir='ltr'><strong><em>Neque</em></strong></span> 
     </span>
     <span class='ocr_line' id='line_1_7' title="bbox 325 591 1910 667; baseline -0.002 -16"><span class='ocrx_word' id='word_1_43' title='bbox 325 598 381 652; x_wconf 89' lang='lat' dir='ltr'><strong><em>in</em></strong></span> <span class='ocrx_word' id='word_1_44' title='bbox 404 598 489 651; x_wconf 85' lang='lat' dir='ltr'><strong><em>ira</em></strong></span> <span class='ocrx_word' id='word_1_45' title='bbox 516 606 608 651; x_wconf 86' lang='lat' dir='ltr'><strong><em>tua</em></strong></span> <span class='ocrx_word' id='word_1_46' title='bbox 643 596 903 667; x_wconf 75' lang='lat' dir='ltr'><strong><em>corripias</em></strong></span> <span class='ocrx_word' id='word_1_47' title='bbox 938 612 1017 651; x_wconf 82' lang='lat' dir='ltr'><strong><em>me</em></strong></span> <span class='ocrx_word' id='word_1_48' title='bbox 1047 610 1171 653; x_wconf 86' lang='lat' dir='ltr'><strong><em>cum</em></strong></span> <span class='ocrx_word' id='word_1_49' title='bbox 1204 596 1314 661; x_wconf 78' lang='lat' dir='ltr'><strong><em>liis,</em></strong></span> <span class='ocrx_word' id='word_1_50' title='bbox 1364 595 1566 665; x_wconf 87' lang='lat' dir='ltr'><strong><em>quibus</em></strong></span> <span class='ocrx_word' id='word_1_51' title='bbox 1608 594 1796 650; x_wconf 86' lang='lat' dir='ltr'><strong><em>dices:</em></strong></span> <span class='ocrx_word' id='word_1_52' title='bbox 1825 591 1910 649; x_wconf 85' lang='lat' dir='ltr'><strong><em>Ite</em></strong></span> 
     </span>
     <span class='ocr_line' id='line_1_8' title="bbox 324 686 1911 761; baseline -0.001 -17"><span class='ocrx_word' id='word_1_53' title='bbox 324 693 380 745; x_wconf 82' lang='lat' dir='ltr'><strong><em>in</em></strong></span> <span class='ocrx_word' id='word_1_54' title='bbox 410 691 585 761; x_wconf 62' lang='lat' dir='ltr'><strong><em>ignem</em></strong></span> <span class='ocrx_word' id='word_1_55' title='bbox 626 698 884 746; x_wconf 61' lang='lat' dir='ltr'><strong><em>arternum</em></strong></span> <span class='ocrx_word' id='word_1_56' title='bbox 912 688 1094 761; x_wconf 56' lang='lat' dir='ltr'><strong><em>(ibim,</em></strong></span> <span class='ocrx_word' id='word_1_57' title='bbox 1125 688 1240 759; x_wconf 73' lang='lat' dir='ltr'><strong><em>tt).</em></strong></span> <span class='ocrx_word' id='word_1_58' title='bbox 1277 688 1456 759; x_wconf 64' lang='lat' dir='ltr'><strong><em>Argue</em></strong></span> <span class='ocrx_word' id='word_1_59' title='bbox 1477 703 1567 744; x_wconf 88' lang='lat' dir='ltr'><strong><em>me</em></strong></span> <span class='ocrx_word' id='word_1_60' title='bbox 1589 687 1681 744; x_wconf 85' lang='lat' dir='ltr'><strong><em>bic</em></strong></span> <span class='ocrx_word' id='word_1_61' title='bbox 1703 686 1758 743; x_wconf 88' lang='lat' dir='ltr'><strong><em>in</em></strong></span> <span class='ocrx_word' id='word_1_62' title='bbox 1805 687 1911 743; x_wconf 87' lang='lat' dir='ltr'><strong><em>mi-</em></strong></span> 
     </span>
     <span class='ocr_line' id='line_1_9' title="bbox 325 783 1908 853; baseline -0.002 -14"><span class='ocrx_word' id='word_1_63' title='bbox 325 783 649 850; x_wconf 82' lang='lat' dir='ltr'><strong><em>seriem-dia,</em></strong></span> <span class='ocrx_word' id='word_1_64' title='bbox 678 791 739 838; x_wconf 89' lang='lat' dir='ltr'><strong><em>ut</em></strong></span> <span class='ocrx_word' id='word_1_65' title='bbox 762 783 1058 849; x_wconf 88' lang='lat' dir='ltr'><strong><em>emendes;</em></strong></span> <span class='ocrx_word' id='word_1_66' title='bbox 1087 783 1294 853; x_wconf 84' lang='lat' dir='ltr'><strong><em>corripe</em></strong></span> <span class='ocrx_word' id='word_1_67' title='bbox 1317 783 1567 852; x_wconf 78' lang='lat' dir='ltr'><strong><em>flagelliS,</em></strong></span> <span class='ocrx_word' id='word_1_68' title='bbox 1602 789 1664 838; x_wconf 88' lang='lat' dir='ltr'><strong><em>nt</em></strong></span> <span class='ocrx_word' id='word_1_69' title='bbox 1684 797 1908 853; x_wconf 77' lang='lat' dir='ltr'><strong><em>purgeS,</em></strong></span> 
     </span>
     <span class='ocr_line' id='line_1_10' title="bbox 325 875 1911 947; baseline 0 -16"><span class='ocrx_word' id='word_1_70' title='bbox 325 892 394 931; x_wconf 87' lang='lat' dir='ltr'><strong><em>ne</em></strong></span> <span class='ocrx_word' id='word_1_71' title='bbox 415 885 605 946; x_wconf 87' lang='lat' dir='ltr'><strong><em>postea</em></strong></span> <span class='ocrx_word' id='word_1_72' title='bbox 634 891 775 947; x_wconf 90' lang='lat' dir='ltr'><strong><em>opus</em></strong></span> <span class='ocrx_word' id='word_1_73' title='bbox 818 875 892 932; x_wconf 87' lang='lat' dir='ltr'><strong><em>sit</em></strong></span> <span class='ocrx_word' id='word_1_74' title='bbox 934 876 1254 947; x_wconf 85' lang='lat' dir='ltr'><strong><em>purgatorio</em></strong></span> <span class='ocrx_word' id='word_1_75' title='bbox 1314 875 1439 947; x_wconf 84' lang='lat' dir='ltr'><strong><em>igne</em></strong></span> <span class='ocrx_word' id='word_1_76' title='bbox 1486 875 1606 947; x_wconf 84' lang='lat' dir='ltr'><strong><em>qui,</em></strong></span> <span class='ocrx_word' id='word_1_77' title='bbox 1656 875 1911 946; x_wconf 81' lang='lat' dir='ltr'><strong><em>quamvis</em></strong></span> 
     </span>
     <span class='ocr_line' id='line_1_11' title="bbox 326 966 1909 1040; baseline 0.003 -18"><span class='ocrx_word' id='word_1_78' title='bbox 326 968 568 1026; x_wconf 88' lang='lat' dir='ltr'><strong><em>multum</em></strong></span> <span class='ocrx_word' id='word_1_79' title='bbox 590 968 807 1023; x_wconf 78' lang='lat' dir='ltr'><strong><em>differat</em></strong></span> <span class='ocrx_word' id='word_1_80' title='bbox 838 968 908 1023; x_wconf 89' lang='lat' dir='ltr'><strong><em>ab</em></strong></span> <span class='ocrx_word' id='word_1_81' title='bbox 933 966 1028 1023; x_wconf 93' lang='lat' dir='ltr'><strong><em>illo</em></strong></span> <span class='ocrx_word' id='word_1_82' title='bbox 1051 976 1258 1025; x_wconf 85' lang='lat' dir='ltr'><strong><em>aeterno</em></strong></span> <span class='ocrx_word' id='word_1_83' title='bbox 1283 969 1410 1040; x_wconf 85' lang='lat' dir='ltr'><strong><em>igne</em></strong></span> <span class='ocrx_word' id='word_1_84' title='bbox 1434 968 1491 1023; x_wconf 86' lang='lat' dir='ltr'><strong><em>in</em></strong></span> <span class='ocrx_word' id='word_1_85' title='bbox 1516 984 1627 1040; x_wconf 88' lang='lat' dir='ltr'><strong><em>quo</em></strong></span> <span class='ocrx_word' id='word_1_86' title='bbox 1667 969 1725 1024; x_wconf 90' lang='lat' dir='ltr'><strong><em>in</em></strong></span> <span class='ocrx_word' id='word_1_87' title='bbox 1746 979 1909 1026; x_wconf 84' lang='lat' dir='ltr'><strong><em>aeter-</em></strong></span> 
     </span>
     <span class='ocr_line' id='line_1_12' title="bbox 327 1057 1909 1133; baseline 0.004 -21"><span class='ocrx_word' id='word_1_88' title='bbox 327 1074 457 1113; x_wconf 90' lang='lat' dir='ltr'><strong><em>num</em></strong></span> <span class='ocrx_word' id='word_1_89' title='bbox 491 1059 771 1116; x_wconf 86' lang='lat' dir='ltr'><strong><em>cruciandi</em></strong></span> <span class='ocrx_word' id='word_1_90' title='bbox 797 1068 925 1116; x_wconf 89' lang='lat' dir='ltr'><strong><em>sunt</em></strong></span> <span class='ocrx_word' id='word_1_91' title='bbox 956 1057 1131 1129; x_wconf 90' lang='lat' dir='ltr'><strong><em>impii,</em></strong></span> <span class='ocrx_word' id='word_1_92' title='bbox 1157 1068 1343 1118; x_wconf 82' lang='lat' dir='ltr'><strong><em>tamen</em></strong></span> <span class='ocrx_word' id='word_1_93' title='bbox 1359 1060 1579 1132; x_wconf 81' lang='lat' dir='ltr'><strong><em>gravior</em></strong></span> <span class='ocrx_word' id='word_1_94' title='bbox 1598 1061 1725 1130; x_wconf 85' lang='lat' dir='ltr'><strong><em>erit,</em></strong></span> <span class='ocrx_word' id='word_1_95' title='bbox 1741 1076 1909 1133; x_wconf 90' lang='lat' dir='ltr'><strong><em>quam</em></strong></span> 
     </span>
     <span class='ocr_line' id='line_1_13' title="bbox 325 1153 1516 1225; baseline 0.004 -18"><span class='ocrx_word' id='word_1_96' title='bbox 325 1153 593 1225; x_wconf 78' lang='lat' dir='ltr'><strong><em>quidquid</em></strong></span> <span class='ocrx_word' id='word_1_97' title='bbox 626 1158 786 1206; x_wconf 69' lang='lat' dir='ltr'><strong><em>inmun</em></strong></span> <span class='ocrx_word' id='word_1_98' title='bbox 818 1166 995 1222; x_wconf 65' lang='lat' dir='ltr'><strong><em>[t-:Jlffil</em></strong></span> <span class='ocrx_word' id='word_1_99' title='bbox 1027 1154 1135 1222; x_wconf 65' lang='lat' dir='ltr'><strong><em>Tulli</em></strong></span> <span class='ocrx_word' id='word_1_100' title='bbox 1162 1154 1219 1210; x_wconf 82' lang='lat' dir='ltr'><strong><em>in</em></strong></span> <span class='ocrx_word' id='word_1_101' title='bbox 1250 1154 1354 1211; x_wconf 80' lang='lat' dir='ltr'><strong><em>hac</em></strong></span> <span class='ocrx_word' id='word_1_102' title='bbox 1382 1154 1516 1212; x_wconf 73' lang='lat' dir='ltr'><strong><em>vita.</em></strong></span> 
     </span>
    </p>

    <p class='ocr_par' dir='ltr' id='par_1_6' title="bbox 323 1241 1910 1688">
     <span class='ocr_line' id='line_1_14' title="bbox 401 1241 1906 1317; baseline 0.004 -21"><span class='ocrx_word' id='word_1_103' title='bbox 401 1241 563 1298; x_wconf 69' lang='lat' dir='ltr'><strong><em>Vens,</em></strong></span> <span class='ocrx_word' id='word_1_104' title='bbox 594 1243 646 1298; x_wconf 63' lang='lat'><strong><em>3.</em></strong></span> <span class='ocrx_word' id='word_1_105' title='bbox 678 1246 943 1310; x_wconf 62' lang='lat' dir='ltr'><strong><em>Quoniam</em></strong></span> <span class='ocrx_word' id='word_1_106' title='bbox 967 1250 1174 1314; x_wconf 56' lang='lat' dir='ltr'><strong><em>angiittae</em></strong></span> <span class='ocrx_word' id='word_1_107' title='bbox 1219 1253 1326 1301; x_wconf 80' lang='lat' dir='ltr'><strong><em>tuoe</em></strong></span> <span class='ocrx_word' id='word_1_108' title='bbox 1359 1247 1544 1317; x_wconf 64' lang='lat' dir='ltr'><strong><em>insta-as</em></strong></span> <span class='ocrx_word' id='word_1_109' title='bbox 1586 1255 1711 1303; x_wconf 79' lang='lat' dir='ltr'><strong><em>sunt</em></strong></span> <span class='ocrx_word' id='word_1_110' title='bbox 1753 1247 1906 1302; x_wconf 79' lang='lat' dir='ltr'><strong><em>milti.</em></strong></span> 
     </span>
     <span class='ocr_line' id='line_1_15' title="bbox 329 1334 1908 1411; baseline 0.003 -21"><span class='ocrx_word' id='word_1_111' title='bbox 329 1334 554 1406; x_wconf 64' lang='lat' dir='ltr'><strong><em>Sagitta:</em></strong></span> <span class='ocrx_word' id='word_1_112' title='bbox 576 1338 666 1391; x_wconf 53' lang='lat' dir='ltr'><strong><em>Dei</em></strong></span> <span class='ocrx_word' id='word_1_113' title='bbox 702 1346 826 1393; x_wconf 52' lang='lat' dir='ltr'><strong><em>suari</em></strong></span> <span class='ocrx_word' id='word_1_114' title='bbox 859 1338 1019 1395; x_wconf 51' lang='lat' dir='ltr'><strong><em>uerba</em></strong></span> <span class='ocrx_word' id='word_1_115' title='bbox 1051 1338 1330 1395; x_wconf 78' lang='lat' dir='ltr'><strong><em>doctriuae.</em></strong></span> <span class='ocrx_word' id='word_1_116' title='bbox 1364 1337 1422 1393; x_wconf 90' lang='lat' dir='ltr'><strong><em>ln</em></strong></span> <span class='ocrx_word' id='word_1_117' title='bbox 1460 1338 1631 1410; x_wconf 77' lang='lat' dir='ltr'><strong>priori</strong></span> <span class='ocrx_word' id='word_1_118' title='bbox 1668 1355 1908 1411; x_wconf 87' lang='lat' dir='ltr'><strong><em>namque</em></strong></span> 
     </span>
     <span class='ocr_line' id='line_1_16' title="bbox 329 1429 1907 1504; baseline 0.003 -22"><span class='ocrx_word' id='word_1_119' title='bbox 329 1429 540 1500; x_wconf 80' lang='lat' dir='ltr'><strong><em>psalmo</em></strong></span> <span class='ocrx_word' id='word_1_120' title='bbox 563 1443 688 1486; x_wconf 74' lang='lat' dir='ltr'><strong><em>sum</em></strong></span> <span class='ocrx_word' id='word_1_121' title='bbox 718 1431 806 1483; x_wconf 64' lang='lat' dir='ltr'><strong><em>luri</em></strong></span> <span class='ocrx_word' id='word_1_122' title='bbox 842 1435 1055 1503; x_wconf 58' lang='lat' dir='ltr'><strong><em>sagittar</em></strong></span> <span class='ocrx_word' id='word_1_123' title='bbox 1083 1431 1344 1489; x_wconf 83' lang='lat' dir='ltr'><strong><em>divinitus</em></strong></span> <span class='ocrx_word' id='word_1_124' title='bbox 1367 1433 1573 1499; x_wconf 81' lang='lat' dir='ltr'><strong><em>missae,</em></strong></span> <span class='ocrx_word' id='word_1_125' title='bbox 1598 1448 1725 1504; x_wconf 80' lang='lat' dir='ltr'><strong><em>quae</em></strong></span> <span class='ocrx_word' id='word_1_126' title='bbox 1750 1432 1907 1488; x_wconf 89' lang='lat' dir='ltr'><strong><em>cordi</em></strong></span> 
     </span>
     <span class='ocr_line' id='line_1_17' title="bbox 324 1511 1910 1596; baseline 0.002 -22"><span class='ocrx_word' id='word_1_127' title='bbox 324 1520 642 1590; x_wconf 44' lang='lat' dir='ltr'><strong><em>poenitentia</em></strong></span> <span class='ocrx_word' id='word_1_128' title='bbox 666 1535 794 1575; x_wconf 52' lang='lat' dir='ltr'><strong><em>*iint-</em></strong></span> <span class='ocrx_word' id='word_1_129' title='bbox 822 1511 1019 1579; x_wconf 49' lang='lat' dir='ltr'><strong><em>iniis-„za</em></strong></span> <span class='ocrx_word' id='word_1_130' title='bbox 1051 1527 1190 1578; x_wconf 59' lang='lat' dir='ltr'><strong><em>Sunt</em></strong></span> <span class='ocrx_word' id='word_1_131' title='bbox 1215 1532 1401 1580; x_wconf 86' lang='lat' dir='ltr'><strong><em>autem</em></strong></span> <span class='ocrx_word' id='word_1_132' title='bbox 1431 1524 1514 1580; x_wconf 76' lang='lat' dir='ltr'><strong><em>11ae</em></strong></span> <span class='ocrx_word' id='word_1_133' title='bbox 1539 1543 1553 1580; x_wconf 76' lang='lat' dir='ltr'><strong><em>z</em></strong></span> <span class='ocrx_word' id='word_1_134' title='bbox 1588 1524 1779 1578; x_wconf 77' lang='lat' dir='ltr'><strong><em>Adhuc</em></strong></span> <span class='ocrx_word' id='word_1_135' title='bbox 1807 1540 1910 1596; x_wconf 85' lang='lat' dir='ltr'><strong><em>pu-</em></strong></span> 
     </span>
     <span class='ocr_line' id='line_1_18' title="bbox 323 1611 1910 1688; baseline 0.001 -20"><span class='ocrx_word' id='word_1_136' title='bbox 323 1611 532 1680; x_wconf 79' lang='lat' dir='ltr'><strong><em>sillum,</em></strong></span> <span class='ocrx_word' id='word_1_137' title='bbox 561 1625 610 1668; x_wconf 86' lang='lat' dir='ltr'><strong><em>et</em></strong></span> <span class='ocrx_word' id='word_1_138' title='bbox 664 1631 768 1672; x_wconf 83' lang='lat' dir='ltr'><strong><em>nou</em></strong></span> <span class='ocrx_word' id='word_1_139' title='bbox 832 1616 931 1670; x_wconf 86' lang='lat' dir='ltr'><strong><em>erit</em></strong></span> <span class='ocrx_word' id='word_1_140' title='bbox 982 1625 1245 1686; x_wconf 84' lang='lat' dir='ltr'><strong><em>peccator.</em></strong></span> <span class='ocrx_word' id='word_1_141' title='bbox 1288 1616 1526 1672; x_wconf 79' lang='lat' dir='ltr'><strong><em>Brachia</em></strong></span> <span class='ocrx_word' id='word_1_142' title='bbox 1573 1627 1910 1688; x_wconf 81' lang='lat' dir='ltr'><strong><em>peccatorum</em></strong></span> 
     </span>
    </p>
   </div>
   <div class='ocr_carea' id='block_1_6' title="bbox 2012 405 3610 1678">
    <p class='ocr_par' dir='ltr' id='par_1_7' title="bbox 2012 405 3610 1308">
     <span class='ocr_line' id='line_1_19' title="bbox 2017 405 3609 478; baseline 0.003 -17"><span class='ocrx_word' id='word_1_143' title='bbox 2017 407 2155 478; x_wconf 85' lang='lat' dir='ltr'><strong><em>gerit</em></strong></span> <span class='ocrx_word' id='word_1_144' title='bbox 2180 405 2247 461; x_wconf 86' lang='lat' dir='ltr'><strong><em>ad</em></strong></span> <span class='ocrx_word' id='word_1_145' title='bbox 2276 414 2552 464; x_wconf 78' lang='lat' dir='ltr'><strong><em>transacta</em></strong></span> <span class='ocrx_word' id='word_1_146' title='bbox 2581 405 2822 476; x_wconf 87' lang='lat' dir='ltr'><strong><em>pericula</em></strong></span> <span class='ocrx_word' id='word_1_147' title='bbox 2876 421 3139 466; x_wconf 83' lang='lat' dir='ltr'><strong><em>remeare.</em></strong></span> <span class='ocrx_word' id='word_1_148' title='bbox 3190 406 3417 463; x_wconf 80' lang='lat' dir='ltr'><strong><em>Peccata</em></strong></span> <span class='ocrx_word' id='word_1_149' title='bbox 3469 418 3609 465; x_wconf 81' lang='lat' dir='ltr'><strong><em>sunt</em></strong></span> 
     </span>
     <span class='ocr_line' id='line_1_20' title="bbox 2016 496 3609 575; baseline 0.003 -20"><span class='ocrx_word' id='word_1_150' title='bbox 2016 498 2213 555; x_wconf 70' lang='lat' dir='ltr'><strong><em>animae</em></strong></span> <span class='ocrx_word' id='word_1_151' title='bbox 2237 499 2483 554; x_wconf 81' lang='lat' dir='ltr'><strong><em>vulnera.</em></strong></span> <span class='ocrx_word' id='word_1_152' title='bbox 2509 496 2634 554; x_wconf 67' lang='lat' dir='ltr'><strong><em>llaec</em></strong></span> <span class='ocrx_word' id='word_1_153' title='bbox 2657 499 2877 554; x_wconf 76' lang='lat' dir='ltr'><strong><em>vulnera</em></strong></span> <span class='ocrx_word' id='word_1_154' title='bbox 2899 509 3182 566; x_wconf 86' lang='lat' dir='ltr'><strong><em>sanantur,</em></strong></span> <span class='ocrx_word' id='word_1_155' title='bbox 3218 500 3348 557; x_wconf 90' lang='lat' dir='ltr'><strong><em>dum</em></strong></span> <span class='ocrx_word' id='word_1_156' title='bbox 3373 512 3609 575; x_wconf 77' lang='lat' dir='ltr'><strong><em>peccata</em></strong></span> 
     </span>
     <span class='ocr_line' id='line_1_21' title="bbox 2015 589 3608 662; baseline 0.004 -16"><span class='ocrx_word' id='word_1_157' title='bbox 2015 591 2398 647; x_wconf 86' lang='lat' dir='ltr'><strong><em>emendantur.</em></strong></span> <span class='ocrx_word' id='word_1_158' title='bbox 2430 589 2673 646; x_wconf 71' lang='lat' dir='ltr'><strong><em>cicatrix</em></strong></span> <span class='ocrx_word' id='word_1_159' title='bbox 2703 601 2947 662; x_wconf 82' lang='lat' dir='ltr'><strong><em>apparet,</em></strong></span> <span class='ocrx_word' id='word_1_160' title='bbox 2974 593 3105 649; x_wconf 88' lang='lat' dir='ltr'><strong><em>dum</em></strong></span> <span class='ocrx_word' id='word_1_161' title='bbox 3142 595 3422 651; x_wconf 82' lang='lat' dir='ltr'><strong><em>commissi</em></strong></span> <span class='ocrx_word' id='word_1_162' title='bbox 3480 612 3608 652; x_wconf 85' lang='lat' dir='ltr'><strong><em>me-</em></strong></span> 
     </span>
     <span class='ocr_line' id='line_1_22' title="bbox 2014 680 3608 755; baseline 0.005 -19"><span class='ocrx_word' id='word_1_163' title='bbox 2014 680 2187 738; x_wconf 86' lang='lat' dir='ltr'><strong><em>moria</em></strong></span> <span class='ocrx_word' id='word_1_164' title='bbox 2211 689 2475 738; x_wconf 79' lang='lat' dir='ltr'><strong>remanet.</strong></span> <span class='ocrx_word' id='word_1_165' title='bbox 2504 680 2793 738; x_wconf 73' lang='lat' dir='ltr'><strong><em>Cicatrices</em></strong></span> <span class='ocrx_word' id='word_1_166' title='bbox 2832 691 3173 755; x_wconf 81' lang='lat' dir='ltr'><strong><em>putrescunt,</em></strong></span> <span class='ocrx_word' id='word_1_167' title='bbox 3219 685 3351 741; x_wconf 73' lang='lat' dir='ltr'><strong><em>(lum</em></strong></span> <span class='ocrx_word' id='word_1_168' title='bbox 3388 703 3608 744; x_wconf 90' lang='lat' dir='ltr'><strong><em>concu-</em></strong></span> 
     </span>
     <span class='ocr_line' id='line_1_23' title="bbox 2013 772 3607 847; baseline 0.004 -19"><span class='ocrx_word' id='word_1_169' title='bbox 2013 772 2292 847; x_wconf 70' lang='lat' dir='ltr'><strong><em>piscentia:</em></strong></span> <span class='ocrx_word' id='word_1_170' title='bbox 2334 772 2391 828; x_wconf 90' lang='lat' dir='ltr'><strong><em>in</em></strong></span> <span class='ocrx_word' id='word_1_171' title='bbox 2429 774 2693 829; x_wconf 86' lang='lat' dir='ltr'><strong><em>memoria</em></strong></span> <span class='ocrx_word' id='word_1_172' title='bbox 2716 775 3125 831; x_wconf 89' lang='lat' dir='ltr'><strong><em>recrudescunt.</em></strong></span> <span class='ocrx_word' id='word_1_173' title='bbox 3155 775 3290 843; x_wconf 62' lang='lat' dir='ltr'><strong><em>Qua}</em></strong></span> <span class='ocrx_word' id='word_1_174' title='bbox 3340 793 3607 835; x_wconf 84' lang='lat' dir='ltr'><strong><em>corrum-</em></strong></span> 
     </span>
     <span class='ocr_line' id='line_1_24' title="bbox 2013 865 3610 940; baseline 0.005 -22"><span class='ocrx_word' id='word_1_175' title='bbox 2013 872 2238 935; x_wconf 86' lang='lat' dir='ltr'><strong><em>puntur,</em></strong></span> <span class='ocrx_word' id='word_1_176' title='bbox 2268 865 2400 920; x_wconf 88' lang='lat' dir='ltr'><strong><em>dum</em></strong></span> <span class='ocrx_word' id='word_1_177' title='bbox 2423 865 2620 920; x_wconf 85' lang='lat' dir='ltr'><strong><em>iterum</em></strong></span> <span class='ocrx_word' id='word_1_178' title='bbox 2645 865 2878 923; x_wconf 83' lang='lat' dir='ltr'><strong><em>crimina</em></strong></span> <span class='ocrx_word' id='word_1_179' title='bbox 2922 869 3360 926; x_wconf 87' lang='lat' dir='ltr'><strong><em>committuntur.</em></strong></span> <span class='ocrx_word' id='word_1_180' title='bbox 3387 871 3430 924; x_wconf 76' lang='lat' dir='ltr'><strong><em>A</em></strong></span> <span class='ocrx_word' id='word_1_181' title='bbox 3458 871 3610 940; x_wconf 76' lang='lat' dir='ltr'><strong><em>[acie</em></strong></span> 
     </span>
     <span class='ocr_line' id='line_1_25' title="bbox 2013 955 3598 1033; baseline 0.006 -24"><span class='ocrx_word' id='word_1_182' title='bbox 2013 955 2331 1026; x_wconf 67' lang='lat' dir='ltr'><strong><em>insipientias</em></strong></span> <span class='ocrx_word' id='word_1_183' title='bbox 2360 974 2508 1016; x_wconf 85' lang='lat' dir='ltr'><strong><em>meoe.</em></strong></span> <span class='ocrx_word' id='word_1_184' title='bbox 2540 957 2865 1031; x_wconf 73' lang='lat' dir='ltr'><strong><em>iusipientia</em></strong></span> <span class='ocrx_word' id='word_1_185' title='bbox 2896 969 2981 1017; x_wconf 86' lang='lat' dir='ltr'><strong><em>est</em></strong></span> <span class='ocrx_word' id='word_1_186' title='bbox 3008 976 3339 1032; x_wconf 79' lang='lat' dir='ltr'><strong>quemquam</strong></span> <span class='ocrx_word' id='word_1_187' title='bbox 3368 963 3598 1033; x_wconf 77' lang='lat' dir='ltr'><strong><em>pericu·</em></strong></span> 
     </span>
     <span class='ocr_line' id='line_1_26' title="bbox 2012 1048 3601 1125; baseline 0.008 -21"><span class='ocrx_word' id='word_1_188' title='bbox 2012 1048 2128 1106; x_wconf 90' lang='lat' dir='ltr'><strong><em>lum</em></strong></span> <span class='ocrx_word' id='word_1_189' title='bbox 2149 1060 2344 1121; x_wconf 87' lang='lat' dir='ltr'><strong><em>sponte</em></strong></span> <span class='ocrx_word' id='word_1_190' title='bbox 2366 1060 2630 1122; x_wconf 83' lang='lat' dir='ltr'><strong><em>repetere,</em></strong></span> <span class='ocrx_word' id='word_1_191' title='bbox 2660 1053 2809 1125; x_wconf 87' lang='lat' dir='ltr'><strong><em>quod</em></strong></span> <span class='ocrx_word' id='word_1_192' title='bbox 2833 1063 3050 1109; x_wconf 90' lang='lat' dir='ltr'><strong><em>constat</em></strong></span> <span class='ocrx_word' id='word_1_193' title='bbox 3072 1069 3197 1108; x_wconf 88' lang='lat' dir='ltr'><strong><em>eum</em></strong></span> <span class='ocrx_word' id='word_1_194' title='bbox 3214 1054 3303 1109; x_wconf 77' lang='lat' dir='ltr'><strong><em>vix</em></strong></span> <span class='ocrx_word' id='word_1_195' title='bbox 3327 1055 3601 1116; x_wconf 77' lang='lat' dir='ltr'><strong><em>evasisse.</em></strong></span> 
     </span>
     <span class='ocr_line' id='line_1_27' title="bbox 2013 1141 3603 1213; baseline 0.005 -17"><span class='ocrx_word' id='word_1_196' title='bbox 2013 1141 2165 1199; x_wconf 80' lang='lat' dir='ltr'><strong><em>lianc</em></strong></span> <span class='ocrx_word' id='word_1_197' title='bbox 2187 1143 2547 1213; x_wconf 79' lang='lat' dir='ltr'><strong><em>insipientiam</em></strong></span> <span class='ocrx_word' id='word_1_198' title='bbox 2576 1145 2741 1201; x_wconf 83' lang='lat' dir='ltr'><strong><em>homo</em></strong></span> <span class='ocrx_word' id='word_1_199' title='bbox 2788 1145 3043 1210; x_wconf 72' lang='lat' dir='ltr'><strong><em>incurrit,</em></strong></span> <span class='ocrx_word' id='word_1_200' title='bbox 3084 1145 3215 1201; x_wconf 90' lang='lat' dir='ltr'><strong><em>dum</em></strong></span> <span class='ocrx_word' id='word_1_201' title='bbox 3261 1161 3448 1202; x_wconf 77' lang='lat' dir='ltr'><strong><em>veram</em></strong></span> <span class='ocrx_word' id='word_1_202' title='bbox 3503 1163 3603 1204; x_wconf 81' lang='lat' dir='ltr'><strong><em>sa·-</em></strong></span> 
     </span>
     <span class='ocr_line' id='line_1_28' title="bbox 2012 1235 3380 1308; baseline 0.004 -19"><span class='ocrx_word' id='word_1_203' title='bbox 2012 1235 2273 1305; x_wconf 87' lang='lat' dir='ltr'><strong><em>pientiam</em></strong></span> <span class='ocrx_word' id='word_1_204' title='bbox 2301 1237 2357 1291; x_wconf 91' lang='lat' dir='ltr'><strong><em>in</em></strong></span> <span class='ocrx_word' id='word_1_205' title='bbox 2383 1239 2638 1308; x_wconf 78' lang='lat' dir='ltr'><strong><em>paradiso</em></strong></span> <span class='ocrx_word' id='word_1_206' title='bbox 2665 1238 2871 1294; x_wconf 87' lang='lat' dir='ltr'><strong><em>amisit.</em></strong></span> <span class='ocrx_word' id='word_1_207' title='bbox 2912 1235 3065 1293; x_wconf 83' lang='lat' dir='ltr'>Unde</span> <span class='ocrx_word' id='word_1_208' title='bbox 3095 1238 3380 1308; x_wconf 84' lang='lat' dir='ltr'><strong><em>sequitur:</em></strong></span> 
     </span>
    </p>

    <p class='ocr_par' dir='ltr' id='par_1_8' title="bbox 2012 1326 3602 1678">
     <span class='ocr_line' id='line_1_29' title="bbox 2084 1326 3602 1401; baseline 0.003 -17"><span class='ocrx_word' id='word_1_209' title='bbox 2084 1326 2252 1384; x_wconf 66' lang='lat' dir='ltr'><strong><em>Vane.</em></strong></span> <span class='ocrx_word' id='word_1_210' title='bbox 2282 1329 2333 1384; x_wconf 87' lang='lat'><strong><em>7.</em></strong></span> <span class='ocrx_word' id='word_1_211' title='bbox 2390 1328 2554 1384; x_wconf 79' lang='lat' dir='ltr'><strong><em>Miser</em></strong></span> <span class='ocrx_word' id='word_1_212' title='bbox 2597 1329 2774 1401; x_wconf 76' lang='lat' dir='ltr'><strong><em>factus</em></strong></span> <span class='ocrx_word' id='word_1_213' title='bbox 2826 1345 2968 1396; x_wconf 84' lang='lat' dir='ltr'><strong><em>sum,</em></strong></span> <span class='ocrx_word' id='word_1_214' title='bbox 2990 1329 3119 1400; x_wconf 90' lang='lat' dir='ltr'><strong><em>quia</em></strong></span> <span class='ocrx_word' id='word_1_215' title='bbox 3174 1330 3495 1400; x_wconf 73' lang='lat' dir='ltr'><strong><em>sapientiam</em></strong></span> <span class='ocrx_word' id='word_1_216' title='bbox 3542 1341 3602 1388; x_wconf 89' lang='lat' dir='ltr'><strong><em>et</em></strong></span> 
     </span>
     <span class='ocr_line' id='line_1_30' title="bbox 2012 1420 3602 1495; baseline 0.004 -19"><span class='ocrx_word' id='word_1_217' title='bbox 2012 1420 2298 1477; x_wconf 86' lang='lat' dir='ltr'><strong><em>scientiam</em></strong></span> <span class='ocrx_word' id='word_1_218' title='bbox 2325 1421 2581 1477; x_wconf 87' lang='lat' dir='ltr'><strong><em>amittens</em></strong></span> <span class='ocrx_word' id='word_1_219' title='bbox 2627 1420 2938 1492; x_wconf 82' lang='lat' dir='ltr'><strong><em>insipientia</em></strong></span> <span class='ocrx_word' id='word_1_220' title='bbox 2990 1432 3044 1478; x_wconf 79' lang='lat' dir='ltr'><strong><em>ct</em></strong></span> <span class='ocrx_word' id='word_1_221' title='bbox 3093 1422 3314 1478; x_wconf 75' lang='lat' dir='ltr'><strong><em>miseria</em></strong></span> <span class='ocrx_word' id='word_1_222' title='bbox 3363 1424 3602 1495; x_wconf 84' lang='lat' dir='ltr'><strong><em>repletus</em></strong></span> 
     </span>
     <span class='ocr_line' id='line_1_31' title="bbox 2012 1513 3601 1587; baseline 0.002 -17"><span class='ocrx_word' id='word_1_223' title='bbox 2012 1530 2156 1570; x_wconf 79' lang='lat' dir='ltr'><strong><em>suin.</em></strong></span> <span class='ocrx_word' id='word_1_224' title='bbox 2186 1513 2259 1568; x_wconf 84' lang='lat' dir='ltr'><strong><em>Et</em></strong></span> <span class='ocrx_word' id='word_1_225' title='bbox 2293 1525 2541 1569; x_wconf 78' lang='lat' dir='ltr'><strong><em>curvatus</em></strong></span> <span class='ocrx_word' id='word_1_226' title='bbox 2568 1531 2687 1570; x_wconf 80' lang='lat' dir='ltr'><strong><em>sum</em></strong></span> <span class='ocrx_word' id='word_1_227' title='bbox 2718 1531 2879 1587; x_wconf 82' lang='lat' dir='ltr'><strong><em>usque</em></strong></span> <span class='ocrx_word' id='word_1_228' title='bbox 2907 1515 2962 1568; x_wconf 85' lang='lat' dir='ltr'><strong><em>in</em></strong></span> <span class='ocrx_word' id='word_1_229' title='bbox 2986 1515 3168 1585; x_wconf 77' lang='lat' dir='ltr'><strong><em>finem,</em></strong></span> <span class='ocrx_word' id='word_1_230' title='bbox 3200 1515 3254 1571; x_wconf 90' lang='lat' dir='ltr'><strong><em>id</em></strong></span> <span class='ocrx_word' id='word_1_231' title='bbox 3286 1523 3369 1572; x_wconf 87' lang='lat' dir='ltr'><strong><em>est</em></strong></span> <span class='ocrx_word' id='word_1_232' title='bbox 3405 1516 3601 1573; x_wconf 81' lang='lat' dir='ltr'><strong><em>dolore</em></strong></span> 
     </span>
     <span class='ocr_line' id='line_1_32' title="bbox 2012 1606 3584 1678; baseline 0.002 -17"><span class='ocrx_word' id='word_1_233' title='bbox 2012 1606 2202 1662; x_wconf 81' lang='lat' dir='ltr'><strong><em>trahor</em></strong></span> <span class='ocrx_word' id='word_1_234' title='bbox 2221 1607 2277 1662; x_wconf 92' lang='lat' dir='ltr'><strong><em>in</em></strong></span> <span class='ocrx_word' id='word_1_235' title='bbox 2311 1618 2564 1672; x_wconf 84' lang='lat' dir='ltr'><strong><em>mortem,</em></strong></span> <span class='ocrx_word' id='word_1_236' title='bbox 2591 1607 2720 1678; x_wconf 83' lang='lat' dir='ltr'><strong><em>quia</em></strong></span> <span class='ocrx_word' id='word_1_237' title='bbox 2742 1607 2886 1664; x_wconf 86' lang='lat' dir='ltr'><strong><em>euim</em></strong></span> <span class='ocrx_word' id='word_1_238' title='bbox 2910 1623 3007 1678; x_wconf 80' lang='lat' dir='ltr'><strong><em>pet·</em></strong></span> <span class='ocrx_word' id='word_1_239' title='bbox 3034 1608 3348 1677; x_wconf 74' lang='lat' dir='ltr'><strong><em>superbiam</em></strong></span> <span class='ocrx_word' id='word_1_240' title='bbox 3374 1607 3453 1664; x_wconf 77' lang='lat' dir='ltr'><strong><em>fui</em></strong></span> <span class='ocrx_word' id='word_1_241' title='bbox 3487 1625 3584 1665; x_wconf 80' lang='lat' dir='ltr'><strong><em>ere</em></strong></span> 
     </span>
    </p>
   </div>
   <div class='ocr_carea' id='block_1_7' title="bbox 324 1680 3601 1780">
    <p class='ocr_par' dir='ltr' id='par_1_9' title="bbox 324 1680 3601 1780">
     <span class='ocr_line' id='line_1_33' title="bbox 324 1680 3601 1780; baseline 0.003 -22"><span class='ocrx_word' id='word_1_242' title='bbox 324 1713 679 1764; x_wconf 81' lang='lat' dir='ltr'><strong><em>conterentur.</em></strong></span> <span class='ocrx_word' id='word_1_243' title='bbox 718 1705 1026 1762; x_wconf 73' lang='lat' dir='ltr'><strong><em>Peccatores</em></strong></span> <span class='ocrx_word' id='word_1_244' title='bbox 1051 1707 1320 1780; x_wconf 81' lang='lat' dir='ltr'><strong><em>peribunt.</em></strong></span> <span class='ocrx_word' id='word_1_245' title='bbox 1359 1707 1558 1778; x_wconf 72' lang='lat' dir='ltr'><strong><em>injusti</em></strong></span> <span class='ocrx_word' id='word_1_246' title='bbox 1583 1710 1911 1780; x_wconf 74' lang='lat' dir='ltr'><strong><em>disperibunt</em></strong></span> <span class='ocrx_word' id='word_1_247' title='bbox 1944 1680 1985 1734; x_wconf 74' lang='lat' dir='ltr'>B</span> <span class='ocrx_word' id='word_1_248' title='bbox 2017 1709 2136 1756; x_wconf 71' lang='lat'><strong><em>01⁰8</em></strong></span> <span class='ocrx_word' id='word_1_249' title='bbox 2175 1699 2367 1755; x_wconf 74' lang='lat' dir='ltr'><strong><em>V0¹ells</em></strong></span> <span class='ocrx_word' id='word_1_250' title='bbox 2390 1715 2515 1755; x_wconf 73' lang='lat'><strong><em>0880</em></strong></span> <span class='ocrx_word' id='word_1_251' title='bbox 2533 1709 2593 1754; x_wconf 69' lang='lat'><strong><em>1¹²</em></strong></span> <span class='ocrx_word' id='word_1_252' title='bbox 2615 1699 2783 1766; x_wconf 67' lang='lat' dir='ltr'><strong><em>Deus»</em></strong></span> <span class='ocrx_word' id='word_1_253' title='bbox 2818 1700 2940 1755; x_wconf 69' lang='grc' dir='ltr'><strong><em>ΜΕΟ</em></strong></span> <span class='ocrx_word' id='word_1_254' title='bbox 2965 1716 3082 1755; x_wconf 59' lang='lat'><strong><em>⁸⁸⁰¹</em></strong></span> <span class='ocrx_word' id='word_1_255' title='bbox 3107 1699 3163 1754; x_wconf 73' lang='lat' dir='ltr'><strong><em>in</em></strong></span> <span class='ocrx_word' id='word_1_256' title='bbox 3210 1713 3440 1758; x_wconf 60' lang='lat' dir='ltr'><strong><em>mortem</em></strong></span> <span class='ocrx_word' id='word_1_257' title='bbox 3474 1718 3601 1756; x_wconf 66' lang='lat'><strong><em>⁶⁸¹?-</em></strong></span> 
     </span>
    </p>
   </div>
   <div class='ocr_carea' id='block_1_8' title="bbox 314 1796 1910 2972">
    <p class='ocr_par' dir='ltr' id='par_1_10' title="bbox 317 1796 1910 2610">
     <span class='ocr_line' id='line_1_34' title="bbox 324 1796 1908 1873; baseline 0.008 -25"><span class='ocrx_word' id='word_1_258' title='bbox 324 1796 507 1864; x_wconf 80' lang='lat' dir='ltr'><strong><em>simul,</em></strong></span> <span class='ocrx_word' id='word_1_259' title='bbox 536 1796 772 1869; x_wconf 67' lang='lat' dir='ltr'><strong><em>reliquiae</em></strong></span> <span class='ocrx_word' id='word_1_260' title='bbox 796 1799 1080 1869; x_wconf 85' lang='lat' dir='ltr'><strong><em>impiorum</em></strong></span> <span class='ocrx_word' id='word_1_261' title='bbox 1098 1801 1387 1857; x_wconf 81' lang='lat' dir='ltr'><strong><em>interibunt</em></strong></span> <span class='ocrx_word' id='word_1_262' title='bbox 1404 1801 1576 1873; x_wconf 80' lang='lat' dir='ltr'><strong><em>(Psal.</em></strong></span> <span class='ocrx_word' id='word_1_263' title='bbox 1603 1818 1769 1869; x_wconf 78' lang='lat' dir='ltr'><strong><em>xxxv,</em></strong></span> <span class='ocrx_word' id='word_1_264' title='bbox 1794 1802 1908 1872; x_wconf 84' lang='lat'><strong><em>10).</em></strong></span> 
     </span>
     <span class='ocr_line' id='line_1_35' title="bbox 323 1888 1910 1967; baseline 0.004 -19"><span class='ocrx_word' id='word_1_265' title='bbox 323 1888 419 1948; x_wconf 77' lang='lat' dir='ltr'><strong><em>11ae</em></strong></span> <span class='ocrx_word' id='word_1_266' title='bbox 442 1891 655 1962; x_wconf 74' lang='lat' dir='ltr'><strong><em>sagittae</em></strong></span> <span class='ocrx_word' id='word_1_267' title='bbox 677 1892 782 1947; x_wconf 85' lang='lat' dir='ltr'><strong><em>sibi</em></strong></span> <span class='ocrx_word' id='word_1_268' title='bbox 812 1892 1165 1963; x_wconf 74' lang='lat' dir='ltr'><strong><em>inliaeserant,</em></strong></span> <span class='ocrx_word' id='word_1_269' title='bbox 1193 1895 1318 1952; x_wconf 90' lang='lat' dir='ltr'><strong><em>ideo</em></strong></span> <span class='ocrx_word' id='word_1_270' title='bbox 1371 1912 1433 1952; x_wconf 85' lang='lat' dir='ltr'><strong><em>se</em></strong></span> <span class='ocrx_word' id='word_1_271' title='bbox 1474 1911 1733 1967; x_wconf 78' lang='lat' dir='ltr'><strong><em>peccasse</em></strong></span> <span class='ocrx_word' id='word_1_272' title='bbox 1755 1897 1910 1954; x_wconf 86' lang='lat' dir='ltr'><strong><em>‹lole-</em></strong></span> 
     </span>
     <span class='ocr_line' id='line_1_36' title="bbox 323 1981 1909 2055; baseline 0.005 -18"><span class='ocrx_word' id='word_1_273' title='bbox 323 1981 481 2038; x_wconf 90' lang='lat' dir='ltr'><strong><em>bunt.</em></strong></span> <span class='ocrx_word' id='word_1_274' title='bbox 513 1981 723 2053; x_wconf 77' lang='lat' dir='ltr'><strong><em>Sagitta</em></strong></span> <span class='ocrx_word' id='word_1_275' title='bbox 745 1992 866 2040; x_wconf 85' lang='lat' dir='ltr'><strong><em>erat</em></strong></span> <span class='ocrx_word' id='word_1_276' title='bbox 893 2004 906 2040; x_wconf 90' lang='lat'>:</span> <span class='ocrx_word' id='word_1_277' title='bbox 934 1984 1110 2041; x_wconf 81' lang='lat' dir='ltr'><strong><em>Morte</em></strong></span> <span class='ocrx_word' id='word_1_278' title='bbox 1136 1989 1378 2044; x_wconf 83' lang='lat' dir='ltr'><strong><em>morieris</em></strong></span> <span class='ocrx_word' id='word_1_279' title='bbox 1395 2006 1415 2055; x_wconf 89' lang='lat'><em>;</em></span> <span class='ocrx_word' id='word_1_280' title='bbox 1446 1989 1552 2045; x_wconf 87' lang='lat' dir='ltr'><strong><em>alia</em></strong></span> <span class='ocrx_word' id='word_1_281' title='bbox 1579 2008 1593 2045; x_wconf 78' lang='lat' dir='ltr'>t</span> <span class='ocrx_word' id='word_1_282' title='bbox 1621 1988 1689 2044; x_wconf 81' lang='lat' dir='ltr'><strong><em>In</em></strong></span> <span class='ocrx_word' id='word_1_283' title='bbox 1715 1991 1909 2046; x_wconf 81' lang='lat' dir='ltr'><strong><em>sudore</em></strong></span> 
     </span>
     <span class='ocr_line' id='line_1_37' title="bbox 321 2075 1904 2152; baseline 0.006 -23"><span class='ocrx_word' id='word_1_284' title='bbox 321 2075 542 2129; x_wconf 76' lang='lat' dir='ltr'><strong><em>vesceris</em></strong></span> <span class='ocrx_word' id='word_1_285' title='bbox 565 2092 735 2147; x_wconf 85' lang='lat' dir='ltr'><strong><em>pane,·</em></strong></span> <span class='ocrx_word' id='word_1_286' title='bbox 762 2077 866 2132; x_wconf 86' lang='lat' dir='ltr'><strong><em>alia</em></strong></span> <span class='ocrx_word' id='word_1_287' title='bbox 897 2096 910 2132; x_wconf 90' lang='lat'>:</span> <span class='ocrx_word' id='word_1_288' title='bbox 947 2077 1014 2132; x_wconf 85' lang='lat' dir='ltr'><strong><em>In</em></strong></span> <span class='ocrx_word' id='word_1_289' title='bbox 1042 2078 1226 2134; x_wconf 82' lang='lat' dir='ltr'><strong><em>dolore</em></strong></span> <span class='ocrx_word' id='word_1_290' title='bbox 1254 2080 1431 2150; x_wconf 84' lang='lat' dir='ltr'><strong><em>paries</em></strong></span> <span class='ocrx_word' id='word_1_291' title='bbox 1457 2081 1600 2152; x_wconf 73' lang='lat' dir='ltr'><strong><em>tilios</em></strong></span> <span class='ocrx_word' id='word_1_292' title='bbox 1625 2081 1779 2152; x_wconf 83' lang='lat' dir='ltr'><strong><em>(Gen.</em></strong></span> <span class='ocrx_word' id='word_1_293' title='bbox 1817 2098 1904 2152; x_wconf 81' lang='lat' dir='ltr'><strong><em>ln,</em></strong></span> 
     </span>
     <span class='ocr_line' id='line_1_38' title="bbox 319 2164 1899 2244; baseline 0.006 -24"><span class='ocrx_word' id='word_1_294' title='bbox 319 2165 535 2236; x_wconf 77' lang='lat'><strong><em>16-19).</em></strong></span> <span class='ocrx_word' id='word_1_295' title='bbox 562 2164 789 2240; x_wconf 76' lang='lat' dir='ltr'><strong><em>Soqittoe</em></strong></span> <span class='ocrx_word' id='word_1_296' title='bbox 810 2184 939 2241; x_wconf 85' lang='lat' dir='ltr'><strong><em>ergo</em></strong></span> <span class='ocrx_word' id='word_1_297' title='bbox 970 2178 1100 2226; x_wconf 89' lang='lat' dir='ltr'><strong><em>suut</em></strong></span> <span class='ocrx_word' id='word_1_298' title='bbox 1125 2172 1430 2229; x_wconf 71' lang='lat' dir='ltr'><strong><em>mortalitas</em></strong></span> <span class='ocrx_word' id='word_1_299' title='bbox 1455 2182 1510 2228; x_wconf 92' lang='lat' dir='ltr'><strong><em>et</em></strong></span> <span class='ocrx_word' id='word_1_300' title='bbox 1555 2173 1899 2244; x_wconf 80' lang='lat' dir='ltr'><strong><em>corruptibi-</em></strong></span> 
     </span>
     <span class='ocr_line' id='line_1_39' title="bbox 319 2257 1906 2338; baseline 0.004 -23"><span class='ocrx_word' id='word_1_301' title='bbox 319 2257 470 2325; x_wconf 84' lang='lat' dir='ltr'><strong><em>litas,</em></strong></span> <span class='ocrx_word' id='word_1_302' title='bbox 497 2275 639 2330; x_wconf 85' lang='lat' dir='ltr'><strong><em>quas</em></strong></span> <span class='ocrx_word' id='word_1_303' title='bbox 683 2260 786 2317; x_wconf 88' lang='lat' dir='ltr'><strong><em>sibi</em></strong></span> <span class='ocrx_word' id='word_1_304' title='bbox 832 2263 1134 2320; x_wconf 87' lang='lat' dir='ltr'><strong><em>humanum</em></strong></span> <span class='ocrx_word' id='word_1_305' title='bbox 1164 2279 1337 2336; x_wconf 79' lang='lat' dir='ltr'><strong><em>genus</em></strong></span> <span class='ocrx_word' id='word_1_306' title='bbox 1367 2268 1534 2338; x_wconf 82' lang='lat' dir='ltr'><strong><em>gemit</em></strong></span> <span class='ocrx_word' id='word_1_307' title='bbox 1579 2266 1798 2324; x_wconf 75' lang='lat' dir='ltr'><strong><em>infixas.</em></strong></span> <span class='ocrx_word' id='word_1_308' title='bbox 1835 2265 1906 2321; x_wconf 87' lang='lat' dir='ltr'><strong><em>Et</em></strong></span> 
     </span>
     <span class='ocr_line' id='line_1_40' title="bbox 321 2350 1908 2423; baseline 0.004 -17"><span class='ocrx_word' id='word_1_309' title='bbox 321 2350 654 2421; x_wconf 78' lang='lat' dir='ltr'><strong><em>confirmasti</em></strong></span> <span class='ocrx_word' id='word_1_310' title='bbox 681 2367 840 2423; x_wconf 76' lang='lat' dir='ltr'><strong><em>super</em></strong></span> <span class='ocrx_word' id='word_1_311' title='bbox 882 2369 962 2409; x_wconf 86' lang='lat' dir='ltr'><strong><em>me</em></strong></span> <span class='ocrx_word' id='word_1_312' title='bbox 1007 2371 1222 2411; x_wconf 83' lang='lat' dir='ltr'><strong><em>manum</em></strong></span> <span class='ocrx_word' id='word_1_313' title='bbox 1254 2365 1425 2421; x_wconf 71' lang='lat' dir='ltr'><strong><em>titani.</em></strong></span> <span class='ocrx_word' id='word_1_314' title='bbox 1459 2356 1656 2412; x_wconf 77' lang='lat' dir='ltr'><strong><em>Manus</em></strong></span> <span class='ocrx_word' id='word_1_315' title='bbox 1699 2357 1792 2414; x_wconf 79' lang='lat' dir='ltr'><strong><em>uei</em></strong></span> <span class='ocrx_word' id='word_1_316' title='bbox 1821 2366 1908 2413; x_wconf 88' lang='lat' dir='ltr'><strong><em>est</em></strong></span> 
     </span>
     <span class='ocr_line' id='line_1_41' title="bbox 318 2437 1902 2516; baseline 0.008 -26"><span class='ocrx_word' id='word_1_317' title='bbox 318 2437 582 2499; x_wconf 77' lang='lat' dir='ltr'><strong><em>vindicta.</em></strong></span> <span class='ocrx_word' id='word_1_318' title='bbox 615 2439 750 2511; x_wconf 66' lang='lat' dir='ltr'><strong><em>Quae</em></strong></span> <span class='ocrx_word' id='word_1_319' title='bbox 804 2457 973 2514; x_wconf 84' lang='lat' dir='ltr'><strong><em>super</em></strong></span> <span class='ocrx_word' id='word_1_320' title='bbox 1010 2443 1293 2502; x_wconf 83' lang='lat' dir='ltr'><strong><em>hominem</em></strong></span> <span class='ocrx_word' id='word_1_321' title='bbox 1342 2448 1722 2516; x_wconf 80' lang='lat' dir='ltr'><strong><em>confirmatur,</em></strong></span> <span class='ocrx_word' id='word_1_322' title='bbox 1772 2447 1902 2502; x_wconf 89' lang='lat' dir='ltr'><strong><em>dum</em></strong></span> 
     </span>
     <span class='ocr_line' id='line_1_42' title="bbox 317 2530 1476 2610; baseline 0.007 -22"><span class='ocrx_word' id='word_1_323' title='bbox 317 2530 510 2589; x_wconf 87' lang='lat' dir='ltr'><strong><em>multis</em></strong></span> <span class='ocrx_word' id='word_1_324' title='bbox 532 2533 773 2590; x_wconf 88' lang='lat' dir='ltr'><strong><em>miseriis</em></strong></span> <span class='ocrx_word' id='word_1_325' title='bbox 803 2545 861 2592; x_wconf 88' lang='lat' dir='ltr'><strong><em>et</em></strong></span> <span class='ocrx_word' id='word_1_326' title='bbox 895 2538 1161 2594; x_wconf 82' lang='lat' dir='ltr'><strong><em>aerumnis</em></strong></span> <span class='ocrx_word' id='word_1_327' title='bbox 1194 2548 1476 2610; x_wconf 82' lang='lat' dir='ltr'><strong><em>gravatur.</em></strong></span> 
     </span>
    </p>

    <p class='ocr_par' dir='ltr' id='par_1_11' title="bbox 314 2624 1907 2972">
     <span class='ocr_line' id='line_1_43' title="bbox 392 2624 1905 2702; baseline 0.007 -21"><span class='ocrx_word' id='word_1_328' title='bbox 392 2624 558 2684; x_wconf 75' lang='lat' dir='ltr'><strong><em>Vitas.</em></strong></span> <span class='ocrx_word' id='word_1_329' title='bbox 586 2627 642 2686; x_wconf 67' lang='lat'><strong><em>4.</em></strong></span> <span class='ocrx_word' id='word_1_330' title='bbox 673 2627 798 2683; x_wconf 83' lang='lat' dir='ltr'><strong><em>Non</em></strong></span> <span class='ocrx_word' id='word_1_331' title='bbox 825 2637 904 2685; x_wconf 82' lang='lat' dir='ltr'><strong><em>est</em></strong></span> <span class='ocrx_word' id='word_1_332' title='bbox 924 2631 1129 2686; x_wconf 87' lang='lat' dir='ltr'><strong><em>sanitas</em></strong></span> <span class='ocrx_word' id='word_1_333' title='bbox 1160 2631 1399 2686; x_wconf 80' lang='lat' dir='ltr'><strong><em>incarne</em></strong></span> <span class='ocrx_word' id='word_1_334' title='bbox 1417 2645 1536 2687; x_wconf 78' lang='lat' dir='ltr'><strong><em>ntea</em></strong></span> <span class='ocrx_word' id='word_1_335' title='bbox 1555 2648 1590 2686; x_wconf 86' lang='lat' dir='ltr'><strong><em>a</em></strong></span> <span class='ocrx_word' id='word_1_336' title='bbox 1631 2631 1770 2702; x_wconf 73' lang='lat' dir='ltr'><strong><em>facie</em></strong></span> <span class='ocrx_word' id='word_1_337' title='bbox 1807 2632 1905 2691; x_wconf 78' lang='lat' dir='ltr'><strong><em>iroe</em></strong></span> 
     </span>
     <span class='ocr_line' id='line_1_44' title="bbox 321 2717 1907 2793; baseline 0.004 -21"><span class='ocrx_word' id='word_1_338' title='bbox 321 2728 447 2775; x_wconf 74' lang='lat' dir='ltr'><strong><em>tuoe.</em></strong></span> <span class='ocrx_word' id='word_1_339' title='bbox 491 2717 586 2774; x_wconf 83' lang='lat' dir='ltr'><strong><em>Ira</em></strong></span> <span class='ocrx_word' id='word_1_340' title='bbox 605 2717 702 2775; x_wconf 84' lang='lat' dir='ltr'><strong><em>Dei</em></strong></span> <span class='ocrx_word' id='word_1_341' title='bbox 734 2729 818 2777; x_wconf 87' lang='lat' dir='ltr'><strong><em>est</em></strong></span> <span class='ocrx_word' id='word_1_342' title='bbox 857 2731 1210 2793; x_wconf 85' lang='lat' dir='ltr'><strong><em>peccatorum</em></strong></span> <span class='ocrx_word' id='word_1_343' title='bbox 1254 2722 1513 2790; x_wconf 80' lang='lat' dir='ltr'><strong><em>ossensio;</em></strong></span> <span class='ocrx_word' id='word_1_344' title='bbox 1555 2723 1624 2779; x_wconf 84' lang='lat' dir='ltr'><strong><em>ab</em></strong></span> <span class='ocrx_word' id='word_1_345' title='bbox 1657 2724 1762 2780; x_wconf 86' lang='lat' dir='ltr'><strong><em>hac</em></strong></span> <span class='ocrx_word' id='word_1_346' title='bbox 1800 2740 1907 2779; x_wconf 80' lang='lat' dir='ltr'><strong><em>nou</em></strong></span> 
     </span>
     <span class='ocr_line' id='line_1_45' title="bbox 317 2807 1904 2882; baseline 0.003 -17"><span class='ocrx_word' id='word_1_347' title='bbox 317 2816 397 2865; x_wconf 78' lang='lat' dir='ltr'><strong><em>cst</em></strong></span> <span class='ocrx_word' id='word_1_348' title='bbox 419 2807 476 2862; x_wconf 85' lang='lat' dir='ltr'><strong><em>in</em></strong></span> <span class='ocrx_word' id='word_1_349' title='bbox 503 2808 744 2865; x_wconf 85' lang='lat' dir='ltr'><strong><em>bominis</em></strong></span> <span class='ocrx_word' id='word_1_350' title='bbox 770 2826 926 2868; x_wconf 78' lang='lat' dir='ltr'><strong><em>carne</em></strong></span> <span class='ocrx_word' id='word_1_351' title='bbox 959 2810 1189 2878; x_wconf 74' lang='lat' dir='ltr'><strong><em>sanitas,</em></strong></span> <span class='ocrx_word' id='word_1_352' title='bbox 1234 2826 1402 2882; x_wconf 86' lang='lat' dir='ltr'><strong><em>quam</em></strong></span> <span class='ocrx_word' id='word_1_353' title='bbox 1449 2820 1530 2868; x_wconf 89' lang='lat' dir='ltr'><strong><em>tot</em></strong></span> <span class='ocrx_word' id='word_1_354' title='bbox 1582 2812 1904 2869; x_wconf 85' lang='lat' dir='ltr'><strong><em>morborum</em></strong></span> 
     </span>
     <span class='ocr_line' id='line_1_46' title="bbox 314 2897 1901 2972; baseline 0.006 -20"><span class='ocrx_word' id='word_1_355' title='bbox 314 2897 519 2971; x_wconf 81' lang='lat' dir='ltr'><strong><em>jugiter</em></strong></span> <span class='ocrx_word' id='word_1_356' title='bbox 543 2910 720 2957; x_wconf 76' lang='lat' dir='ltr'><strong><em>vastat</em></strong></span> <span class='ocrx_word' id='word_1_357' title='bbox 749 2900 1085 2961; x_wconf 74' lang='lat' dir='ltr'><strong><em>immanitas.</em></strong></span> <span class='ocrx_word' id='word_1_358' title='bbox 1110 2901 1288 2959; x_wconf 81' lang='lat' dir='ltr'><strong><em>Morbi</em></strong></span> <span class='ocrx_word' id='word_1_359' title='bbox 1317 2903 1519 2960; x_wconf 89' lang='lat' dir='ltr'><strong><em>etenim</em></strong></span> <span class='ocrx_word' id='word_1_360' title='bbox 1549 2912 1680 2961; x_wconf 88' lang='lat' dir='ltr'><strong><em>sunt</em></strong></span> <span class='ocrx_word' id='word_1_361' title='bbox 1706 2904 1901 2972; x_wconf 75' lang='lat' dir='ltr'><strong><em>sameS‚</em></strong></span> 
     </span>
    </p>
   </div>
   <div class='ocr_carea' id='block_1_9' title="bbox 319 2990 1974 3092">
    <p class='ocr_par' dir='ltr' id='par_1_12' title="bbox 319 2990 1974 3092">
     <span class='ocr_line' id='line_1_47' title="bbox 319 2990 1974 3092; baseline 0.004 -45"><span class='ocrx_word' id='word_1_362' title='bbox 319 2990 466 3059; x_wconf 87' lang='lat' dir='ltr'><strong><em>sitis,</em></strong></span> <span class='ocrx_word' id='word_1_363' title='bbox 492 2991 667 3059; x_wconf 80' lang='lat' dir='ltr'><strong><em>labor,</em></strong></span> <span class='ocrx_word' id='word_1_364' title='bbox 719 2991 915 3066; x_wconf 78' lang='lat' dir='ltr'><strong><em>friguS,</em></strong></span> <span class='ocrx_word' id='word_1_365' title='bbox 945 2997 1580 3055; x_wconf 77' lang='lat' dir='ltr'><strong><em>aestuszmedicamenta</em></strong></span> <span class='ocrx_word' id='word_1_366' title='bbox 1645 3013 1775 3055; x_wconf 84' lang='lat' dir='ltr'><strong><em>vero</em></strong></span> <span class='ocrx_word' id='word_1_367' title='bbox 1822 2999 1900 3055; x_wconf 89' lang='lat' dir='ltr'><strong><em>ci·</em></strong></span> <span class='ocrx_word' id='word_1_368' title='bbox 1932 3037 1974 3092; x_wconf 78' lang='lat' dir='ltr'>C</span> 
     </span>
    </p>
   </div>
   <div class='ocr_carea' id='block_1_10' title="bbox 250 3083 1919 4357">
    <p class='ocr_par' dir='ltr' id='par_1_13' title="bbox 317 3083 1919 3527">
     <span class='ocr_line' id='line_1_48' title="bbox 317 3083 1905 3155; baseline 0.004 -16"><span class='ocrx_word' id='word_1_369' title='bbox 317 3083 445 3151; x_wconf 82' lang='lat' dir='ltr'><strong><em>bus,</em></strong></span> <span class='ocrx_word' id='word_1_370' title='bbox 471 3094 654 3155; x_wconf 72' lang='lat' dir='ltr'><strong><em>potuS,</em></strong></span> <span class='ocrx_word' id='word_1_371' title='bbox 680 3101 930 3154; x_wconf 72' lang='lat' dir='ltr'><strong><em>somnus»,</em></strong></span> <span class='ocrx_word' id='word_1_372' title='bbox 959 3097 1158 3147; x_wconf 82' lang='lat' dir='ltr'><strong><em>vestes.</em></strong></span> <span class='ocrx_word' id='word_1_373' title='bbox 1182 3088 1326 3146; x_wconf 85' lang='lat' dir='ltr'><strong><em>inter</em></strong></span> <span class='ocrx_word' id='word_1_374' title='bbox 1346 3090 1464 3145; x_wconf 80' lang='lat' dir='ltr'><strong><em>baec</em></strong></span> <span class='ocrx_word' id='word_1_375' title='bbox 1504 3091 1905 3146; x_wconf 85' lang='lat' dir='ltr'><strong><em>medicamenta</em></strong></span> 
     </span>
     <span class='ocr_line' id='line_1_49' title="bbox 319 3177 1903 3246; baseline 0.006 -18"><span class='ocrx_word' id='word_1_376' title='bbox 319 3185 406 3231; x_wconf 75' lang='lat' dir='ltr'><strong><em>est</em></strong></span> <span class='ocrx_word' id='word_1_377' title='bbox 427 3190 642 3246; x_wconf 87' lang='lat' dir='ltr'><strong><em>semper</em></strong></span> <span class='ocrx_word' id='word_1_378' title='bbox 664 3177 923 3235; x_wconf 86' lang='lat' dir='ltr'><strong><em>deliciens</em></strong></span> <span class='ocrx_word' id='word_1_379' title='bbox 952 3190 1009 3235; x_wconf 90' lang='lat' dir='ltr'><strong><em>et</em></strong></span> <span class='ocrx_word' id='word_1_380' title='bbox 1035 3181 1102 3236; x_wconf 89' lang='lat' dir='ltr'><strong><em>ad</em></strong></span> <span class='ocrx_word' id='word_1_381' title='bbox 1147 3181 1428 3237; x_wconf 87' lang='lat' dir='ltr'><strong><em>interitum</em></strong></span> <span class='ocrx_word' id='word_1_382' title='bbox 1482 3183 1731 3242; x_wconf 88' lang='lat' dir='ltr'><strong><em>tendens.</em></strong></span> <span class='ocrx_word' id='word_1_383' title='bbox 1779 3182 1903 3238; x_wconf 76' lang='lat' dir='ltr'><strong><em>Non</em></strong></span> 
     </span>
     <span class='ocr_line' id='line_1_50' title="bbox 318 3270 1919 3343; baseline 0.004 -20"><span class='ocrx_word' id='word_1_384' title='bbox 318 3275 399 3323; x_wconf 85' lang='lat' dir='ltr'><strong><em>est</em></strong></span> <span class='ocrx_word' id='word_1_385' title='bbox 424 3284 532 3338; x_wconf 74' lang='lat' dir='ltr'><strong><em>pax</em></strong></span> <span class='ocrx_word' id='word_1_386' title='bbox 554 3270 762 3325; x_wconf 83' lang='lat' dir='ltr'><strong><em>ossibus</em></strong></span> <span class='ocrx_word' id='word_1_387' title='bbox 805 3272 934 3328; x_wconf 79' lang='lat' dir='ltr'><strong><em>meis</em></strong></span> <span class='ocrx_word' id='word_1_388' title='bbox 986 3289 1019 3327; x_wconf 91' lang='lat' dir='ltr'><strong><em>a</em></strong></span> <span class='ocrx_word' id='word_1_389' title='bbox 1063 3273 1204 3343; x_wconf 73' lang='lat' dir='ltr'><strong><em>facie</em></strong></span> <span class='ocrx_word' id='word_1_390' title='bbox 1250 3283 1588 3343; x_wconf 79' lang='lat' dir='ltr'><strong><em>peccatorum</em></strong></span> <span class='ocrx_word' id='word_1_391' title='bbox 1639 3290 1919 3338; x_wconf 51' lang='lat' dir='ltr'><strong><em>incorum„</em></strong></span> 
     </span>
     <span class='ocr_line' id='line_1_51' title="bbox 319 3358 1900 3437; baseline 0.006 -23"><span class='ocrx_word' id='word_1_392' title='bbox 319 3358 438 3417; x_wconf 81' lang='lat' dir='ltr'><strong><em>Hoc</em></strong></span> <span class='ocrx_word' id='word_1_393' title='bbox 466 3370 571 3426; x_wconf 89' lang='lat' dir='ltr'><strong><em>est,</em></strong></span> <span class='ocrx_word' id='word_1_394' title='bbox 596 3363 740 3419; x_wconf 83' lang='lat' dir='ltr'><strong><em>vires</em></strong></span> <span class='ocrx_word' id='word_1_395' title='bbox 798 3379 934 3421; x_wconf 82' lang='lat' dir='ltr'><strong><em>meae</em></strong></span> <span class='ocrx_word' id='word_1_396' title='bbox 981 3364 1263 3421; x_wconf 84' lang='lat' dir='ltr'><strong><em>debilitate</em></strong></span> <span class='ocrx_word' id='word_1_397' title='bbox 1305 3374 1361 3422; x_wconf 88' lang='lat' dir='ltr'><strong><em>et</em></strong></span> <span class='ocrx_word' id='word_1_398' title='bbox 1413 3366 1570 3422; x_wconf 87' lang='lat' dir='ltr'><strong><em>senio</em></strong></span> <span class='ocrx_word' id='word_1_399' title='bbox 1616 3366 1900 3437; x_wconf 81' lang='lat' dir='ltr'><strong><em>deliciunt,</em></strong></span> 
     </span>
     <span class='ocr_line' id='line_1_52' title="bbox 317 3452 1541 3527; baseline 0.006 -19"><span class='ocrx_word' id='word_1_400' title='bbox 317 3452 449 3524; x_wconf 85' lang='lat' dir='ltr'><strong><em>quia</em></strong></span> <span class='ocrx_word' id='word_1_401' title='bbox 473 3454 616 3510; x_wconf 87' lang='lat' dir='ltr'><strong><em>hane</em></strong></span> <span class='ocrx_word' id='word_1_402' title='bbox 636 3470 854 3525; x_wconf 85' lang='lat' dir='ltr'><strong><em>poenam</em></strong></span> <span class='ocrx_word' id='word_1_403' title='bbox 878 3456 1155 3527; x_wconf 89' lang='lat' dir='ltr'><strong><em>peccando</em></strong></span> <span class='ocrx_word' id='word_1_404' title='bbox 1175 3456 1541 3515; x_wconf 75' lang='lat' dir='ltr'><strong><em>incurrerunt.</em></strong></span> 
     </span>
    </p>

    <p class='ocr_par' dir='ltr' id='par_1_14' title="bbox 250 3542 1902 4174">
     <span class='ocr_line' id='line_1_53' title="bbox 389 3542 1902 3619; baseline 0.005 -20"><span class='ocrx_word' id='word_1_405' title='bbox 389 3542 598 3599; x_wconf 79' lang='lat' dir='ltr'><strong><em>Aliter:</em></strong></span> <span class='ocrx_word' id='word_1_406' title='bbox 641 3544 763 3600; x_wconf 85' lang='lat' dir='ltr'><strong><em>Non</em></strong></span> <span class='ocrx_word' id='word_1_407' title='bbox 789 3557 867 3601; x_wconf 82' lang='lat' dir='ltr'><strong><em>est</em></strong></span> <span class='ocrx_word' id='word_1_408' title='bbox 891 3549 1094 3605; x_wconf 85' lang='lat' dir='ltr'><strong><em>sanitas</em></strong></span> <span class='ocrx_word' id='word_1_409' title='bbox 1134 3545 1191 3611; x_wconf 81' lang='lat' dir='ltr'><strong><em>in</em></strong></span> <span class='ocrx_word' id='word_1_410' title='bbox 1217 3564 1376 3602; x_wconf 81' lang='lat' dir='ltr'><strong><em>carne</em></strong></span> <span class='ocrx_word' id='word_1_411' title='bbox 1404 3564 1521 3603; x_wconf 79' lang='lat' dir='ltr'><strong><em>mea</em></strong></span> <span class='ocrx_word' id='word_1_412' title='bbox 1559 3567 1593 3604; x_wconf 86' lang='lat' dir='ltr'><strong><em>a</em></strong></span> <span class='ocrx_word' id='word_1_413' title='bbox 1616 3546 1754 3619; x_wconf 71' lang='lat' dir='ltr'><strong><em>[acic</em></strong></span> <span class='ocrx_word' id='word_1_414' title='bbox 1805 3552 1902 3607; x_wconf 86' lang='lat' dir='ltr'><strong><em>iroe</em></strong></span> 
     </span>
     <span class='ocr_line' id='line_1_54' title="bbox 321 3636 1900 3707; baseline 0.004 -14"><span class='ocrx_word' id='word_1_415' title='bbox 321 3645 447 3702; x_wconf 80' lang='lat' dir='ltr'><strong><em>tuoe,</em></strong></span> <span class='ocrx_word' id='word_1_416' title='bbox 478 3636 706 3706; x_wconf 82' lang='lat' dir='ltr'><strong><em>bocest,</em></strong></span> <span class='ocrx_word' id='word_1_417' title='bbox 736 3638 875 3692; x_wconf 87' lang='lat' dir='ltr'><strong><em>iram</em></strong></span> <span class='ocrx_word' id='word_1_418' title='bbox 906 3648 1054 3696; x_wconf 80' lang='lat' dir='ltr'><strong><em>tuam</em></strong></span> <span class='ocrx_word' id='word_1_419' title='bbox 1108 3637 1162 3694; x_wconf 88' lang='lat' dir='ltr'><strong><em>in</em></strong></span> <span class='ocrx_word' id='word_1_420' title='bbox 1209 3637 1512 3707; x_wconf 83' lang='lat' dir='ltr'><strong><em>Scripturis</em></strong></span> <span class='ocrx_word' id='word_1_421' title='bbox 1558 3643 1900 3699; x_wconf 85' lang='lat' dir='ltr'><strong><em>comminan-</em></strong></span> 
     </span>
     <span class='ocr_line' id='line_1_55' title="bbox 318 3729 1898 3801; baseline 0.004 -16"><span class='ocrx_word' id='word_1_422' title='bbox 318 3738 430 3785; x_wconf 83' lang='lat' dir='ltr'><strong><em>tem</em></strong></span> <span class='ocrx_word' id='word_1_423' title='bbox 454 3729 836 3801; x_wconf 83' lang='lat' dir='ltr'><strong><em>peecatoribus</em></strong></span> <span class='ocrx_word' id='word_1_424' title='bbox 882 3732 1148 3799; x_wconf 72' lang='lat' dir='ltr'><strong><em>iintellexi,</em></strong></span> <span class='ocrx_word' id='word_1_425' title='bbox 1174 3740 1232 3789; x_wconf 83' lang='lat' dir='ltr'><strong><em>et</em></strong></span> <span class='ocrx_word' id='word_1_426' title='bbox 1288 3733 1412 3790; x_wconf 88' lang='lat' dir='ltr'><strong><em>ideo</em></strong></span> <span class='ocrx_word' id='word_1_427' title='bbox 1460 3750 1683 3792; x_wconf 82' lang='lat' dir='ltr'><strong><em>carnem</em></strong></span> <span class='ocrx_word' id='word_1_428' title='bbox 1723 3751 1898 3792; x_wconf 88' lang='lat' dir='ltr'><strong><em>meam</em></strong></span> 
     </span>
     <span class='ocr_line' id='line_1_56' title="bbox 318 3821 1901 3897; baseline 0.003 -21"><span class='ocrx_word' id='word_1_429' title='bbox 318 3821 554 3892; x_wconf 75' lang='lat' dir='ltr'><strong><em>graviter</em></strong></span> <span class='ocrx_word' id='word_1_430' title='bbox 574 3822 776 3894; x_wconf 84' lang='lat' dir='ltr'><strong><em>amigo,</em></strong></span> <span class='ocrx_word' id='word_1_431' title='bbox 805 3822 1050 3882; x_wconf 80' lang='lat' dir='ltr'><strong><em>adversis</em></strong></span> <span class='ocrx_word' id='word_1_432' title='bbox 1072 3825 1326 3897; x_wconf 59' lang='lat' dir='ltr'><strong><em>subjicio.</em></strong></span> <span class='ocrx_word' id='word_1_433' title='bbox 1373 3825 1495 3881; x_wconf 86' lang='lat' dir='ltr'><strong><em>Non</em></strong></span> <span class='ocrx_word' id='word_1_434' title='bbox 1525 3837 1604 3885; x_wconf 81' lang='lat' dir='ltr'><strong><em>est</em></strong></span> <span class='ocrx_word' id='word_1_435' title='bbox 1634 3843 1742 3897; x_wconf 78' lang='lat' dir='ltr'><strong><em>pax</em></strong></span> <span class='ocrx_word' id='word_1_436' title='bbox 1766 3829 1901 3882; x_wconf 84' lang='lat' dir='ltr'><strong><em>ossi-</em></strong></span> 
     </span>
     <span class='ocr_line' id='line_1_57' title="bbox 319 3912 1900 3986; baseline 0.006 -21"><span class='ocrx_word' id='word_1_437' title='bbox 319 3912 415 3968; x_wconf 81' lang='lat' dir='ltr'><strong><em>bus</em></strong></span> <span class='ocrx_word' id='word_1_438' title='bbox 437 3914 567 3968; x_wconf 84' lang='lat' dir='ltr'><strong><em>meis</em></strong></span> <span class='ocrx_word' id='word_1_439' title='bbox 590 3931 624 3968; x_wconf 92' lang='lat' dir='ltr'><strong><em>a</em></strong></span> <span class='ocrx_word' id='word_1_440' title='bbox 660 3913 799 3984; x_wconf 72' lang='lat' dir='ltr'><strong><em>[acic</em></strong></span> <span class='ocrx_word' id='word_1_441' title='bbox 825 3925 1160 3986; x_wconf 82' lang='lat' dir='ltr'><strong><em>peccatorum</em></strong></span> <span class='ocrx_word' id='word_1_442' title='bbox 1183 3933 1440 3986; x_wconf 84' lang='lat' dir='ltr'><strong><em>meorum,</em></strong></span> <span class='ocrx_word' id='word_1_443' title='bbox 1469 3918 1522 3973; x_wconf 89' lang='lat' dir='ltr'><strong><em>id</em></strong></span> <span class='ocrx_word' id='word_1_444' title='bbox 1569 3928 1655 3974; x_wconf 87' lang='lat' dir='ltr'><strong><em>est</em></strong></span> <span class='ocrx_word' id='word_1_445' title='bbox 1692 3919 1900 3977; x_wconf 86' lang='lat' dir='ltr'><strong><em>nullam</em></strong></span> 
     </span>
     <span class='ocr_line' id='line_1_58' title="bbox 250 3992 1902 4083; baseline 0.005 -24"><span class='ocrx_word' id='word_1_446' title='bbox 250 3992 261 3999; x_wconf 52' lang='lat'>⁸</span> <span class='ocrx_word' id='word_1_447' title='bbox 317 4004 556 4076; x_wconf 86' lang='lat' dir='ltr'><strong><em>quietem</em></strong></span> <span class='ocrx_word' id='word_1_448' title='bbox 587 4006 794 4063; x_wconf 83' lang='lat' dir='ltr'><strong><em>ossibus</em></strong></span> <span class='ocrx_word' id='word_1_449' title='bbox 822 4008 907 4064; x_wconf 79' lang='lat' dir='ltr'><strong><em>vel</em></strong></span> <span class='ocrx_word' id='word_1_450' title='bbox 933 4009 1197 4066; x_wconf 86' lang='lat' dir='ltr'><strong><em>membris</em></strong></span> <span class='ocrx_word' id='word_1_451' title='bbox 1235 4010 1458 4077; x_wconf 86' lang='lat' dir='ltr'><strong><em>indulsi,</em></strong></span> <span class='ocrx_word' id='word_1_452' title='bbox 1494 4011 1670 4067; x_wconf 84' lang='lat' dir='ltr'><strong><em>donec</em></strong></span> <span class='ocrx_word' id='word_1_453' title='bbox 1725 4012 1902 4083; x_wconf 86' lang='lat' dir='ltr'><strong><em>poeui-</em></strong></span> 
     </span>
     <span class='ocr_line' id='line_1_59' title="bbox 315 4099 1225 4174; baseline 0 -17"><span class='ocrx_word' id='word_1_454' title='bbox 315 4099 483 4157; x_wconf 82' lang='lat' dir='ltr'><strong><em>tendo</em></strong></span> <span class='ocrx_word' id='word_1_455' title='bbox 505 4116 818 4172; x_wconf 85' lang='lat' dir='ltr'><strong><em>purgarem,</em></strong></span> <span class='ocrx_word' id='word_1_456' title='bbox 841 4118 964 4174; x_wconf 83' lang='lat' dir='ltr'><strong><em>quae</em></strong></span> <span class='ocrx_word' id='word_1_457' title='bbox 985 4103 1225 4173; x_wconf 75' lang='lat' dir='ltr'><strong><em>peceavi.</em></strong></span> 
     </span>
    </p>

    <p class='ocr_par' dir='ltr' id='par_1_15' title="bbox 316 4189 1898 4357">
     <span class='ocr_line' id='line_1_60' title="bbox 390 4189 1898 4266; baseline 0.003 -20"><span class='ocrx_word' id='word_1_458' title='bbox 390 4189 556 4250; x_wconf 70' lang='lat' dir='ltr'><strong><em>Vens.</em></strong></span> <span class='ocrx_word' id='word_1_459' title='bbox 593 4192 650 4249; x_wconf 82' lang='lat'><strong><em>5.</em></strong></span> <span class='ocrx_word' id='word_1_460' title='bbox 698 4192 966 4259; x_wconf 77' lang='lat' dir='ltr'><strong><em>Quoniam</em></strong></span> <span class='ocrx_word' id='word_1_461' title='bbox 1013 4196 1320 4266; x_wconf 79' lang='lat' dir='ltr'><strong><em>iniquitates</em></strong></span> <span class='ocrx_word' id='word_1_462' title='bbox 1374 4211 1504 4251; x_wconf 69' lang='lat' dir='ltr'><strong><em>meae</em></strong></span> <span class='ocrx_word' id='word_1_463' title='bbox 1549 4210 1898 4265; x_wconf 67' lang='lat' dir='ltr'><strong><em>supergressa!</em></strong></span> 
     </span>
     <span class='ocr_line' id='line_1_61' title="bbox 316 4285 1898 4357; baseline 0.001 -20"><span class='ocrx_word' id='word_1_464' title='bbox 316 4292 441 4339; x_wconf 66' lang='lat' dir='ltr'><strong><em>sunit</em></strong></span> <span class='ocrx_word' id='word_1_465' title='bbox 468 4295 625 4355; x_wconf 82' lang='lat' dir='ltr'><strong><em>caput</em></strong></span> <span class='ocrx_word' id='word_1_466' title='bbox 650 4301 842 4353; x_wconf 84' lang='lat' dir='ltr'><strong><em>meum,</em></strong></span> <span class='ocrx_word' id='word_1_467' title='bbox 871 4285 998 4356; x_wconf 86' lang='lat' dir='ltr'><strong><em>quia</em></strong></span> <span class='ocrx_word' id='word_1_468' title='bbox 1024 4286 1486 4343; x_wconf 84' lang='lat' dir='ltr'><strong><em>invalescentibus</em></strong></span> <span class='ocrx_word' id='word_1_469' title='bbox 1535 4285 1756 4357; x_wconf 84' lang='lat' dir='ltr'><strong><em>flagitiis</em></strong></span> <span class='ocrx_word' id='word_1_470' title='bbox 1778 4286 1898 4344; x_wconf 83' lang='lat' dir='ltr'><strong><em>ani-</em></strong></span> 
     </span>
    </p>
   </div>
   <div class='ocr_carea' id='block_1_11' title="bbox 2005 1790 3604 3429">
    <p class='ocr_par' dir='ltr' id='par_1_16' title="bbox 2012 1790 3603 2141">
     <span class='ocr_line' id='line_1_62' title="bbox 2015 1790 3602 1864; baseline 0.001 -18"><span class='ocrx_word' id='word_1_471' title='bbox 2015 1802 2188 1849; x_wconf 77' lang='lat' dir='ltr'><strong><em>ratus.</em></strong></span> <span class='ocrx_word' id='word_1_472' title='bbox 2223 1790 2437 1860; x_wconf 85' lang='lat' dir='ltr'><strong><em>Corpus</em></strong></span> <span class='ocrx_word' id='word_1_473' title='bbox 2484 1792 2654 1859; x_wconf 82' lang='lat' dir='ltr'><strong><em>enim,</em></strong></span> <span class='ocrx_word' id='word_1_474' title='bbox 2703 1790 2849 1862; x_wconf 84' lang='lat' dir='ltr'><strong><em>quod</em></strong></span> <span class='ocrx_word' id='word_1_475' title='bbox 2905 1790 3297 1862; x_wconf 78' lang='lat' dir='ltr'><strong><em>corrumpitur,</em></strong></span> <span class='ocrx_word' id='word_1_476' title='bbox 3342 1803 3602 1864; x_wconf 62' lang='lat' dir='ltr'><strong><em>aggi-aiat</em></strong></span> 
     </span>
     <span class='ocr_line' id='line_1_63' title="bbox 2013 1882 3578 1949; baseline 0.001 -10"><span class='ocrx_word' id='word_1_477' title='bbox 2013 1888 2275 1939; x_wconf 83' lang='lat' dir='ltr'><strong><em>animam.</em></strong></span> <span class='ocrx_word' id='word_1_478' title='bbox 2310 1882 2444 1936; x_wconf 82' lang='lat' dir='ltr'><strong><em>Tota</em></strong></span> <span class='ocrx_word' id='word_1_479' title='bbox 2468 1884 2573 1949; x_wconf 83' lang='lat' dir='ltr'><strong><em>die,</em></strong></span> <span class='ocrx_word' id='word_1_480' title='bbox 2602 1885 2707 1938; x_wconf 82' lang='lat' dir='ltr'><strong><em>hoc</em></strong></span> <span class='ocrx_word' id='word_1_481' title='bbox 2727 1892 2830 1948; x_wconf 83' lang='lat' dir='ltr'><strong><em>est,</em></strong></span> <span class='ocrx_word' id='word_1_482' title='bbox 2866 1890 2977 1938; x_wconf 89' lang='lat' dir='ltr'><strong><em>tota</em></strong></span> <span class='ocrx_word' id='word_1_483' title='bbox 3007 1883 3119 1938; x_wconf 77' lang='lat' dir='ltr'><strong><em>vita</em></strong></span> <span class='ocrx_word' id='word_1_484' title='bbox 3142 1886 3494 1940; x_wconf 71' lang='lat' dir='ltr'><strong><em>contristatas</em></strong></span> <span class='ocrx_word' id='word_1_485' title='bbox 3518 1887 3578 1941; x_wconf 83' lang='lat' dir='ltr'><strong><em>in</em></strong></span> 
     </span>
     <span class='ocr_line' id='line_1_64' title="bbox 2012 1974 3603 2051; baseline 0.004 -23"><span class='ocrx_word' id='word_1_486' title='bbox 2012 1975 2290 2045; x_wconf 67' lang='lat' dir='ltr'><strong><em>grediebar</em></strong></span> <span class='ocrx_word' id='word_1_487' title='bbox 2317 1975 2458 2032; x_wconf 85' lang='lat' dir='ltr'><strong><em>etde</em></strong></span> <span class='ocrx_word' id='word_1_488' title='bbox 2489 1975 2725 2046; x_wconf 80' lang='lat' dir='ltr'><strong><em>pcccatis</em></strong></span> <span class='ocrx_word' id='word_1_489' title='bbox 2746 1991 2870 2048; x_wconf 83' lang='lat' dir='ltr'><strong><em>quae</em></strong></span> <span class='ocrx_word' id='word_1_490' title='bbox 2896 1974 3021 2044; x_wconf 78' lang='lat' dir='ltr'><strong><em>leci,</em></strong></span> <span class='ocrx_word' id='word_1_491' title='bbox 3063 1985 3117 2031; x_wconf 91' lang='lat' dir='ltr'><strong><em>et</em></strong></span> <span class='ocrx_word' id='word_1_492' title='bbox 3158 1976 3227 2032; x_wconf 88' lang='lat' dir='ltr'><strong><em>dc</em></strong></span> <span class='ocrx_word' id='word_1_493' title='bbox 3275 1977 3434 2033; x_wconf 87' lang='lat' dir='ltr'><strong><em>malis</em></strong></span> <span class='ocrx_word' id='word_1_494' title='bbox 3474 1994 3603 2051; x_wconf 76' lang='lat' dir='ltr'><strong><em>quae</em></strong></span> 
     </span>
     <span class='ocr_line' id='line_1_65' title="bbox 2013 2067 2211 2141; baseline 0 -19"><span class='ocrx_word' id='word_1_495' title='bbox 2013 2067 2211 2141; x_wconf 86' lang='lat' dir='ltr'><strong><em>patior.</em></strong></span> 
     </span>
    </p>

    <p class='ocr_par' dir='ltr' id='par_1_17' title="bbox 2005 2157 3604 3429">
     <span class='ocr_line' id='line_1_66' title="bbox 2084 2157 3598 2231; baseline 0.003 -17"><span class='ocrx_word' id='word_1_496' title='bbox 2084 2158 2252 2216; x_wconf 66' lang='lat' dir='ltr'><strong><em>Vens.</em></strong></span> <span class='ocrx_word' id='word_1_497' title='bbox 2279 2160 2333 2215; x_wconf 89' lang='lat'><strong><em>8.</em></strong></span> <span class='ocrx_word' id='word_1_498' title='bbox 2365 2157 2634 2228; x_wconf 77' lang='lat' dir='ltr'><strong><em>Quoniam</em></strong></span> <span class='ocrx_word' id='word_1_499' title='bbox 2667 2162 2850 2215; x_wconf 72' lang='lat' dir='ltr'><strong><em>citima</em></strong></span> <span class='ocrx_word' id='word_1_500' title='bbox 2901 2177 3020 2216; x_wconf 79' lang='lat' dir='ltr'><strong><em>mea</em></strong></span> <span class='ocrx_word' id='word_1_501' title='bbox 3067 2160 3284 2231; x_wconf 78' lang='lat' dir='ltr'><strong><em>impieta</em></strong></span> <span class='ocrx_word' id='word_1_502' title='bbox 3333 2172 3411 2217; x_wconf 85' lang='lat' dir='ltr'><strong><em>est</em></strong></span> <span class='ocrx_word' id='word_1_503' title='bbox 3469 2164 3598 2221; x_wconf 73' lang='lat' dir='ltr'><strong><em>ittu-</em></strong></span> 
     </span>
     <span class='ocr_line' id='line_1_67' title="bbox 2011 2250 3604 2324; baseline 0.004 -19"><span class='ocrx_word' id='word_1_504' title='bbox 2011 2250 2270 2320; x_wconf 81' lang='lat' dir='ltr'><strong><em>sionibus,</em></strong></span> <span class='ocrx_word' id='word_1_505' title='bbox 2291 2260 2343 2305; x_wconf 88' lang='lat' dir='ltr'><strong><em>et</em></strong></span> <span class='ocrx_word' id='word_1_506' title='bbox 2365 2266 2468 2304; x_wconf 84' lang='lat' dir='ltr'><strong><em>non</em></strong></span> <span class='ocrx_word' id='word_1_507' title='bbox 2488 2260 2565 2305; x_wconf 86' lang='lat' dir='ltr'><strong><em>est</em></strong></span> <span class='ocrx_word' id='word_1_508' title='bbox 2590 2252 2799 2308; x_wconf 83' lang='lat' dir='ltr'><strong><em>sanitas</em></strong></span> <span class='ocrx_word' id='word_1_509' title='bbox 2831 2253 2888 2307; x_wconf 84' lang='lat' dir='ltr'><strong><em>in</em></strong></span> <span class='ocrx_word' id='word_1_510' title='bbox 2918 2268 3081 2307; x_wconf 79' lang='lat' dir='ltr'><strong><em>carne</em></strong></span> <span class='ocrx_word' id='word_1_511' title='bbox 3108 2271 3243 2319; x_wconf 79' lang='lat' dir='ltr'><strong><em>inca,</em></strong></span> <span class='ocrx_word' id='word_1_512' title='bbox 3281 2256 3387 2310; x_wconf 82' lang='lat' dir='ltr'><strong><em>boc</em></strong></span> <span class='ocrx_word' id='word_1_513' title='bbox 3405 2263 3510 2324; x_wconf 83' lang='lat' dir='ltr'><strong><em>est,</em></strong></span> <span class='ocrx_word' id='word_1_514' title='bbox 3541 2256 3604 2311; x_wconf 66' lang='grc' dir='ltr'><strong><em>ἐκ</em></strong></span> 
     </span>
     <span class='ocr_line' id='line_1_68' title="bbox 2011 2344 3598 2418; baseline 0.005 -19"><span class='ocrx_word' id='word_1_515' title='bbox 2011 2346 2191 2400; x_wconf 86' lang='lat' dir='ltr'><strong><em>anima</em></strong></span> <span class='ocrx_word' id='word_1_516' title='bbox 2220 2354 2275 2401; x_wconf 89' lang='lat' dir='ltr'><strong><em>et</em></strong></span> <span class='ocrx_word' id='word_1_517' title='bbox 2302 2345 2357 2400; x_wconf 89' lang='lat' dir='ltr'><strong><em>in</em></strong></span> <span class='ocrx_word' id='word_1_518' title='bbox 2383 2360 2614 2416; x_wconf 88' lang='lat' dir='ltr'><strong><em>corpore</em></strong></span> <span class='ocrx_word' id='word_1_519' title='bbox 2636 2344 2882 2417; x_wconf 85' lang='lat' dir='ltr'><strong><em>affligor:</em></strong></span> <span class='ocrx_word' id='word_1_520' title='bbox 2911 2345 2968 2400; x_wconf 89' lang='lat' dir='ltr'><strong><em>in</em></strong></span> <span class='ocrx_word' id='word_1_521' title='bbox 2993 2346 3176 2400; x_wconf 80' lang='lat' dir='ltr'><strong><em>anintu</em></strong></span> <span class='ocrx_word' id='word_1_522' title='bbox 3210 2346 3509 2418; x_wconf 77' lang='lat' dir='ltr'><strong><em>illusiones,</em></strong></span> <span class='ocrx_word' id='word_1_523' title='bbox 3539 2349 3598 2408; x_wconf 85' lang='lat' dir='ltr'><strong><em>in</em></strong></span> 
     </span>
     <span class='ocr_line' id='line_1_69' title="bbox 2011 2435 3602 2509; baseline 0.004 -16"><span class='ocrx_word' id='word_1_524' title='bbox 2011 2452 2242 2509; x_wconf 87' lang='lat' dir='ltr'><strong><em>corpore</em></strong></span> <span class='ocrx_word' id='word_1_525' title='bbox 2296 2436 2475 2508; x_wconf 88' lang='lat' dir='ltr'><strong><em>patior</em></strong></span> <span class='ocrx_word' id='word_1_526' title='bbox 2518 2436 2880 2507; x_wconf 70' lang='lat' dir='ltr'><strong><em>infirmitates.</em></strong></span> <span class='ocrx_word' id='word_1_527' title='bbox 2933 2435 3221 2496; x_wconf 78' lang='lat' dir='ltr'><strong><em>Illusiones</em></strong></span> <span class='ocrx_word' id='word_1_528' title='bbox 3256 2451 3389 2498; x_wconf 84' lang='lat' dir='ltr'><strong><em>sunt</em></strong></span> <span class='ocrx_word' id='word_1_529' title='bbox 3428 2445 3602 2500; x_wconf 67' lang='lat' dir='ltr'><strong><em>varin</em></strong></span> 
     </span>
     <span class='ocr_line' id='line_1_70' title="bbox 2009 2528 3599 2607; baseline 0.006 -25"><span class='ocrx_word' id='word_1_530' title='bbox 2009 2528 2452 2598; x_wconf 84' lang='lat' dir='ltr'><strong><em>phantasmatum</em></strong></span> <span class='ocrx_word' id='word_1_531' title='bbox 2511 2529 2933 2602; x_wconf 82' lang='lat' dir='ltr'><strong><em>imaginationes</em></strong></span> <span class='ocrx_word' id='word_1_532' title='bbox 2959 2572 2976 2597; x_wconf 91' lang='lat'><strong><em>,</em></strong></span> <span class='ocrx_word' id='word_1_533' title='bbox 3017 2546 3142 2602; x_wconf 82' lang='lat' dir='ltr'><strong><em>quae</em></strong></span> <span class='ocrx_word' id='word_1_534' title='bbox 3197 2533 3440 2589; x_wconf 88' lang='lat' dir='ltr'><strong><em>animam</em></strong></span> <span class='ocrx_word' id='word_1_535' title='bbox 3491 2550 3599 2607; x_wconf 81' lang='lat' dir='ltr'><strong><em>pro</em></strong></span> 
     </span>
     <span class='ocr_line' id='line_1_71' title="bbox 2008 2617 3597 2698; baseline 0.006 -25"><span class='ocrx_word' id='word_1_536' title='bbox 2008 2617 2155 2675; x_wconf 77' lang='lat' dir='ltr'><strong><em>veris</em></strong></span> <span class='ocrx_word' id='word_1_537' title='bbox 2182 2618 2439 2686; x_wconf 87' lang='lat' dir='ltr'><strong><em>illudunt,</em></strong></span> <span class='ocrx_word' id='word_1_538' title='bbox 2461 2620 2606 2678; x_wconf 84' lang='lat' dir='ltr'><strong><em>sicut</em></strong></span> <span class='ocrx_word' id='word_1_539' title='bbox 2626 2621 2718 2693; x_wconf 86' lang='lat' dir='ltr'><strong><em>qui</em></strong></span> <span class='ocrx_word' id='word_1_540' title='bbox 2747 2636 3043 2694; x_wconf 82' lang='lat' dir='ltr'><strong><em>supernam</em></strong></span> <span class='ocrx_word' id='word_1_541' title='bbox 3069 2620 3371 2682; x_wconf 78' lang='lat' dir='ltr'><strong><em>Jerusalem</em></strong></span> <span class='ocrx_word' id='word_1_542' title='bbox 3396 2642 3597 2698; x_wconf 88' lang='lat' dir='ltr'><strong><em>quam-</em></strong></span> 
     </span>
     <span class='ocr_line' id='line_1_72' title="bbox 2009 2710 3598 2791; baseline 0.005 -24"><span class='ocrx_word' id='word_1_543' title='bbox 2009 2710 2137 2767; x_wconf 88' lang='lat' dir='ltr'><strong><em>dam</em></strong></span> <span class='ocrx_word' id='word_1_544' title='bbox 2182 2711 2396 2777; x_wconf 84' lang='lat' dir='ltr'><strong><em>urbem‚</em></strong></span> <span class='ocrx_word' id='word_1_545' title='bbox 2436 2713 2493 2769; x_wconf 88' lang='lat' dir='ltr'><strong><em>in</em></strong></span> <span class='ocrx_word' id='word_1_546' title='bbox 2537 2729 2647 2784; x_wconf 85' lang='lat' dir='ltr'><strong><em>qua</em></strong></span> <span class='ocrx_word' id='word_1_547' title='bbox 2702 2712 2873 2771; x_wconf 86' lang='lat' dir='ltr'><strong><em>Deum</em></strong></span> <span class='ocrx_word' id='word_1_548' title='bbox 2919 2717 3078 2786; x_wconf 82' lang='lat' dir='ltr'><strong><em>quasi</em></strong></span> <span class='ocrx_word' id='word_1_549' title='bbox 3137 2731 3342 2788; x_wconf 85' lang='lat' dir='ltr'><strong><em>regem,</em></strong></span> <span class='ocrx_word' id='word_1_550' title='bbox 3369 2719 3598 2791; x_wconf 74' lang='lat' dir='ltr'><strong><em>angelos</em></strong></span> 
     </span>
     <span class='ocr_line' id='line_1_73' title="bbox 2010 2802 3593 2881; baseline 0.008 -23"><span class='ocrx_word' id='word_1_551' title='bbox 2010 2802 2170 2874; x_wconf 88' lang='lat' dir='ltr'><strong><em>quasi</em></strong></span> <span class='ocrx_word' id='word_1_552' title='bbox 2198 2804 2399 2863; x_wconf 87' lang='lat' dir='ltr'><strong><em>milites</em></strong></span> <span class='ocrx_word' id='word_1_553' title='bbox 2425 2804 2601 2862; x_wconf 76' lang='lat' dir='ltr'><strong><em>forma</em></strong></span> <span class='ocrx_word' id='word_1_554' title='bbox 2630 2807 2981 2878; x_wconf 85' lang='lat' dir='ltr'><strong><em>conspicuos,</em></strong></span> <span class='ocrx_word' id='word_1_555' title='bbox 3010 2818 3160 2866; x_wconf 79' lang='lat' dir='ltr'><strong><em>veste</em></strong></span> <span class='ocrx_word' id='word_1_556' title='bbox 3190 2811 3502 2881; x_wconf 72' lang='lat' dir='ltr'><strong><em>splendidos</em></strong></span> <span class='ocrx_word' id='word_1_557' title='bbox 3532 2812 3593 2871; x_wconf 82' lang='lat' dir='ltr'><strong><em>iu</em></strong></span> 
     </span>
     <span class='ocr_line' id='line_1_74' title="bbox 2010 2894 3595 2969; baseline 0.007 -20"><span class='ocrx_word' id='word_1_558' title='bbox 2010 2894 2197 2952; x_wconf 85' lang='lat' dir='ltr'><strong><em>animo</em></strong></span> <span class='ocrx_word' id='word_1_559' title='bbox 2222 2895 2454 2967; x_wconf 80' lang='lat' dir='ltr'><strong><em>fingunt,</em></strong></span> <span class='ocrx_word' id='word_1_560' title='bbox 2479 2898 2559 2954; x_wconf 85' lang='lat' dir='ltr'><strong><em>vel</em></strong></span> <span class='ocrx_word' id='word_1_561' title='bbox 2582 2899 2677 2969; x_wconf 91' lang='lat' dir='ltr'><strong><em>qui</em></strong></span> <span class='ocrx_word' id='word_1_562' title='bbox 2706 2896 2914 2956; x_wconf 79' lang='lat' dir='ltr'><strong><em>formas</em></strong></span> <span class='ocrx_word' id='word_1_563' title='bbox 2945 2901 3240 2960; x_wconf 81' lang='lat' dir='ltr'><strong><em>mulierum</em></strong></span> <span class='ocrx_word' id='word_1_564' title='bbox 3268 2902 3595 2960; x_wconf 82' lang='lat' dir='ltr'><strong><em>delectando</em></strong></span> 
     </span>
     <span class='ocr_line' id='line_1_75' title="bbox 2010 2985 3590 3061; baseline 0.004 -17"><span class='ocrx_word' id='word_1_565' title='bbox 2010 2985 2065 3044; x_wconf 87' lang='lat' dir='ltr'><strong><em>in</em></strong></span> <span class='ocrx_word' id='word_1_566' title='bbox 2090 2994 2275 3044; x_wconf 89' lang='lat' dir='ltr'><strong><em>mente</em></strong></span> <span class='ocrx_word' id='word_1_567' title='bbox 2324 2987 2659 3061; x_wconf 86' lang='lat' dir='ltr'><strong><em>concipiunt.</em></strong></span> <span class='ocrx_word' id='word_1_568' title='bbox 2715 2988 3065 3061; x_wconf 75' lang='lat' dir='ltr'><strong><em>Infirmitates</em></strong></span> <span class='ocrx_word' id='word_1_569' title='bbox 3106 3008 3235 3049; x_wconf 81' lang='lat' dir='ltr'><strong><em>vero</em></strong></span> <span class='ocrx_word' id='word_1_570' title='bbox 3278 3003 3408 3049; x_wconf 80' lang='lat' dir='ltr'><strong><em>sunt</em></strong></span> <span class='ocrx_word' id='word_1_571' title='bbox 3451 2994 3590 3056; x_wconf 77' lang='lat' dir='ltr'><strong><em>varii</em></strong></span> 
     </span>
     <span class='ocr_line' id='line_1_76' title="bbox 2006 3079 3584 3155; baseline 0.006 -20"><span class='ocrx_word' id='word_1_572' title='bbox 2006 3079 2253 3138; x_wconf 81' lang='lat' dir='ltr'><strong><em>desectus</em></strong></span> <span class='ocrx_word' id='word_1_573' title='bbox 2280 3090 2338 3138; x_wconf 90' lang='lat' dir='ltr'><strong><em>et</em></strong></span> <span class='ocrx_word' id='word_1_574' title='bbox 2360 3082 2564 3139; x_wconf 81' lang='lat' dir='ltr'><strong><em>diversi</em></strong></span> <span class='ocrx_word' id='word_1_575' title='bbox 2585 3084 2823 3149; x_wconf 86' lang='lat' dir='ltr'><strong><em>dolores,</em></strong></span> <span class='ocrx_word' id='word_1_576' title='bbox 2850 3085 2944 3155; x_wconf 91' lang='lat' dir='ltr'><strong><em>qui</em></strong></span> <span class='ocrx_word' id='word_1_577' title='bbox 2968 3101 3189 3141; x_wconf 87' lang='lat' dir='ltr'><strong><em>carnem</em></strong></span> <span class='ocrx_word' id='word_1_578' title='bbox 3231 3098 3584 3145; x_wconf 87' lang='lat' dir='ltr'><strong><em>consumunt.</em></strong></span> 
     </span>
     <span class='ocr_line' id='line_1_77' title="bbox 2006 3172 3589 3250; baseline 0.006 -22"><span class='ocrx_word' id='word_1_579' title='bbox 2006 3172 2066 3229; x_wconf 91' lang='lat' dir='ltr'><strong><em>ln</em></strong></span> <span class='ocrx_word' id='word_1_580' title='bbox 2087 3172 2195 3231; x_wconf 82' lang='lat' dir='ltr'><strong><em>alia</em></strong></span> <span class='ocrx_word' id='word_1_581' title='bbox 2218 3173 2575 3231; x_wconf 87' lang='lat' dir='ltr'><strong><em>translatione</em></strong></span> <span class='ocrx_word' id='word_1_582' title='bbox 2596 3175 2861 3233; x_wconf 87' lang='lat' dir='ltr'><strong><em>babetur:</em></strong></span> <span class='ocrx_word' id='word_1_583' title='bbox 2892 3176 3083 3231; x_wconf 78' lang='lat' dir='ltr'><strong><em>Lumbi</em></strong></span> <span class='ocrx_word' id='word_1_584' title='bbox 3111 3181 3213 3234; x_wconf 86' lang='lat' dir='ltr'><strong><em>mei</em></strong></span> <span class='ocrx_word' id='word_1_585' title='bbox 3241 3181 3446 3250; x_wconf 81' lang='lat' dir='ltr'><strong><em>impteti</em></strong></span> <span class='ocrx_word' id='word_1_586' title='bbox 3465 3191 3589 3237; x_wconf 70' lang='lat' dir='ltr'><strong><em>suut</em></strong></span> 
     </span>
     <span class='ocr_line' id='line_1_78' title="bbox 2006 3262 3591 3339; baseline 0.003 -19"><span class='ocrx_word' id='word_1_587' title='bbox 2006 3262 2365 3324; x_wconf 73' lang='lat' dir='ltr'><strong><em>illusionibus.</em></strong></span> <span class='ocrx_word' id='word_1_588' title='bbox 2402 3264 2508 3323; x_wconf 82' lang='lat' dir='ltr'><strong><em>Per</em></strong></span> <span class='ocrx_word' id='word_1_589' title='bbox 2526 3264 2729 3322; x_wconf 81' lang='lat' dir='ltr'><strong><em>lumbos</em></strong></span> <span class='ocrx_word' id='word_1_590' title='bbox 2779 3266 3099 3339; x_wconf 78' lang='lat' dir='ltr'><strong><em>intelligitur</em></strong></span> <span class='ocrx_word' id='word_1_591' title='bbox 3152 3269 3396 3325; x_wconf 82' lang='lat' dir='ltr'><strong><em>carnalis</em></strong></span> <span class='ocrx_word' id='word_1_592' title='bbox 3443 3270 3591 3325; x_wconf 83' lang='lat' dir='ltr'><strong><em>dele-</em></strong></span> 
     </span>
     <span class='ocr_line' id='line_1_79' title="bbox 2005 3355 3440 3429; baseline 0.003 -17"><span class='ocrx_word' id='word_1_593' title='bbox 2005 3355 2191 3425; x_wconf 88' lang='lat' dir='ltr'><strong><em>ctatio,</em></strong></span> <span class='ocrx_word' id='word_1_594' title='bbox 2221 3371 2388 3429; x_wconf 86' lang='lat' dir='ltr'><strong><em>quam</em></strong></span> <span class='ocrx_word' id='word_1_595' title='bbox 2422 3357 2743 3416; x_wconf 88' lang='lat' dir='ltr'><strong><em>multimoda</em></strong></span> <span class='ocrx_word' id='word_1_596' title='bbox 2764 3358 2943 3416; x_wconf 88' lang='lat' dir='ltr'><strong><em>illudit</em></strong></span> <span class='ocrx_word' id='word_1_597' title='bbox 2972 3361 3155 3417; x_wconf 85' lang='lat' dir='ltr'><strong><em>carnis</em></strong></span> <span class='ocrx_word' id='word_1_598' title='bbox 3182 3360 3440 3418; x_wconf 85' lang='lat' dir='ltr'><strong><em>titillatio.</em></strong></span> 
     </span>
    </p>
   </div>
   <div class='ocr_carea' id='block_1_12' title="bbox 2079 3444 3691 3520">
    <p class='ocr_par' dir='ltr' id='par_1_18' title="bbox 2079 3444 3691 3520">
     <span class='ocr_line' id='line_1_80' title="bbox 2079 3444 3691 3520; baseline 0.012 -22"><span class='ocrx_word' id='word_1_599' title='bbox 2079 3444 2243 3504; x_wconf 72' lang='lat' dir='ltr'><strong><em>Vens.</em></strong></span> <span class='ocrx_word' id='word_1_600' title='bbox 2271 3448 2327 3505; x_wconf 83' lang='lat'><strong><em>9.</em></strong></span> <span class='ocrx_word' id='word_1_601' title='bbox 2353 3447 2589 3520; x_wconf 76' lang='lat' dir='ltr'><strong><em>Amictus</em></strong></span> <span class='ocrx_word' id='word_1_602' title='bbox 2610 3465 2726 3506; x_wconf 83' lang='lat' dir='ltr'><strong><em>sum</em></strong></span> <span class='ocrx_word' id='word_1_603' title='bbox 2747 3449 2800 3505; x_wconf 92' lang='lat' dir='ltr'><strong><em>in</em></strong></span> <span class='ocrx_word' id='word_1_604' title='bbox 2830 3451 3037 3517; x_wconf 86' lang='lat' dir='ltr'><strong><em>animo,</em></strong></span> <span class='ocrx_word' id='word_1_605' title='bbox 3063 3462 3114 3507; x_wconf 86' lang='lat' dir='ltr'><strong><em>et</em></strong></span> <span class='ocrx_word' id='word_1_606' title='bbox 3133 3452 3444 3509; x_wconf 76' lang='lat' dir='ltr'><strong><em>ltumiliatus</em></strong></span> <span class='ocrx_word' id='word_1_607' title='bbox 3467 3471 3588 3515; x_wconf 72' lang='lat' dir='ltr'><strong><em>sum</em></strong></span> <span class='ocrx_word' id='word_1_608' title='bbox 3685 3511 3691 3516; x_wconf 89' lang='lat'><strong><em>.</em></strong></span> 
     </span>
    </p>
   </div>
   <div class='ocr_carea' id='block_1_13' title="bbox 1998 3540 3587 4358">
    <p class='ocr_par' dir='ltr' id='par_1_19' title="bbox 1998 3540 3587 4358">
     <span class='ocr_line' id='line_1_81' title="bbox 2003 3540 3585 3615; baseline 0.004 -20"><span class='ocrx_word' id='word_1_609' title='bbox 2003 3541 2166 3596; x_wconf 62' lang='lat' dir='ltr'><strong><em>:timis</em></strong></span> <span class='ocrx_word' id='word_1_610' title='bbox 2192 3540 2248 3595; x_wconf 89' lang='lat' dir='ltr'><strong><em>in</em></strong></span> <span class='ocrx_word' id='word_1_611' title='bbox 2278 3540 2461 3598; x_wconf 87' lang='lat' dir='ltr'><strong><em>cinere</em></strong></span> <span class='ocrx_word' id='word_1_612' title='bbox 2480 3550 2536 3597; x_wconf 93' lang='lat' dir='ltr'><strong><em>et</em></strong></span> <span class='ocrx_word' id='word_1_613' title='bbox 2561 3542 2762 3602; x_wconf 84' lang='lat' dir='ltr'><strong><em>cilicio,</em></strong></span> <span class='ocrx_word' id='word_1_614' title='bbox 2790 3542 3032 3614; x_wconf 77' lang='lat' dir='ltr'><strong><em>Afflictus</em></strong></span> <span class='ocrx_word' id='word_1_615' title='bbox 3051 3561 3168 3602; x_wconf 82' lang='lat' dir='ltr'><strong><em>sum</em></strong></span> <span class='ocrx_word' id='word_1_616' title='bbox 3190 3545 3351 3603; x_wconf 88' lang='lat' dir='ltr'><strong><em>malis</em></strong></span> <span class='ocrx_word' id='word_1_617' title='bbox 3371 3547 3585 3615; x_wconf 85' lang='lat' dir='ltr'><strong><em>mundi,</em></strong></span> 
     </span>
     <span class='ocr_line' id='line_1_82' title="bbox 2002 3629 3583 3706; baseline 0.006 -20"><span class='ocrx_word' id='word_1_618' title='bbox 2002 3640 2054 3686; x_wconf 90' lang='lat' dir='ltr'><strong><em>et</em></strong></span> <span class='ocrx_word' id='word_1_619' title='bbox 2091 3629 2405 3687; x_wconf 76' lang='lat' dir='ltr'><strong><em>humiliatus</em></strong></span> <span class='ocrx_word' id='word_1_620' title='bbox 2425 3648 2543 3685; x_wconf 84' lang='lat' dir='ltr'><strong><em>sum</em></strong></span> <span class='ocrx_word' id='word_1_621' title='bbox 2569 3632 2639 3689; x_wconf 90' lang='lat' dir='ltr'><strong><em>ab</em></strong></span> <span class='ocrx_word' id='word_1_622' title='bbox 2661 3633 2771 3688; x_wconf 88' lang='lat' dir='ltr'><strong><em>alta</em></strong></span> <span class='ocrx_word' id='word_1_623' title='bbox 2821 3635 2994 3706; x_wconf 86' lang='lat' dir='ltr'><strong><em>gloria</em></strong></span> <span class='ocrx_word' id='word_1_624' title='bbox 3024 3637 3185 3693; x_wconf 82' lang='lat' dir='ltr'><strong><em>coeli:</em></strong></span> <span class='ocrx_word' id='word_1_625' title='bbox 3238 3638 3444 3695; x_wconf 85' lang='lat' dir='ltr'><strong><em>idcirco</em></strong></span> <span class='ocrx_word' id='word_1_626' title='bbox 3484 3656 3583 3696; x_wconf 72' lang='lat' dir='ltr'><strong><em>ru-</em></strong></span> 
     </span>
     <span class='ocr_line' id='line_1_83' title="bbox 2003 3724 3583 3801; baseline 0.004 -20"><span class='ocrx_word' id='word_1_627' title='bbox 2003 3724 2208 3795; x_wconf 77' lang='lat' dir='ltr'><strong><em>qt‘ebant</em></strong></span> <span class='ocrx_word' id='word_1_628' title='bbox 2254 3740 2287 3778; x_wconf 91' lang='lat' dir='ltr'><strong><em>a</em></strong></span> <span class='ocrx_word' id='word_1_629' title='bbox 2315 3724 2512 3795; x_wconf 66' lang='lat' dir='ltr'><strong><em>gemitu</em></strong></span> <span class='ocrx_word' id='word_1_630' title='bbox 2561 3726 2736 3782; x_wconf 86' lang='lat' dir='ltr'><strong><em>cordis</em></strong></span> <span class='ocrx_word' id='word_1_631' title='bbox 2777 3727 2897 3786; x_wconf 83' lang='lat' dir='ltr'><strong><em>ntei.</em></strong></span> <span class='ocrx_word' id='word_1_632' title='bbox 2938 3726 2981 3781; x_wconf 79' lang='lat' dir='ltr'><strong><em>A</em></strong></span> <span class='ocrx_word' id='word_1_633' title='bbox 3010 3730 3204 3801; x_wconf 76' lang='lat' dir='ltr'><strong><em>yemitu</em></strong></span> <span class='ocrx_word' id='word_1_634' title='bbox 3234 3732 3430 3801; x_wconf 70' lang='lat' dir='ltr'><strong><em>cordis,</em></strong></span> <span class='ocrx_word' id='word_1_635' title='bbox 3472 3748 3583 3788; x_wconf 86' lang='lat' dir='ltr'><strong><em>uon</em></strong></span> 
     </span>
     <span class='ocr_line' id='line_1_84' title="bbox 2002 3817 3587 3893; baseline 0.006 -19"><span class='ocrx_word' id='word_1_636' title='bbox 2002 3817 2251 3890; x_wconf 85' lang='lat' dir='ltr'><strong><em>corporis</em></strong></span> <span class='ocrx_word' id='word_1_637' title='bbox 2279 3819 2445 3893; x_wconf 85' lang='lat' dir='ltr'><strong><em>rugit,</em></strong></span> <span class='ocrx_word' id='word_1_638' title='bbox 2467 3819 2562 3890; x_wconf 88' lang='lat' dir='ltr'><strong><em>qui</em></strong></span> <span class='ocrx_word' id='word_1_639' title='bbox 2589 3820 2985 3877; x_wconf 86' lang='lat' dir='ltr'><strong><em>vehementiam</em></strong></span> <span class='ocrx_word' id='word_1_640' title='bbox 3014 3823 3220 3882; x_wconf 88' lang='lat' dir='ltr'><strong><em>doloris</em></strong></span> <span class='ocrx_word' id='word_1_641' title='bbox 3246 3839 3355 3882; x_wconf 88' lang='lat' dir='ltr'><strong><em>non</em></strong></span> <span class='ocrx_word' id='word_1_642' title='bbox 3397 3825 3587 3884; x_wconf 78' lang='lat' dir='ltr'><strong><em>valens</em></strong></span> 
     </span>
     <span class='ocr_line' id='line_1_85' title="bbox 2002 3909 3583 3984; baseline 0.009 -20"><span class='ocrx_word' id='word_1_643' title='bbox 2002 3925 2137 3967; x_wconf 72' lang='lat' dir='ltr'><strong><em>voce</em></strong></span> <span class='ocrx_word' id='word_1_644' title='bbox 2164 3909 2407 3984; x_wconf 80' lang='lat' dir='ltr'><strong><em>proferre</em></strong></span> <span class='ocrx_word' id='word_1_645' title='bbox 2429 3912 2685 3984; x_wconf 83' lang='lat' dir='ltr'><strong><em>lacrymis</em></strong></span> <span class='ocrx_word' id='word_1_646' title='bbox 2720 3912 2969 3980; x_wconf 83' lang='lat' dir='ltr'><strong><em>tabescit,</em></strong></span> <span class='ocrx_word' id='word_1_647' title='bbox 2997 3922 3051 3970; x_wconf 88' lang='lat' dir='ltr'><strong><em>et</em></strong></span> <span class='ocrx_word' id='word_1_648' title='bbox 3073 3915 3347 3973; x_wconf 90' lang='lat' dir='ltr'><strong><em>interdum</em></strong></span> <span class='ocrx_word' id='word_1_649' title='bbox 3387 3932 3583 3979; x_wconf 77' lang='lat' dir='ltr'><strong><em>vocem</em></strong></span> 
     </span>
     <span class='ocr_line' id='line_1_86' title="bbox 2002 4004 3581 4082; baseline 0.004 -23"><span class='ocrx_word' id='word_1_650' title='bbox 2002 4005 2333 4062; x_wconf 87' lang='lat' dir='ltr'><strong><em>inconditam</em></strong></span> <span class='ocrx_word' id='word_1_651' title='bbox 2356 4004 2573 4062; x_wconf 87' lang='lat' dir='ltr'><strong><em>emittit.</em></strong></span> <span class='ocrx_word' id='word_1_652' title='bbox 2607 4005 2843 4061; x_wconf 78' lang='lat' dir='ltr'><strong><em>Gemitus</em></strong></span> <span class='ocrx_word' id='word_1_653' title='bbox 2898 4007 3100 4065; x_wconf 88' lang='lat' dir='ltr'><strong><em>dicitur</em></strong></span> <span class='ocrx_word' id='word_1_654' title='bbox 3153 4012 3309 4082; x_wconf 88' lang='lat' dir='ltr'><strong><em>quasi</em></strong></span> <span class='ocrx_word' id='word_1_655' title='bbox 3344 4011 3581 4082; x_wconf 64' lang='lat' dir='ltr'><strong><em>geminus</em></strong></span> 
     </span>
     <span class='ocr_line' id='line_1_87' title="bbox 2000 4097 3583 4173; baseline 0.006 -20"><span class='ocrx_word' id='word_1_656' title='bbox 2000 4098 2195 4154; x_wconf 73' lang='lat' dir='ltr'><strong><em>luctus.</em></strong></span> <span class='ocrx_word' id='word_1_657' title='bbox 2219 4097 2459 4156; x_wconf 74' lang='lat' dir='ltr'><strong><em>Gemitus</em></strong></span> <span class='ocrx_word' id='word_1_658' title='bbox 2494 4100 2743 4173; x_wconf 86' lang='lat' dir='ltr'><strong><em>corporis</em></strong></span> <span class='ocrx_word' id='word_1_659' title='bbox 2764 4109 2848 4157; x_wconf 90' lang='lat' dir='ltr'><strong><em>est</em></strong></span> <span class='ocrx_word' id='word_1_660' title='bbox 2876 4117 2978 4173; x_wconf 89' lang='lat' dir='ltr'><strong><em>pro</em></strong></span> <span class='ocrx_word' id='word_1_661' title='bbox 3003 4103 3256 4171; x_wconf 85' lang='lat' dir='ltr'><strong><em>terrenis,</em></strong></span> <span class='ocrx_word' id='word_1_662' title='bbox 3284 4119 3384 4173; x_wconf 86' lang='lat' dir='ltr'><strong><em>pro</em></strong></span> <span class='ocrx_word' id='word_1_663' title='bbox 3407 4114 3583 4162; x_wconf 86' lang='lat' dir='ltr'><strong><em>morte</em></strong></span> 
     </span>
     <span class='ocr_line' id='line_1_88' title="bbox 2000 4189 3583 4266; baseline 0.006 -22"><span class='ocrx_word' id='word_1_664' title='bbox 2000 4204 2245 4261; x_wconf 80' lang='lat' dir='ltr'><strong><em>gemere;</em></strong></span> <span class='ocrx_word' id='word_1_665' title='bbox 2281 4189 2517 4245; x_wconf 75' lang='lat' dir='ltr'><strong><em>Gemitus</em></strong></span> <span class='ocrx_word' id='word_1_666' title='bbox 2568 4190 2745 4247; x_wconf 80' lang='lat' dir='ltr'><strong><em>cordis</em></strong></span> <span class='ocrx_word' id='word_1_667' title='bbox 2783 4206 2884 4261; x_wconf 87' lang='lat' dir='ltr'><strong><em>pro</em></strong></span> <span class='ocrx_word' id='word_1_668' title='bbox 2933 4194 3173 4264; x_wconf 81' lang='lat' dir='ltr'><strong><em>peccatis</em></strong></span> <span class='ocrx_word' id='word_1_669' title='bbox 3224 4196 3458 4266; x_wconf 87' lang='lat' dir='ltr'><strong><em>propriis</em></strong></span> <span class='ocrx_word' id='word_1_670' title='bbox 3494 4194 3583 4253; x_wconf 74' lang='lat' dir='ltr'><strong><em>rel</em></strong></span> 
     </span>
     <span class='ocr_line' id='line_1_89' title="bbox 1998 4280 3583 4358; baseline 0.004 -22"><span class='ocrx_word' id='word_1_671' title='bbox 1998 4282 2234 4339; x_wconf 86' lang='lat' dir='ltr'><strong><em>aliorum</em></strong></span> <span class='ocrx_word' id='word_1_672' title='bbox 2265 4281 2424 4338; x_wconf 83' lang='lat' dir='ltr'><strong><em>fletus</em></strong></span> <span class='ocrx_word' id='word_1_673' title='bbox 2446 4280 2719 4341; x_wconf 78' lang='lat' dir='ltr'><strong><em>Ecclesiae.</em></strong></span> <span class='ocrx_word' id='word_1_674' title='bbox 2744 4281 2882 4340; x_wconf 90' lang='lat' dir='ltr'><strong><em>Cum</em></strong></span> <span class='ocrx_word' id='word_1_675' title='bbox 2906 4285 3180 4357; x_wconf 85' lang='lat' dir='ltr'><strong><em>poeuitens</em></strong></span> <span class='ocrx_word' id='word_1_676' title='bbox 3209 4286 3453 4358; x_wconf 83' lang='lat' dir='ltr'><strong><em>ingemit,</em></strong></span> <span class='ocrx_word' id='word_1_677' title='bbox 3477 4287 3583 4343; x_wconf 84' lang='lat' dir='ltr'><strong><em>ali-</em></strong></span> 
     </span>
    </p>
   </div>
   <div class='ocr_carea' id='block_1_14' title="bbox 314 4373 3582 4449">
    <p class='ocr_par' dir='ltr' id='par_1_20' title="bbox 314 4373 3582 4449">
     <span class='ocr_line' id='line_1_90' title="bbox 314 4373 3582 4449; baseline 0.002 -17"><span class='ocrx_word' id='word_1_678' title='bbox 314 4391 406 4432; x_wconf 85' lang='lat' dir='ltr'><strong><em>ma</em></strong></span> <span class='ocrx_word' id='word_1_679' title='bbox 431 4375 571 4431; x_wconf 84' lang='lat' dir='ltr'><strong><em>victa</em></strong></span> <span class='ocrx_word' id='word_1_680' title='bbox 593 4376 923 4432; x_wconf 83' lang='lat' dir='ltr'><strong><em>succumbit.</em></strong></span> <span class='ocrx_word' id='word_1_681' title='bbox 949 4375 1121 4446; x_wconf 82' lang='lat' dir='ltr'><strong><em>Caput</em></strong></span> <span class='ocrx_word' id='word_1_682' title='bbox 1150 4377 1349 4432; x_wconf 67' lang='lat' dir='ltr'><strong><em>animae</em></strong></span> <span class='ocrx_word' id='word_1_683' title='bbox 1373 4387 1459 4432; x_wconf 87' lang='lat' dir='ltr'><strong><em>est</em></strong></span> <span class='ocrx_word' id='word_1_684' title='bbox 1491 4375 1653 4431; x_wconf 89' lang='lat' dir='ltr'><strong><em>ratio.</em></strong></span> <span class='ocrx_word' id='word_1_685' title='bbox 1683 4373 1890 4447; x_wconf 82' lang='lat' dir='ltr'><strong><em>Iniqui·</em></strong></span> <span class='ocrx_word' id='word_1_686' title='bbox 1925 4383 1971 4439; x_wconf 78' lang='grc' dir='ltr'><strong><em>ι)</em></strong></span> <span class='ocrx_word' id='word_1_687' title='bbox 1998 4375 2124 4448; x_wconf 87' lang='lat' dir='ltr'><strong><em>quis</em></strong></span> <span class='ocrx_word' id='word_1_688' title='bbox 2143 4374 2308 4431; x_wconf 85' lang='lat' dir='ltr'><strong><em>dicit:</em></strong></span> <span class='ocrx_word' id='word_1_689' title='bbox 2349 4375 2603 4433; x_wconf 82' lang='lat' dir='ltr'><strong><em>Forsitan</em></strong></span> <span class='ocrx_word' id='word_1_690' title='bbox 2648 4377 2753 4432; x_wconf 84' lang='lat' dir='ltr'><strong><em>boc</em></strong></span> <span class='ocrx_word' id='word_1_691' title='bbox 2801 4377 2888 4432; x_wconf 84' lang='lat' dir='ltr'><strong><em>vel</em></strong></span> <span class='ocrx_word' id='word_1_692' title='bbox 2938 4378 3045 4434; x_wconf 87' lang='lat' dir='ltr'><strong><em>hoc</em></strong></span> <span class='ocrx_word' id='word_1_693' title='bbox 3104 4380 3154 4435; x_wconf 90' lang='lat' dir='ltr'><strong><em>ei</em></strong></span> <span class='ocrx_word' id='word_1_694' title='bbox 3201 4380 3416 4449; x_wconf 87' lang='lat' dir='ltr'><strong><em>accidit,</em></strong></span> <span class='ocrx_word' id='word_1_695' title='bbox 3457 4381 3582 4437; x_wconf 83' lang='lat' dir='ltr'><strong><em>ideo</em></strong></span> 
     </span>
    </p>
   </div>
   <div class='ocr_carea' id='block_1_15' title="bbox 307 4467 1896 5743">
    <p class='ocr_par' dir='ltr' id='par_1_21' title="bbox 307 4467 1896 5257">
     <span class='ocr_line' id='line_1_91' title="bbox 314 4467 1896 4538; baseline 0.002 -17"><span class='ocrx_word' id='word_1_696' title='bbox 314 4475 452 4521; x_wconf 76' lang='lat' dir='ltr'><strong><em>tates</em></strong></span> <span class='ocrx_word' id='word_1_697' title='bbox 485 4481 642 4538; x_wconf 77' lang='lat' dir='ltr'><strong><em>super</em></strong></span> <span class='ocrx_word' id='word_1_698' title='bbox 685 4473 846 4536; x_wconf 81' lang='lat' dir='ltr'><strong><em>caput</em></strong></span> <span class='ocrx_word' id='word_1_699' title='bbox 868 4467 1085 4522; x_wconf 80' lang='lat' dir='ltr'><strong><em>elevant</em></strong></span> <span class='ocrx_word' id='word_1_700' title='bbox 1103 4482 1184 4532; x_wconf 86' lang='lat' dir='ltr'><strong><em>se,</em></strong></span> <span class='ocrx_word' id='word_1_701' title='bbox 1215 4482 1341 4525; x_wconf 85' lang='lat' dir='ltr'><strong><em>cum</em></strong></span> <span class='ocrx_word' id='word_1_702' title='bbox 1364 4467 1600 4537; x_wconf 81' lang='lat' dir='ltr'><strong><em>amplius</em></strong></span> <span class='ocrx_word' id='word_1_703' title='bbox 1627 4467 1731 4523; x_wconf 87' lang='lat' dir='ltr'><strong><em>sibi</em></strong></span> <span class='ocrx_word' id='word_1_704' title='bbox 1775 4469 1896 4524; x_wconf 79' lang='lat' dir='ltr'><strong><em>vin-</em></strong></span> 
     </span>
     <span class='ocr_line' id='line_1_92' title="bbox 312 4556 1894 4630; baseline 0.003 -17"><span class='ocrx_word' id='word_1_705' title='bbox 312 4556 501 4614; x_wconf 77' lang='lat' dir='ltr'><strong><em>dicant</em></strong></span> <span class='ocrx_word' id='word_1_706' title='bbox 525 4571 692 4628; x_wconf 89' lang='lat' dir='ltr'><strong><em>quam</em></strong></span> <span class='ocrx_word' id='word_1_707' title='bbox 714 4556 855 4615; x_wconf 85' lang='lat' dir='ltr'><strong><em>ratio</em></strong></span> <span class='ocrx_word' id='word_1_708' title='bbox 882 4558 967 4614; x_wconf 79' lang='lat' dir='ltr'><strong><em>vel</em></strong></span> <span class='ocrx_word' id='word_1_709' title='bbox 1016 4557 1231 4629; x_wconf 67' lang='lat' dir='ltr'><strong><em>,iustitia</em></strong></span> <span class='ocrx_word' id='word_1_710' title='bbox 1266 4558 1525 4630; x_wconf 85' lang='lat' dir='ltr'><strong><em>patiatur,</em></strong></span> <span class='ocrx_word' id='word_1_711' title='bbox 1550 4575 1675 4616; x_wconf 90' lang='lat' dir='ltr'><strong><em>cum</em></strong></span> <span class='ocrx_word' id='word_1_712' title='bbox 1711 4561 1894 4617; x_wconf 82' lang='lat' dir='ltr'><strong><em>anima</em></strong></span> 
     </span>
     <span class='ocr_line' id='line_1_93' title="bbox 313 4649 1895 4728; baseline 0.002 -22"><span class='ocrx_word' id='word_1_713' title='bbox 313 4649 782 4707; x_wconf 82' lang='lat' dir='ltr'><strong><em>irrationabilibus</em></strong></span> <span class='ocrx_word' id='word_1_714' title='bbox 811 4650 1055 4709; x_wconf 82' lang='lat' dir='ltr'><strong><em>motibus</em></strong></span> <span class='ocrx_word' id='word_1_715' title='bbox 1105 4652 1372 4723; x_wconf 76' lang='lat' dir='ltr'><strong><em>subjacet,</em></strong></span> <span class='ocrx_word' id='word_1_716' title='bbox 1401 4662 1457 4709; x_wconf 89' lang='lat' dir='ltr'><strong><em>et</em></strong></span> <span class='ocrx_word' id='word_1_717' title='bbox 1503 4654 1895 4728; x_wconf 83' lang='lat' dir='ltr'><strong><em>concupiscen-</em></strong></span> 
     </span>
     <span class='ocr_line' id='line_1_94' title="bbox 310 4740 1895 4817; baseline 0.002 -21"><span class='ocrx_word' id='word_1_718' title='bbox 310 4742 403 4798; x_wconf 69' lang='lat' dir='ltr'><strong><em>tias</em></strong></span> <span class='ocrx_word' id='word_1_719' title='bbox 425 4740 689 4796; x_wconf 83' lang='lat' dir='ltr'><strong><em>rationem</em></strong></span> <span class='ocrx_word' id='word_1_720' title='bbox 706 4741 953 4800; x_wconf 82' lang='lat' dir='ltr'><strong><em>vincunt.</em></strong></span> <span class='ocrx_word' id='word_1_721' title='bbox 983 4741 1134 4799; x_wconf 82' lang='lat' dir='ltr'><strong><em>Sicut</em></strong></span> <span class='ocrx_word' id='word_1_722' title='bbox 1155 4761 1286 4801; x_wconf 86' lang='lat' dir='ltr'><strong><em>onus</em></strong></span> <span class='ocrx_word' id='word_1_723' title='bbox 1308 4761 1463 4816; x_wconf 61' lang='lat' dir='ltr'><strong><em>grave</em></strong></span> <span class='ocrx_word' id='word_1_724' title='bbox 1484 4754 1717 4816; x_wconf 77' lang='lat' dir='ltr'><strong><em>qravatoe</em></strong></span> <span class='ocrx_word' id='word_1_725' title='bbox 1738 4762 1895 4817; x_wconf 85' lang='lat' dir='ltr'><strong><em>super</em></strong></span> 
     </span>
     <span class='ocr_line' id='line_1_95' title="bbox 312 4834 1894 4908; baseline 0.003 -21"><span class='ocrx_word' id='word_1_726' title='bbox 312 4849 414 4897; x_wconf 83' lang='lat' dir='ltr'><strong><em>mc,</em></strong></span> <span class='ocrx_word' id='word_1_727' title='bbox 451 4834 712 4904; x_wconf 85' lang='lat' dir='ltr'><strong><em>quoniam</em></strong></span> <span class='ocrx_word' id='word_1_728' title='bbox 735 4842 957 4908; x_wconf 83' lang='lat' dir='ltr'><strong><em>peccata</em></strong></span> <span class='ocrx_word' id='word_1_729' title='bbox 979 4834 1131 4891; x_wconf 75' lang='lat' dir='ltr'><strong><em>velut</em></strong></span> <span class='ocrx_word' id='word_1_730' title='bbox 1184 4835 1465 4906; x_wconf 86' lang='lat' dir='ltr'><strong><em>plumbum</em></strong></span> <span class='ocrx_word' id='word_1_731' title='bbox 1497 4836 1755 4893; x_wconf 85' lang='lat' dir='ltr'><strong><em>deorsum</em></strong></span> <span class='ocrx_word' id='word_1_732' title='bbox 1798 4836 1894 4892; x_wconf 83' lang='lat' dir='ltr'><strong><em>de-</em></strong></span> 
     </span>
     <span class='ocr_line' id='line_1_96' title="bbox 309 4925 1892 5005; baseline 0.004 -26"><span class='ocrx_word' id='word_1_733' title='bbox 309 4925 556 4996; x_wconf 79' lang='lat' dir='ltr'><strong><em>primunt</em></strong></span> <span class='ocrx_word' id='word_1_734' title='bbox 574 4942 639 4982; x_wconf 81' lang='lat' dir='ltr'><strong><em>ac</em></strong></span> <span class='ocrx_word' id='word_1_735' title='bbox 658 4926 998 4999; x_wconf 78' lang='lat' dir='ltr'><strong><em>demergunt.</em></strong></span> <span class='ocrx_word' id='word_1_736' title='bbox 1024 4926 1126 4995; x_wconf 81' lang='lat' dir='ltr'><strong><em>Qui</em></strong></span> <span class='ocrx_word' id='word_1_737' title='bbox 1147 4928 1292 4985; x_wconf 85' lang='lat' dir='ltr'><strong><em>euim</em></strong></span> <span class='ocrx_word' id='word_1_738' title='bbox 1321 4930 1692 5005; x_wconf 77' lang='lat' dir='ltr'><strong><em>iniquitatibus</em></strong></span> <span class='ocrx_word' id='word_1_739' title='bbox 1713 4932 1892 4995; x_wconf 73' lang='lat' dir='ltr'><strong><em>eleva·</em></strong></span> 
     </span>
     <span class='ocr_line' id='line_1_97' title="bbox 307 5019 1892 5094; baseline 0.004 -20"><span class='ocrx_word' id='word_1_740' title='bbox 307 5030 423 5085; x_wconf 84' lang='lat' dir='ltr'><strong><em>tur,</em></strong></span> <span class='ocrx_word' id='word_1_741' title='bbox 443 5034 610 5075; x_wconf 85' lang='lat' dir='ltr'><strong><em>onere</em></strong></span> <span class='ocrx_word' id='word_1_742' title='bbox 631 5019 982 5089; x_wconf 79' lang='lat' dir='ltr'><strong><em>afflictionum</em></strong></span> <span class='ocrx_word' id='word_1_743' title='bbox 1031 5032 1302 5092; x_wconf 65' lang='lat' dir='ltr'><strong><em>gravatur.</em></strong></span> <span class='ocrx_word' id='word_1_744' title='bbox 1349 5022 1608 5094; x_wconf 86' lang='lat' dir='ltr'><strong><em>Sequitur</em></strong></span> <span class='ocrx_word' id='word_1_745' title='bbox 1652 5039 1756 5080; x_wconf 79' lang='lat' dir='ltr'><strong><em>vox</em></strong></span> <span class='ocrx_word' id='word_1_746' title='bbox 1797 5038 1892 5080; x_wconf 80' lang='lat' dir='ltr'><strong><em>eo·</em></strong></span> 
     </span>
     <span class='ocr_line' id='line_1_98' title="bbox 309 5112 1889 5186; baseline 0.002 -20"><span class='ocrx_word' id='word_1_747' title='bbox 309 5126 457 5176; x_wconf 82' lang='lat' dir='ltr'><strong><em>rum,</em></strong></span> <span class='ocrx_word' id='word_1_748' title='bbox 497 5112 591 5182; x_wconf 92' lang='lat' dir='ltr'><strong><em>qui</em></strong></span> <span class='ocrx_word' id='word_1_749' title='bbox 651 5121 773 5183; x_wconf 88' lang='lat' dir='ltr'><strong><em>post</em></strong></span> <span class='ocrx_word' id='word_1_750' title='bbox 821 5113 1194 5186; x_wconf 83' lang='lat' dir='ltr'><strong><em>poenitentiam</em></strong></span> <span class='ocrx_word' id='word_1_751' title='bbox 1245 5114 1312 5170; x_wconf 86' lang='lat' dir='ltr'><strong><em>ad</em></strong></span> <span class='ocrx_word' id='word_1_752' title='bbox 1369 5116 1631 5172; x_wconf 81' lang='lat' dir='ltr'><strong><em>vomitum</em></strong></span> <span class='ocrx_word' id='word_1_753' title='bbox 1689 5116 1889 5186; x_wconf 84' lang='lat' dir='ltr'><strong><em>relapsi</em></strong></span> 
     </span>
     <span class='ocr_line' id='line_1_99' title="bbox 309 5210 458 5257; baseline -0.007 0"><span class='ocrx_word' id='word_1_754' title='bbox 309 5210 458 5257; x_wconf 83' lang='lat' dir='ltr'><strong><em>sunt.</em></strong></span> 
     </span>
    </p>

    <p class='ocr_par' dir='ltr' id='par_1_22' title="bbox 310 5292 1887 5743">
     <span class='ocr_line' id='line_1_100' title="bbox 387 5292 1886 5370; baseline 0.009 -23"><span class='ocrx_word' id='word_1_755' title='bbox 387 5292 549 5352; x_wconf 72' lang='lat' dir='ltr'><strong><em>Vens,</em></strong></span> <span class='ocrx_word' id='word_1_756' title='bbox 580 5296 633 5351; x_wconf 81' lang='lat'><strong><em>6.</em></strong></span> <span class='ocrx_word' id='word_1_757' title='bbox 664 5295 990 5354; x_wconf 71' lang='lat' dir='ltr'><strong><em>putruerunt</em></strong></span> <span class='ocrx_word' id='word_1_758' title='bbox 1019 5307 1069 5353; x_wconf 87' lang='lat' dir='ltr'><strong><em>et</em></strong></span> <span class='ocrx_word' id='word_1_759' title='bbox 1120 5309 1382 5370; x_wconf 66' lang='lat' dir='ltr'><strong><em>corrupta·</em></strong></span> <span class='ocrx_word' id='word_1_760' title='bbox 1437 5311 1560 5355; x_wconf 83' lang='lat' dir='ltr'><strong><em>sunt</em></strong></span> <span class='ocrx_word' id='word_1_761' title='bbox 1615 5302 1886 5359; x_wconf 80' lang='lat' dir='ltr'><strong><em>cicatrices</em></strong></span> 
     </span>
     <span class='ocr_line' id='line_1_101' title="bbox 310 5386 1887 5463; baseline 0.006 -22"><span class='ocrx_word' id='word_1_762' title='bbox 310 5403 456 5442; x_wconf 83' lang='lat' dir='ltr'><strong><em>meoe.</em></strong></span> <span class='ocrx_word' id='word_1_763' title='bbox 488 5386 592 5443; x_wconf 88' lang='lat' dir='ltr'><strong><em>Per</em></strong></span> <span class='ocrx_word' id='word_1_764' title='bbox 611 5390 853 5460; x_wconf 89' lang='lat' dir='ltr'><strong><em>quinque</em></strong></span> <span class='ocrx_word' id='word_1_765' title='bbox 881 5404 1074 5445; x_wconf 78' lang='lat' dir='ltr'><strong><em>versus</em></strong></span> <span class='ocrx_word' id='word_1_766' title='bbox 1130 5389 1516 5446; x_wconf 83' lang='lat' dir='ltr'><strong><em>describuntur</em></strong></span> <span class='ocrx_word' id='word_1_767' title='bbox 1571 5391 1662 5447; x_wconf 85' lang='lat' dir='ltr'><strong><em>hic</em></strong></span> <span class='ocrx_word' id='word_1_768' title='bbox 1710 5407 1887 5463; x_wconf 77' lang='lat' dir='ltr'><strong><em>poenae</em></strong></span> 
     </span>
     <span class='ocr_line' id='line_1_102' title="bbox 311 5480 1882 5554; baseline 0.006 -21"><span class='ocrx_word' id='word_1_769' title='bbox 311 5480 580 5547; x_wconf 83' lang='lat' dir='ltr'><strong><em>corporis,</em></strong></span> <span class='ocrx_word' id='word_1_770' title='bbox 612 5496 709 5552; x_wconf 88' lang='lat' dir='ltr'><strong><em>per</em></strong></span> <span class='ocrx_word' id='word_1_771' title='bbox 736 5481 978 5553; x_wconf 82' lang='lat' dir='ltr'><strong><em>quinque</em></strong></span> <span class='ocrx_word' id='word_1_772' title='bbox 1001 5482 1289 5554; x_wconf 83' lang='lat' dir='ltr'><strong><em>passiones</em></strong></span> <span class='ocrx_word' id='word_1_773' title='bbox 1306 5482 1521 5539; x_wconf 80' lang='lat' dir='ltr'><strong><em>animae.</em></strong></span> <span class='ocrx_word' id='word_1_774' title='bbox 1538 5482 1782 5539; x_wconf 78' lang='lat' dir='ltr'><strong><em>Cicatrix</em></strong></span> <span class='ocrx_word' id='word_1_775' title='bbox 1801 5485 1882 5541; x_wconf 86' lang='lat' dir='ltr'><strong><em>di-</em></strong></span> 
     </span>
     <span class='ocr_line' id='line_1_103' title="bbox 311 5567 1883 5638; baseline 0.007 -19"><span class='ocrx_word' id='word_1_776' title='bbox 311 5567 473 5633; x_wconf 83' lang='lat' dir='ltr'><strong><em>citur,</em></strong></span> <span class='ocrx_word' id='word_1_777' title='bbox 500 5570 643 5638; x_wconf 89' lang='lat' dir='ltr'><strong><em>quod</em></strong></span> <span class='ocrx_word' id='word_1_778' title='bbox 664 5569 718 5625; x_wconf 89' lang='lat' dir='ltr'><strong><em>in</em></strong></span> <span class='ocrx_word' id='word_1_779' title='bbox 758 5585 816 5627; x_wconf 88' lang='lat' dir='ltr'><strong><em>se</em></strong></span> <span class='ocrx_word' id='word_1_780' title='bbox 837 5585 1040 5627; x_wconf 82' lang='lat' dir='ltr'><strong><em>caecum</em></strong></span> <span class='ocrx_word' id='word_1_781' title='bbox 1068 5571 1267 5636; x_wconf 74' lang='lat' dir='ltr'><strong><em>vulnus</em></strong></span> <span class='ocrx_word' id='word_1_782' title='bbox 1295 5573 1564 5629; x_wconf 86' lang='lat' dir='ltr'><strong><em>ostendat.</em></strong></span> <span class='ocrx_word' id='word_1_783' title='bbox 1597 5573 1883 5630; x_wconf 80' lang='lat' dir='ltr'><strong><em>Cicatrices</em></strong></span> 
     </span>
     <span class='ocr_line' id='line_1_104' title="bbox 310 5657 1881 5743; baseline 0.006 -27"><span class='ocrx_word' id='word_1_784' title='bbox 310 5657 487 5729; x_wconf 75' lang='lat' dir='ltr'><strong><em>itaque</em></strong></span> <span class='ocrx_word' id='word_1_785' title='bbox 514 5663 928 5734; x_wconf 73' lang='lat' dir='ltr'><strong><em>praecedentium</em></strong></span> <span class='ocrx_word' id='word_1_786' title='bbox 955 5665 1240 5730; x_wconf 78' lang='lat' dir='ltr'><strong><em>vulnerum</em></strong></span> <span class='ocrx_word' id='word_1_787' title='bbox 1266 5676 1451 5727; x_wconf 84' lang='lat' dir='ltr'><strong><em>sancta</em></strong></span> <span class='ocrx_word' id='word_1_788' title='bbox 1484 5668 1707 5743; x_wconf 78' lang='lat' dir='ltr'><strong><em>vestigia</em></strong></span> <span class='ocrx_word' id='word_1_789' title='bbox 1733 5678 1881 5737; x_wconf 80' lang='lat' dir='ltr'><strong><em>sunt,</em></strong></span> 
     </span>
    </p>
   </div>
   <div class='ocr_carea' id='block_1_16' title="bbox 1986 4468 3575 5739">
    <p class='ocr_par' dir='ltr' id='par_1_23' title="bbox 1998 4468 2279 4525">
     <span class='ocr_line' id='line_1_105' title="bbox 1998 4468 2279 4525; baseline -0.011 0"><span class='ocrx_word' id='word_1_790' title='bbox 1998 4468 2279 4525; x_wconf 79' lang='lat' dir='ltr'><strong><em>subditur:</em></strong></span> 
     </span>
    </p>

    <p class='ocr_par' dir='ltr' id='par_1_24' title="bbox 1989 4559 3575 5467">
     <span class='ocr_line' id='line_1_106' title="bbox 2068 4559 3573 4629; baseline 0.001 -12"><span class='ocrx_word' id='word_1_791' title='bbox 2068 4559 2225 4618; x_wconf 75' lang='lat' dir='ltr'><strong><em>Vers.</em></strong></span> <span class='ocrx_word' id='word_1_792' title='bbox 2258 4560 2345 4615; x_wconf 82' lang='lat'><strong><em>1⁰.</em></strong></span> <span class='ocrx_word' id='word_1_793' title='bbox 2377 4560 2622 4629; x_wconf 80' lang='lat' dir='ltr'><strong><em>Domine,</em></strong></span> <span class='ocrx_word' id='word_1_794' title='bbox 2643 4569 2764 4617; x_wconf 84' lang='lat' dir='ltr'><strong><em>ante</em></strong></span> <span class='ocrx_word' id='word_1_795' title='bbox 2793 4572 2842 4617; x_wconf 88' lang='lat' dir='ltr'><strong><em>te</em></strong></span> <span class='ocrx_word' id='word_1_796' title='bbox 2865 4578 3016 4617; x_wconf 77' lang='lat' dir='ltr'><strong><em>omne</em></strong></span> <span class='ocrx_word' id='word_1_797' title='bbox 3044 4562 3363 4621; x_wconf 75' lang='lat' dir='ltr'><strong><em>desiderium</em></strong></span> <span class='ocrx_word' id='word_1_798' title='bbox 3384 4580 3573 4619; x_wconf 67' lang='lat' dir='ltr'><strong><em>meniu.</em></strong></span> 
     </span>
     <span class='ocr_line' id='line_1_107' title="bbox 1996 4651 3574 4720; baseline 0.001 -14"><span class='ocrx_word' id='word_1_799' title='bbox 1996 4651 2116 4708; x_wconf 82' lang='lat' dir='ltr'><strong><em>Non</em></strong></span> <span class='ocrx_word' id='word_1_800' title='bbox 2141 4659 2268 4707; x_wconf 86' lang='lat' dir='ltr'><strong><em>ante</em></strong></span> <span class='ocrx_word' id='word_1_801' title='bbox 2296 4652 2568 4720; x_wconf 84' lang='lat' dir='ltr'><strong><em>homines,</em></strong></span> <span class='ocrx_word' id='word_1_802' title='bbox 2589 4667 2700 4707; x_wconf 89' lang='lat' dir='ltr'><strong><em>non</em></strong></span> <span class='ocrx_word' id='word_1_803' title='bbox 2728 4659 2964 4717; x_wconf 86' lang='lat' dir='ltr'><strong><em>terrena,</em></strong></span> <span class='ocrx_word' id='word_1_804' title='bbox 3000 4653 3095 4708; x_wconf 86' lang='lat' dir='ltr'><strong><em>sed</em></strong></span> <span class='ocrx_word' id='word_1_805' title='bbox 3137 4654 3379 4709; x_wconf 86' lang='lat' dir='ltr'><strong><em>coelestia</em></strong></span> <span class='ocrx_word' id='word_1_806' title='bbox 3426 4654 3574 4709; x_wconf 80' lang='lat' dir='ltr'><strong><em>desi-</em></strong></span> 
     </span>
     <span class='ocr_line' id='line_1_108' title="bbox 1996 4742 3572 4815; baseline 0 -15"><span class='ocrx_word' id='word_1_807' title='bbox 1996 4745 2149 4810; x_wconf 88' lang='lat' dir='ltr'><strong><em>dero,</em></strong></span> <span class='ocrx_word' id='word_1_808' title='bbox 2202 4753 2254 4799; x_wconf 87' lang='lat' dir='ltr'><strong><em>te</em></strong></span> <span class='ocrx_word' id='word_1_809' title='bbox 2303 4742 2487 4799; x_wconf 77' lang='lat' dir='ltr'><strong><em>videre</em></strong></span> <span class='ocrx_word' id='word_1_810' title='bbox 2541 4744 2895 4815; x_wconf 87' lang='lat' dir='ltr'><strong><em>concupisco.</em></strong></span> <span class='ocrx_word' id='word_1_811' title='bbox 2943 4742 3061 4799; x_wconf 86' lang='lat' dir='ltr'><strong><em>Non</em></strong></span> <span class='ocrx_word' id='word_1_812' title='bbox 3111 4760 3238 4801; x_wconf 90' lang='lat' dir='ltr'><strong><em>cum</em></strong></span> <span class='ocrx_word' id='word_1_813' title='bbox 3280 4745 3461 4814; x_wconf 89' lang='lat' dir='ltr'><strong><em>impiis</em></strong></span> <span class='ocrx_word' id='word_1_814' title='bbox 3518 4747 3572 4800; x_wconf 90' lang='lat' dir='ltr'><strong><em>in</em></strong></span> 
     </span>
     <span class='ocr_line' id='line_1_109' title="bbox 1995 4834 3574 4904; baseline 0.002 -13"><span class='ocrx_word' id='word_1_815' title='bbox 1995 4836 2203 4893; x_wconf 88' lang='lat' dir='ltr'><strong><em>mundo</em></strong></span> <span class='ocrx_word' id='word_1_816' title='bbox 2223 4837 2428 4894; x_wconf 82' lang='lat' dir='ltr'><strong><em>divitiis</em></strong></span> <span class='ocrx_word' id='word_1_817' title='bbox 2457 4837 2669 4904; x_wconf 86' lang='lat' dir='ltr'><strong><em>florere,</em></strong></span> <span class='ocrx_word' id='word_1_818' title='bbox 2702 4836 2797 4892; x_wconf 86' lang='lat' dir='ltr'><strong><em>sed</em></strong></span> <span class='ocrx_word' id='word_1_819' title='bbox 2823 4836 2880 4894; x_wconf 87' lang='lat' dir='ltr'><strong><em>in</em></strong></span> <span class='ocrx_word' id='word_1_820' title='bbox 2906 4836 3002 4891; x_wconf 89' lang='lat' dir='ltr'><strong><em>illo</em></strong></span> <span class='ocrx_word' id='word_1_821' title='bbox 3037 4834 3273 4892; x_wconf 74' lang='lat' dir='ltr'><strong><em>Sabbato</em></strong></span> <span class='ocrx_word' id='word_1_822' title='bbox 3323 4837 3574 4894; x_wconf 88' lang='lat' dir='ltr'><strong><em>desidero</em></strong></span> 
     </span>
     <span class='ocr_line' id='line_1_110' title="bbox 1995 4930 3571 5004; baseline -0.001 -18"><span class='ocrx_word' id='word_1_823' title='bbox 1995 4931 2357 5001; x_wconf 81' lang='lat' dir='ltr'><strong><em>requiescere.</em></strong></span> <span class='ocrx_word' id='word_1_824' title='bbox 2401 4930 2469 4985; x_wconf 84' lang='lat' dir='ltr'><strong><em>Et</em></strong></span> <span class='ocrx_word' id='word_1_825' title='bbox 2507 4932 2731 5004; x_wconf 64' lang='lat' dir='ltr'><strong><em>gemitus</em></strong></span> <span class='ocrx_word' id='word_1_826' title='bbox 2771 4944 2916 4984; x_wconf 70' lang='lat' dir='ltr'><strong><em>metes</em></strong></span> <span class='ocrx_word' id='word_1_827' title='bbox 2945 4939 3068 4984; x_wconf 84' lang='lat' dir='ltr'><strong><em>ante</em></strong></span> <span class='ocrx_word' id='word_1_828' title='bbox 3095 4940 3145 4985; x_wconf 86' lang='lat' dir='ltr'><strong><em>te</em></strong></span> <span class='ocrx_word' id='word_1_829' title='bbox 3204 4946 3308 4984; x_wconf 85' lang='lat' dir='ltr'><strong><em>non</em></strong></span> <span class='ocrx_word' id='word_1_830' title='bbox 3343 4941 3422 4985; x_wconf 81' lang='lat' dir='ltr'><strong><em>est</em></strong></span> <span class='ocrx_word' id='word_1_831' title='bbox 3444 4931 3571 4985; x_wconf 79' lang='lat' dir='ltr'><strong><em>ubs-</em></strong></span> 
     </span>
     <span class='ocr_line' id='line_1_111' title="bbox 1994 5022 3575 5095; baseline -0.001 -15"><span class='ocrx_word' id='word_1_832' title='bbox 1994 5026 2261 5089; x_wconf 77' lang='lat' dir='ltr'><strong><em>conditus,</em></strong></span> <span class='ocrx_word' id='word_1_833' title='bbox 2285 5025 2410 5081; x_wconf 87' lang='lat' dir='ltr'><strong><em>licet</em></strong></span> <span class='ocrx_word' id='word_1_834' title='bbox 2433 5026 2505 5080; x_wconf 85' lang='lat' dir='ltr'><strong><em>sit</em></strong></span> <span class='ocrx_word' id='word_1_835' title='bbox 2546 5024 2617 5080; x_wconf 82' lang='lat' dir='ltr'><strong><em>al)</em></strong></span> <span class='ocrx_word' id='word_1_836' title='bbox 2644 5023 2961 5081; x_wconf 82' lang='lat' dir='ltr'><strong><em>bominibus</em></strong></span> <span class='ocrx_word' id='word_1_837' title='bbox 2980 5022 3342 5079; x_wconf 78' lang='lat' dir='ltr'><strong><em>absconditus.</em></strong></span> <span class='ocrx_word' id='word_1_838' title='bbox 3374 5022 3467 5079; x_wconf 88' lang='lat' dir='ltr'><strong><em>llle</em></strong></span> <span class='ocrx_word' id='word_1_839' title='bbox 3492 5040 3575 5095; x_wconf 72' lang='lat' dir='ltr'><strong><em>ye-</em></strong></span> 
     </span>
     <span class='ocr_line' id='line_1_112' title="bbox 1992 5116 3569 5189; baseline 0.003 -18"><span class='ocrx_word' id='word_1_840' title='bbox 1992 5119 2153 5173; x_wconf 86' lang='lat' dir='ltr'><strong><em>mitus</em></strong></span> <span class='ocrx_word' id='word_1_841' title='bbox 2182 5135 2213 5177; x_wconf 85' lang='lat' dir='ltr'><strong><em>a</em></strong></span> <span class='ocrx_word' id='word_1_842' title='bbox 2241 5117 2352 5175; x_wconf 82' lang='lat' dir='ltr'><strong><em>Deo</em></strong></span> <span class='ocrx_word' id='word_1_843' title='bbox 2378 5132 2484 5173; x_wconf 89' lang='lat' dir='ltr'><strong><em>non</em></strong></span> <span class='ocrx_word' id='word_1_844' title='bbox 2520 5117 2896 5185; x_wconf 84' lang='lat' dir='ltr'><strong><em>absconditur,</em></strong></span> <span class='ocrx_word' id='word_1_845' title='bbox 2926 5116 3021 5189; x_wconf 87' lang='lat' dir='ltr'><strong><em>qui</em></strong></span> <span class='ocrx_word' id='word_1_846' title='bbox 3050 5132 3152 5188; x_wconf 85' lang='lat' dir='ltr'><strong><em>pro</em></strong></span> <span class='ocrx_word' id='word_1_847' title='bbox 3197 5118 3395 5173; x_wconf 77' lang='lat' dir='ltr'><strong><em>animae</em></strong></span> <span class='ocrx_word' id='word_1_848' title='bbox 3436 5117 3569 5175; x_wconf 83' lang='lat' dir='ltr'><strong><em>libo-</em></strong></span> 
     </span>
     <span class='ocr_line' id='line_1_113' title="bbox 1991 5206 3568 5282; baseline -0.002 -14"><span class='ocrx_word' id='word_1_849' title='bbox 1991 5212 2204 5268; x_wconf 80' lang='lat' dir='ltr'><strong><em>ratione</em></strong></span> <span class='ocrx_word' id='word_1_850' title='bbox 2236 5211 2549 5269; x_wconf 78' lang='lat' dir='ltr'><strong><em>effunditur.</em></strong></span> <span class='ocrx_word' id='word_1_851' title='bbox 2571 5211 2867 5282; x_wconf 80' lang='lat' dir='ltr'><strong><em>corporeis</em></strong></span> <span class='ocrx_word' id='word_1_852' title='bbox 2901 5209 3165 5267; x_wconf 82' lang='lat' dir='ltr'><strong><em>aerumnis</em></strong></span> <span class='ocrx_word' id='word_1_853' title='bbox 3189 5206 3438 5267; x_wconf 82' lang='lat' dir='ltr'><strong><em>flebiliter</em></strong></span> <span class='ocrx_word' id='word_1_854' title='bbox 3470 5210 3568 5265; x_wconf 89' lang='lat' dir='ltr'><strong><em>dc-</em></strong></span> 
     </span>
     <span class='ocr_line' id='line_1_114' title="bbox 1991 5301 3565 5374; baseline -0.001 -14"><span class='ocrx_word' id='word_1_855' title='bbox 1991 5306 2193 5374; x_wconf 88' lang='lat' dir='ltr'><strong><em>cursis,</em></strong></span> <span class='ocrx_word' id='word_1_856' title='bbox 2225 5304 2393 5373; x_wconf 78' lang='lat' dir='ltr'><strong><em>animi</em></strong></span> <span class='ocrx_word' id='word_1_857' title='bbox 2439 5317 2658 5374; x_wconf 90' lang='lat' dir='ltr'><strong><em>quoque</em></strong></span> <span class='ocrx_word' id='word_1_858' title='bbox 2708 5301 3063 5374; x_wconf 79' lang='lat' dir='ltr'><strong><em>gravissimos</em></strong></span> <span class='ocrx_word' id='word_1_859' title='bbox 3110 5301 3329 5358; x_wconf 88' lang='lat' dir='ltr'><strong><em>dolores</em></strong></span> <span class='ocrx_word' id='word_1_860' title='bbox 3375 5314 3565 5372; x_wconf 75' lang='lat' dir='ltr'><strong><em>prose-</em></strong></span> 
     </span>
     <span class='ocr_line' id='line_1_115' title="bbox 1989 5395 2869 5467; baseline 0 -16"><span class='ocrx_word' id='word_1_861' title='bbox 1989 5395 2197 5467; x_wconf 89' lang='lat' dir='ltr'><strong><em>quitur.</em></strong></span> <span class='ocrx_word' id='word_1_862' title='bbox 2866 5402 2869 5404; x_wconf 74' lang='grc'><strong>’</strong></span> 
     </span>
    </p>

    <p class='ocr_par' dir='ltr' id='par_1_25' title="bbox 1986 5482 3563 5739">
     <span class='ocr_line' id='line_1_116' title="bbox 2061 5482 3563 5557; baseline 0.001 -18"><span class='ocrx_word' id='word_1_863' title='bbox 2061 5484 2229 5542; x_wconf 73' lang='lat' dir='ltr'><strong><em>Vns.</em></strong></span> <span class='ocrx_word' id='word_1_864' title='bbox 2278 5486 2365 5541; x_wconf 81' lang='lat' dir='ltr'><strong><em>tl.</em></strong></span> <span class='ocrx_word' id='word_1_865' title='bbox 2406 5483 2511 5540; x_wconf 87' lang='lat' dir='ltr'><strong><em>Cor</em></strong></span> <span class='ocrx_word' id='word_1_866' title='bbox 2572 5501 2745 5540; x_wconf 86' lang='lat' dir='ltr'><strong><em>meum</em></strong></span> <span class='ocrx_word' id='word_1_867' title='bbox 2796 5485 3167 5541; x_wconf 76' lang='lat' dir='ltr'><strong><em>conturbatum</em></strong></span> <span class='ocrx_word' id='word_1_868' title='bbox 3201 5492 3305 5551; x_wconf 81' lang='lat' dir='ltr'><strong><em>cst,</em></strong></span> <span class='ocrx_word' id='word_1_869' title='bbox 3322 5484 3450 5557; x_wconf 84' lang='lat' dir='ltr'><strong><em>quia</em></strong></span> <span class='ocrx_word' id='word_1_870' title='bbox 3506 5482 3563 5540; x_wconf 85' lang='lat' dir='ltr'><strong><em>in</em></strong></span> 
     </span>
     <span class='ocr_line' id='line_1_117' title="bbox 1987 5576 3563 5649; baseline 0.001 -17"><span class='ocrx_word' id='word_1_871' title='bbox 1987 5576 2162 5633; x_wconf 74' lang='lat' dir='ltr'><strong><em>Adam</em></strong></span> <span class='ocrx_word' id='word_1_872' title='bbox 2198 5578 2417 5644; x_wconf 85' lang='lat' dir='ltr'><strong><em>corrui;</em></strong></span> <span class='ocrx_word' id='word_1_873' title='bbox 2458 5577 2735 5649; x_wconf 72' lang='lat' dir='ltr'><strong><em>dereliquit</em></strong></span> <span class='ocrx_word' id='word_1_874' title='bbox 2787 5594 2868 5631; x_wconf 82' lang='lat' dir='ltr'><strong><em>me</em></strong></span> <span class='ocrx_word' id='word_1_875' title='bbox 2917 5578 3080 5636; x_wconf 77' lang='lat' dir='ltr'><strong><em>virtus</em></strong></span> <span class='ocrx_word' id='word_1_876' title='bbox 3130 5592 3266 5643; x_wconf 77' lang='lat' dir='ltr'><strong><em>mea,</em></strong></span> <span class='ocrx_word' id='word_1_877' title='bbox 3302 5591 3467 5649; x_wconf 88' lang='lat' dir='ltr'><strong><em>quam</em></strong></span> <span class='ocrx_word' id='word_1_878' title='bbox 3503 5578 3563 5634; x_wconf 75' lang='lat' dir='ltr'><strong><em>iu</em></strong></span> 
     </span>
     <span class='ocr_line' id='line_1_118' title="bbox 1986 5668 3561 5739; baseline -0.001 -12"><span class='ocrx_word' id='word_1_879' title='bbox 1986 5668 2160 5727; x_wconf 82' lang='lat' dir='ltr'><strong><em>libero</em></strong></span> <span class='ocrx_word' id='word_1_880' title='bbox 2195 5668 2422 5729; x_wconf 82' lang='lat' dir='ltr'><strong><em>arbitrio</em></strong></span> <span class='ocrx_word' id='word_1_881' title='bbox 2451 5670 2636 5730; x_wconf 79' lang='lat' dir='ltr'><strong><em>habui.</em></strong></span> <span class='ocrx_word' id='word_1_882' title='bbox 2664 5670 2909 5726; x_wconf 74' lang='lat' dir='ltr'><strong><em>etlumen</em></strong></span> <span class='ocrx_word' id='word_1_883' title='bbox 2941 5669 3208 5727; x_wconf 77' lang='lat' dir='ltr'><strong><em>oculorum</em></strong></span> <span class='ocrx_word' id='word_1_884' title='bbox 3234 5683 3486 5739; x_wconf 75' lang='lat' dir='ltr'><strong><em>meorum,</em></strong></span> <span class='ocrx_word' id='word_1_885' title='bbox 3510 5668 3561 5727; x_wconf 84' lang='lat' dir='ltr'><strong><em>&#39;td</em></strong></span> 
     </span>
    </p>
   </div>
  </div>
 </body>
</html>
