3817 6000
354 237 494 295 ¹767

1319 211 1623 286 cennoln
1665 225 2053 286 rnffirosm
2098 219 2643 281 nmmmnsrrno.

3481 228 3625 284 1768

356 354 502 410 soles
522 351 579 404 in
599 346 902 415 virtutibus,
929 347 1013 402 vel
1046 343 1187 402 sicut
1216 345 1269 402 in
1308 345 1537 402 Hebraeo
1575 347 1773 420 legitur
1810 366 1823 402 :
1867 345 1934 400 ln
1964 351 2009 408 Α
2039 343 2168 399 dum
2204 344 2431 412 venerit,
2463 344 2530 399 de
2561 342 2654 397 illo
2682 339 2982 396 districtior
3026 342 3292 399 sententia
3340 348 3624 416 procedet.

354 441 674 498 exercitibus
717 441 911 494 nostris
937 443 964 496 :²
991 438 1140 496 lntus
1183 438 1515 509 operaberis,
1542 451 1597 494 et
1624 440 1707 494 sic
1740 439 1935 494 mrlius

354 531 581 586 deduces
631 533 688 586 in
734 529 1050 597 Idumaeam,
1081 531 1211 601 quia
1242 532 1321 586 sic
1365 531 1584 587 videtur
1631 531 1936 586 mirabilius

357 624 474 679 tieri
505 632 560 679 et
584 623 819 694 pugnari
849 639 956 678 non
987 638 1085 693 pro
1108 622 1394 694 temporali
1421 623 1551 690 vita,
1592 624 1686 680 sed
1715 640 1819 695 pro
1849 623 1940 680 sn·

355 724 498 770 tura.
531 713 673 786 Ergo
700 715 829 785 quia
859 714 1047 780 duces,

433 804 593 862 Vens.
644 806 729 861 15.
772 806 858 860 Do
889 806 1036 860 nobis
1067 805 1328 860 auxilium
1359 806 1421 859 de
1465 805 1826 872 tribulatione,
1883 807 1937 862 id

352 899 615 965 est‚inde
665 898 893 954 subveni
951 898 1097 952 unde
1134 897 1345 967 putaris
1372 897 1643 954 deserere.
1695 897 1759 954 Et
1800 915 1938 953 vano

353 992 503 1046 salus
531 992 781 1046 hominis.
810 989 927 1045 Non
957 1005 1144 1060 quoero
1200 997 1260 1045 ut
1287 991 1383 1045 des
1412 990 1764 1060 temporalem
1789 991 1939 1047 salu-

354 1092 487 1146 tem,
519 1084 648 1154 quia
677 1081 994 1152 temporalis
1038 1084 1189 1136 salus
1221 1080 1465 1137 bominis
1497 1089 1582 1137 εει
1608 1096 1749 1136 vana
1776 1088 1935 1137 vetu-

354 1184 492 1232 8188.

428 1268 592 1324 Vsus.
621 1267 708 1322 Η.
737 1266 805 1322 In
829 1266 938 1321 Deo
969 1266 1089 1321 solo
1122 1265 1294 1332 intus,
1327 1279 1436 1320 non
1464 1263 1519 1320 in
1555 1265 1737 1336 gladio
1779 1274 1936 1321 extra

354 1360 612 1432 faciemus
642 1361 911 1425 virtutem,
962 1357 1231 1413 vincendo
1260 1358 1558 1423 diabolum,
1586 1367 1637 1413 et
1678 1359 1808 1428 ipse,
1838 1358 1934 1429 qui

356 1456 724 1504 t·Si=lP1t*l'l'‘·iiltS
748 1460 804 1504 ot
836 1452 1057 1504 virini-ia
1089 1460 1293 1512 nostran
1321 1449 1416 1504 eit-si
1441 1449 1645 1506 nullius
1673 1450 1935 1505 momenti

356 1560 568 1604 snmus*
604 1548 913 1596 fritiniunt&
941 1564 1029 1596 nos
1065 1544 1277 1596 ‹te-:issem
1317 1544 1385 1592 nn*
1413 1541 1660 1606 m'ltt'lttm,
1683 1550 1744 1597 ut
1774 1541 1935 1613 (sub-

356 1636 536 1698 andis}
572 1652 672 1704 pini
740 1636 909 1688 nihilo
937 1652 1029 1688 ens
1073 1636 1385 1688 habramius,
1434 1631 1531 1688 vel
1586 1635 1657 1687 ad
1709 1633 1935 1688 nihilum

356 1724 576 1776 derhirst
604 1724 832 1776 delenitis*
860 1740 957 1779 etis
989 1728 1053 1780 tit}
1085 1728 1225 1776 litu-n
1257 1728 1395 1784 vine„
1430 1723 1524 1778 ubi
1554 1723 1658 1779 sibi
1684 1724 1937 1780 videntur

356 1820 566 1884 εει-ἰῃιί,
596 1828 648 1872 ct
695 1836 792 1888 prn
820 1836 1021 1884 rii-‘iuno
1069 1820 1273 1876 haiim-i*
1309 1832 1429 1872 oiim
1462 1815 1553 1871 Dei
1600 1824 1656 1872 et
1696 1815 1936 1887 proximi

356 1913 676 1965 *limitatam
712 1929 820 1961 nnn
864 1909 1117 1965 inilwznln
1153 1913 1281 1961 nillil
1333 1913 1459 1963 sint.
1498 1906 1654 1963 Unde
1697 1907 1935 1978 Aposto-

528 2021 544 2053 ι
586 2001 648 2053 Et
684 2005 724 2053 si
776 2005 1017 2053 intimi-rt}
1065 2001 1425 2069 prophetiam,
1458 2009 1512 2054 et
1542 2001 1791 2055 noverim
1818 2015 1939 2071 my·-

360 2097 520 2149 5tt÷ri1i
556 2097 756 2153 tit-tinia,
788 2093 1109 2145 charitatem
1141 2105 1317 2145 :tutem
1365 2106 1469 2146 non
1506 2092 1767 2158 habuero,
1798 2092 1938 2147 nihil

360 2201 480 2237 snm
524 2185 572 2253 [i
616 2185 736 2237 Con
772 2201 889 2249 κιιι,
921 2185 993 2249 El.
1033 2205 1049 2233 ι
1085 2185 1217 2237 Eunt
1249 2201 1377 2253 ergo
1406 2183 1672 2239 charitate
1698 2184 1937 2240 carendo

360 2277 496 2329 nillil
556 2277 680 2341 sint*
736 2293 840 2329 nun
881 2285 961 2329 cst
1013 2277 1157 2329 alind
1205 2293 1301 2329 cos
1345 2275 1408 2329 :nl
1452 2274 1686 2330 nihilum
1717 2273 1937 2343 deduci,

361 2364 469 2421 nisi
511 2365 662 2435 ipsos
705 2365 773 2421 ad
801 2366 886 2420 sui
929 2365 1295 2437 cognitionem
1327 2364 1546 2430 adduci.
1591 2374 1651 2421 ut
1679 2381 1739 2422 se
1765 2381 1937 2439 agno-

359 2457 565 2515 scendo
590 2467 643 2513 et
668 2460 764 2528 ipsi
796 2460 1000 2528 suffiunt·
1029 2480 1057 2508 n
1085 2460 1217 2526 surio
1249 2474 1421 2513 nrt-ns.
1452 2456 1626 2529 Super
1649 2458 1795 2515 hunc
1815 2474 1940 2514 vel·-

360 2548 594 2603 siculum
639 2549 832 2604 hrains
860 2552 1153 2620 [illegalitas
1205 2548 1329 2600 dii-lt
1361 2548 1506 2619 libi)
1541 2566 1557 2604 ι
1592 2566 1614 2600 t
1660 2547 1802 2617 Quid
1833 2550 1940 2607 hoc

362 2640 484 2696 loco
513 2655 611 2711 per
635 2657 844 2704 areum,
876 2644 980 2696 nisi
1025 2644 1141 2696 ilii-5
1173 2641 1612 2712 euremiJudicii
1647 2640 1940 2712 signatur?

361 2731 420 2788 lu
451 2749 583 2790 arcu
611 2741 780 2801 enirn,
808 2747 1012 2805 quantit
1061 2737 1217 2805 iunge
1261 2734 1494 2790 trahitur
1529 2733 1753 2798 chorda,
1783 2743 1938 2788 tanto

362 2825 655 2881 districtior
684 2829 780 2881 esi-il
812 2829 1029 2897 sagitta*
1065 2829 1153 2881 Sic
1185 2829 1442 2881 nimirum
1483 2825 1565 2881 sic
1582 2826 1810 2881 extremi
1845 2824 1941 2896 ju-

365 2916 494 2971 dicii
529 2916 664 2984 dies,
716 2933 920 2989 quanli}
964 2921 1117 2989 [tinge
1161 2921 1407 2973 differtur
1445 2922 1508 2971 ut
1531 2913 1735 2982 veniat,
1785 2923 1940 2971 tanto

360 2001 444 2056 ins
480 2021 488 2053 :

438 3074 582 3146 (ut)
614 3076 732 3131 Lib.
774 3093 866 3133 xix
897 3075 1090 3133 Moral.
1125 3091 1247 3147 cap.
1279 3073 1368 3132 30.

2041 434 2249 492 idcirco
2294 444 2477 490 autem
2510 449 2657 489 nunc
2702 432 2933 489 diversis
2963 433 3210 490 cladibus
3254 438 3624 506 percutimur,

2037 530 2217 586 uthis
2245 530 2478 585 correcti
2521 528 2823 599 paratiores
2863 537 2993 582 tunc
3037 528 3263 584 inveniri
3311 530 3623 587 valeamus.

2037 621 2191 678 Unde
2238 622 2349 677 illic
2390 621 2732 693 praemissum
2766 629 2851 675 est
2894 637 2907 672 ε
2947 619 3243 675 ostendisti
3287 621 3487 692 populo
3532 635 3626 678 tuo

2036 716 2198 781 dura,
2235 713 2443 785 flagella
2482 712 2688 768 scilicet
2717 711 2923 778 saeculi,
2973 727 3095 782 qua:
3140 720 3465 767 secuturum
3494 730 3629 784 gra-

2035 807 2159 860 vius
2214 805 2355 860 diem
2405 803 2596 875 judicii
2648 811 3009 874 praecurrunt.
3075 800 3290 857 Potasti
3340 820 3437 858 nos
3502 806 3627 860 tino

2038 899 2457 970 compunctionis
2487 939 2503 963 ‚
2570 909 2630 952 ut
2693 904 2907 951 terrena
2964 895 3157 967 gaudia
3227 898 3284 952 in
3348 897 3629 969 lacrymas

2034 1000 2394 1046 verterentur.
2452 988 2659 1044 Dedisti
2707 986 3060 1042 metuentibus
3132 997 3181 1043 te
3257 990 3625 1060 significatio-

2034 1092 2258 1150 nem‚ut
2282 1081 2550 1153 [uqianta
2574 1079 2711 1150 [acie
2731 1096 2928 1146 arcus,
2977 1095 3042 1135 ac
3082 1080 3129 1135 si
3178 1080 3384 1136 diceret
3437 1082 3629 1152 :ffloc

2036 1182 2253 1245 tempus
2304 1174 2696 1230 misericordiae
2749 1181 2861 1239 est,
2921 1171 3055 1227 illud
3116 1182 3333 1244 tempus
3376 1176 3484 1230 erit
3528 1177 3631 1246 ju-

2036 1266 2188 1321 dicii.
2221 1265 2326 1322 Per
2358 1266 2463 1321 ista
2490 1281 2623 1337 ergo
2652 1267 2817 1337 hujus
2863 1265 3124 1336 temporis
3153 1265 3362 1337 flagella
3413 1267 3635 1338 signiti-

2035 1372 2130 1414 cas
2151 1358 2424 1429 quomodo
2445 1367 2576 1414 tunc
2596 1373 2960 1428 percussurus
2984 1372 3066 1424 es,
3122 1359 3346 1428 qnando
3368 1375 3479 1414 non
3499 1377 3635 1430 par-

2039 1465 2170 1506 cens
2187 1449 2428 1521 judicas,
2448 1450 2543 1522 qui
2565 1450 2648 1508 sic
2668 1451 2914 1508 districte
2936 1450 3098 1507 modo
3115 1452 3378 1522 percutis,
3397 1453 3633 1524 qumodo

2041 1541 2244 1612 parcis.
2287 1560 2307 1593 ι

2117 1633 2303 1690 Gloria
2347 1634 2507 1690 Patri
2554 1649 2686 1690 suos
2732 1633 2960 1690 dilectos
3009 1631 3287 1697 liberanti,
3319 1640 3372 1688 et
3402 1633 3635 1688 dextero

1972 1711 2013 1766 Β
2047 1742 2147 1783 sua
2176 1728 2410 1786 salvanti
2437 1726 2741 1784 secundum
2770 1726 2915 1798 quod
2958 1727 3010 1781 in
3046 1727 3258 1798 psalmo
3285 1727 3334 1781 ei
3367 1726 3584 1781 dicitur
3614 1746 3633 1783 z

2044 1820 2112 1875 01
2155 1819 2443 1875 liberentur
2483 1819 2663 1874 dilecti
2694 1820 2796 1888 tui,
2820 1819 3027 1875 salvum
3061 1820 3149 1890 [oc
3181 1819 3399 1872 dextera
3429 1830 3551 1883 tuo,
3581 1830 3636 1875 et

2038 1912 2239 1967 exaudi
2270 1927 2369 1966 me.
2407 1909 2595 1966 Gloria
2642 1909 2810 1977 Filio,
2842 1911 2935 1981 qui
2978 1919 3061 1966 εει
3089 1910 3210 1981 ejus
3243 1910 3485 1976 dextera,
3519 1928 3634 1982 qua

2039 2002 2213 2058 salvat
2240 2002 2443 2059 electos
2482 2012 2536 2058 et
2562 2003 2789 2058 dilectos
2816 2017 2967 2059 snoS.
3003 2001 3187 2056 Gloria
3231 1999 3467 2070 Spiritui
3500 2020 3635 2055 son-

2039 2105 2147 2162 cto‚
2180 2095 2274 2166 qui
2304 2104 2389 2150 est
2419 2094 2538 2165 ipsa
2568 2093 2811 2162 dilecti0‚
2842 2109 2950 2157 oua
2996 2093 3157 2148 Pater
3196 2092 3375 2164 diligit
3419 2093 3633 2149 electos

2041 2201 2174 2243 suos
2202 2187 2258 2242 in
2290 2185 2449 2251 Filio,
2477 2203 2618 2259 quos
2650 2197 2705 2244 et
2746 2188 2906 2259 elegit
2940 2197 2997 2244 ει
3033 2187 3226 2244 dilexit
3252 2187 3307 2241 in
3342 2188 3464 2258 ipso
3494 2197 3636 2245 ante

2042 2280 2488 2337 constitutionem
2512 2281 2723 2336 mundi.
2752 2280 2936 2338 Gloria
2968 2281 3083 2336 liaec
3111 2282 3179 2336 de
3204 2284 3467 2337 omnibus
3496 2299 3636 2337 san·

2040 2374 2144 2429 ctis
2174 2373 2294 2445 ejus
2323 2382 2444 2429 erat
2470 2374 2564 2429 uni
2608 2389 2672 2430 ac
2703 2374 2848 2429 trino
2884 2374 2994 2429 Deo
3017 2375 3071 2427 in
3095 2374 3374 2444 principio,
3402 2374 3634 2444 quando

2044 2474 2246 2522 aeterna
2272 2464 2550 2536 Sapientia
2579 2465 2777 2522 ludens
2809 2465 2865 2521 in
2892 2467 3027 2521 orbe
3058 2452 3324 2521 terrarum
3347 2465 3453 2520 sibi
3492 2465 3636 2520 deli·

2043 2559 2159 2615 cias
2187 2559 2531 2630 praeparabat
2569 2568 2626 2615 ει
2664 2559 3088 2631 praedestinabat
3121 2575 3247 2613 cum
3279 2557 3407 2612 tiliis
3440 2558 3631 2613 bomi-

2041 2666 2198 2706 num.
2233 2648 2387 2706 Sicut
2426 2666 2557 2724 ergo
2599 2661 2712 2707 erat
2738 2653 2791 2706 in
2829 2653 3090 2722 principio
3118 2653 3194 2708 illi
3225 2654 3420 2723 gloria,
3450 2654 3527 2707 ita
3558 2652 3632 2708 sit

2040 2738 2097 2795 in
2120 2739 2315 2797 effectu
2344 2749 2394 2797 et
2417 2758 2579 2811 nunc,
2601 2751 2650 2798 et
2679 2753 2959 2814 semper‚et
2988 2745 3042 2797 in
3067 2744 3268 2800 soecuto
3281 2746 3628 2799 serculorum.

2042 2829 2230 2887 Amen.

1583 3474 2115 3564 PSALMUS
2190 3474 2345 3562 Lx

1946 3674 2018 3699 q

439 3846 676 3913 Eunai,
712 3844 878 3907 Deus.
911 3844 1331 3915 deprecationem
1359 3856 1550 3909 meant,
1583 3841 1793 3896 intende
1818 3857 1945 3895 oro-
1972 3848 2019 3912 c
2050 3840 2106 3893 in
2140 3839 2321 3910 finem,
2347 3842 2401 3899 id
2430 3850 2514 3897 est
2562 3839 2864 3907 Christum,
2901 3854 2999 3910 per
3024 3855 3185 3911 quem
3212 3841 3279 3896 ad
3325 3839 3499 3896 Deum
3528 3842 3637 3899 1³³-

374 3940 505 3996 tioni
541 3954 688 4005 mete,
717 3945 822 3993 etc.
850 3934 1135 3991 Manifeste
1175 3935 1291 3990 baec
1318 3933 1496 3989 oratio
1524 3948 1676 4002 spem
1705 3931 1949 4005 suggerit

363 4031 478 4101 iam
504 4029 819 4101 supradicto
861 4028 1173 4101 pugnatori,
1199 4028 1359 4098 cuius
1382 4025 1638 4081 anxiatur
1669 4040 1790 4091 cor,
1815 4025 1948 4079 dum

377 4121 523 4176 videt
563 4119 727 4176 aliam
772 4118 944 4190 legem
981 4118 1035 4173 in
1087 4117 1351 4174 membris
1391 4118 1509 4174 suis
1554 4124 1950 4188 repugnantem

370 4213 474 4285 legi
505 4212 706 4268 mentis
736 4227 851 4268 suae
878 4222 931 4268 et
973 4212 1251 4282 captivum
1289 4227 1348 4267 se
1387 4211 1675 4265 ducentem
1722 4209 1779 4263 in
1829 4208 1949 4280 lege

369 4305 578 4377 peccati
623 4323 638 4360 :
672 4304 954 4360 Deduxisti
992 4320 1092 4370 me,
1124 4303 1320 4374 inquit,
1350 4306 1476 4375 quia
1520 4303 1695 4373 [octus
1733 4318 1786 4357 es
1828 4317 1948 4372 opes

369 4412 508 4463 meo,
554 4396 718 4450 turris
764 4394 1099 4465 fortitudinis
1149 4410 1183 4447 o
1228 4394 1366 4465 [acie
1406 4393 1632 4459 inimici,
1675 4391 1947 4456 videlicet.

370 4485 517 4558 quod
544 4485 676 4541 vitia
702 4485 873 4540 vitare
902 4493 957 4541 ει
983 4486 1213 4540 virtutes
1251 4485 1457 4555 possim
1497 4483 1780 4553 consequi.
1806 4481 1951 4551 Quid

372 4579 420 4637 si
443 4592 593 4633 nunc
621 4578 878 4634 anxiatur
910 4592 1007 4632 cor
1053 4576 1272 4632 meum?
1295 4575 1437 4645 Quid
1468 4576 1636 4631 mirer
1658 4576 1715 4631 in
1736 4574 1952 4632 fervore

370 4668 709 4734 tentationis,
739 4685 862 4740 quae
885 4668 952 4725 ad
984 4678 1197 4740 tempus
1228 4668 1462 4724 accidit?
1496 4666 1838 4739 Quandoque
1866 4668 1951 4720 in·-

371 4761 619 4817 hobitobo
671 4762 728 4816 in
762 4760 1104 4817 tabernaculo
1143 4773 1235 4817 tuo
1266 4762 1322 4815 in
1368 4760 1587 4829 seculo,
1611 4769 1858 4832 proteqar
1894 4760 1951 4813 in

370 4854 659 4910 uelamento
699 4851 911 4907 olorum
956 4862 1190 4907 tuarum.
1242 4852 1310 4908 Et
1358 4852 1587 4923 reliqua.
1633 4850 1953 4908 inscribitur

369 4955 552 5003 autem
582 4945 825 5017 psalmus
847 4944 949 5000 iste
979 4945 1060 4999 sic
1088 4961 1106 4998 ε

497 5038 687 5111 (Vens.
717 5040 770 5110 i)
795 5054 846 5093 tn
874 5054 1031 5093 rins!
1063 5053 1115 5093 m
1150 5052 1345 5094 ιιιιωιε
1372 5051 1607 5094 restitus
1635 5054 1822 5093 navio.

439 5130 586 5187 Bene
625 5129 694 5184 In
725 5131 882 5201 finem
931 5147 950 5186 .·
995 5137 1273 5199 exspectat
1319 5130 1467 5185 enim
1519 5129 1575 5184 in
1617 5130 1720 5185 hac
1765 5144 1951 5201 pugna

2049 3941 2186 3988 trem
2212 3935 2453 4006 suspirat
2485 3933 2727 3990 Ecclesia
2750 3949 2940 4005 pressa
2980 3935 3241 4005 undique,
3269 3944 3324 3990 et
3370 3936 3637 3994 laborans

2048 4025 2103 4080 in
2131 4034 2295 4092 terra,
2343 4042 2468 4098 quae
2495 4026 2675 4098 primo
2707 4025 2775 4081 ad
2827 4026 3007 4096 ipsum
3056 4024 3227 4081 Deum
3269 4036 3411 4094 orat,
3453 4040 3638 4100 etpcr

2047 4118 2299 4174 eumdem
2322 4118 2526 4174 indicat
2560 4132 2619 4174 εε
2655 4125 3121 4188 perseveraturam
3153 4119 3221 4174 ad
3252 4134 3397 4174 eum.
3423 4119 3637 4177 Deinde

2044 4209 2158 4280 jam
2195 4210 2453 4267 exaudita
2480 4209 2664 4265 datam
2692 4208 2793 4265 sibi
2828 4208 3067 4265 futuram
3098 4210 3473 4265 haereditatem
3498 4226 3638 4266 ‹on-

2048 4303 2250 4367 strmat,
2282 4312 2337 4359 et
2372 4302 2561 4358 laudes
2587 4300 2872 4373 promittit,
2906 4301 2974 4357 ad
3021 4316 3161 4372 quas
3208 4301 3518 4358 intentione
3541 4317 3633 4359 to·

2048 4395 2158 4451 tius
2196 4394 2392 4465 psalmi
2433 4395 2711 4450 auditores
2760 4395 2952 4451 invitat
2986 4411 3018 4451 a
3063 4395 3263 4454 tinibus
3302 4406 3467 4453 teri-:e
3514 4398 3635 4453 etz·

2049 4501 2228 4552 mans,
2260 4495 2318 4542 ει
2346 4485 2538 4542 dicens
2568 4504 2585 4543 ι

2119 4575 2287 4633 Vsus.
2326 4578 2384 4633 2.
2417 4576 2656 4646 Exaudi,
2690 4578 2851 4642 Deus,
2917 4579 3316 4650 leprecationem
3345 4596 3519 4634 meon
3563 4580 3636 4637 ti·

2048 4667 2251 4725 berans
2283 4685 2314 4724 a
2347 4669 2526 4736 malis,
2556 4672 2771 4727 intende
2808 4672 3040 4726 orationi
3069 4685 3198 4726 meoe
3224 4672 3518 4743 perficiens
3543 4691 3635 4731 me

2053 4758 2107 4813 in
2142 4761 2323 4816 bonis.
2351 4760 2487 4817 Nam
2511 4762 2829 4834 deprecatio
2855 4779 2974 4818 mea
3018 4774 3123 4831 est,
3154 4774 3213 4819 ut
3240 4781 3458 4821 caream
3505 4784 3635 4838 pee-

2058 4855 2195 4909 catis
2224 4864 2278 4909 et
2296 4868 2643 4925 peccatorum
2671 4856 2849 4926 poenis
2877 4872 2891 4908 ε
2923 4857 3101 4911 oratio
3138 4870 3286 4926 vero,
3320 4867 3381 4913 ut
3420 4861 3634 4928 sobrTe,

2045 4946 2193 5016 juste
2226 4963 2291 5003 ac
2316 4948 2403 5019 pie
2428 4950 2617 5005 vivens
2649 4950 2877 5004 habeam
2908 4964 3055 5004 nunc
3091 4950 3329 5005 fructum
3362 4950 3417 5004 in
3466 4968 3644 5007 saue-

2053 5039 2378 5108 titicatione;
2406 5042 2569 5096 tinem
2596 5055 2725 5096 vero
2749 5040 2917 5095 vitam
2957 5049 3241 5097 aeternam.
3274 5040 3369 5096 Vel
3390 5044 3525 5113 quia
3577 5045 3635 5099 in

2053 5130 2192 5185 libro
2219 5130 2433 5186 Domini
2458 5133 2561 5188 tria
2592 5141 2722 5189 sunt
2752 5132 2986 5202 scripta,
3022 5132 3230 5189 scilicet
3260 5151 3280 5185 t
3309 5133 3638 5193 lamentatio

373 5225 562 5296 gratiae
588 5222 682 5278 Dei
719 5223 1093 5280 liberationem
1132 5223 1375 5289 finalem,
1397 5231 1453 5277 et
1489 5222 1675 5277 hocin
1719 5222 1952 5293 hymnis,
1983 5210 2027 5265 D
2055 5234 2108 5278 et
2130 5238 2349 5278 carmen
2390 5231 2446 5279 et
2467 5240 2549 5279 vae
2578 5222 2796 5295 (Eucti.
2843 5240 2905 5290 ιι,
2952 5225 3009 5294 9)
3045 5241 3059 5278 :
3098 5245 3117 5279 ι
3151 5225 3468 5296 deprecatio
3508 5242 3637 5283 toea

372 5312 505 5369 dum
551 5312 801 5369 videlicet
850 5313 998 5384 quod
1051 5322 1290 5384 pugnat,
1342 5312 1492 5383 qnod
1552 5312 1770 5368 vincere
1819 5328 1954 5368 con·

374 5400 580 5468 tendit,
618 5417 728 5456 non
778 5404 893 5458 suis
922 5403 1154 5470 viribuS‚
1188 5404 1284 5460 sed
1314 5402 1412 5459 Dei
1440 5402 1696 5459 laudibus
1741 5404 1951 5460 adscri-

375 5491 472 5546 bit.

445 5583 615 5640 Aliter
644 5599 659 5635 t
695 5583 758 5637 In
790 5587 942 5654 finem
971 5588 1023 5641 in
1054 5589 1260 5657 hymnis·
1294 5587 1484 5654 David,
1515 5587 1567 5643 id
1596 5598 1701 5653 εει,
1731 5588 1786 5643 in
1828 5588 1952 5643 lau-

374 5667 536 5727 dibus
567 5674 824 5733 exhibitis
860 5679 959 5733 iusi
994 5678 1160 5733 David
1197 5689 1283 5735 est
1329 5681 1570 5745 psalmus
1601 5680 1704 5737 iste
1731 5681 1955 5738 mittens

2053 5328 2156 5385 est,
2177 5325 2239 5371 ut
2261 5332 2359 5387 per
2381 5317 2617 5373 lamenta
2649 5318 2982 5389 poenitentiae
3008 5318 3286 5375 fructuose
3307 5319 3543 5374 omnino
3569 5320 3640 5375 ii·

2056 5408 2213 5463 berer
2235 5408 2305 5464 ab
2329 5418 2535 5465 aeterno
2565 5425 2643 5464 vae
2662 5410 3031 5468 damnationis
3054 5423 3343 5483 perpetuae,
3373 5426 3441 5465 ac
3479 5410 3642 5467 [rust

2056 5499 2387 5569 sempiterna
2431 5501 2774 5570 jucunditate
2815 5504 3078 5560 carminis
3102 5504 3157 5557 in
3192 5502 3421 5573 hymnis,
3470 5501 3640 5560 tinio

2057 5591 2248 5661 psalmi
2275 5591 2438 5662 hujus
2459 5593 2767 5663 praenotati.

2132 5680 2342 5737 Exaudi
2374 5682 2792 5751 deprecationem
2822 5704 2987 5743 meam
3018 5686 3117 5747 sic.
3147 5694 3207 5744 ut
3229 5698 3494 5741 appareat
3530 5700 3641 5744 ex·
