3817 6000
118 223 154 286 ii
709 216 974 278 GREGOilthllll.
992 249 1019 261 ·-
1045 221 1110 279 httt.
1132 222 1175 279 ΙΙΙ.
1718 226 1752 289 98

119 342 379 400 &marmaricum
389 347 467 396 retra
477 348 567 395 eurtru
579 337 765 409 improperium
782 336 840 407 eiua
853 350 914 405 por·
927 335 951 393 Α
965 334 1029 389 dum
1053 351 1100 405 per
1120 336 1252 409 Spiritum
1273 347 1397 394 sanctum
1413 337 1595 411 intelligentiae
1609 340 1670 415 igne
1683 360 1753 401 con·

118 447 219 492 teretes
241 433 321 489 ieeur
337 433 408 487 enirn
432 442 461 486 ut
492 430 671 500 sanctificaret
688 445 735 500 per
760 427 914 499 sanquinem
965 440 1073 500 sumpta
1089 440 1164 487 suun.
1183 429 1334 487 Possumus
1358 432 1491 488 tamenin
1513 436 1752 505 earientrucca,id

117 545 199 583 suum
216 525 444 598 propulsamur
465 532 684 594 perrumperetur
706 530 756 576 ert.
770 519 831 575 Non
844 522 914 575 enim
964 529 1006 575 est
1017 520 1044 574 in
1062 521 1120 590 ipsa
1135 522 1292 578 infirmitate
1314 523 1670 584 incarnationisllonrinicae
1692 545 1754 585 car-

119 620 248 677 tuemur
281 617 325 672 irie
358 624 506 671 manentem
543 614 687 680 ciuitatem,
715 612 761 669 red
796 614 914 684 [uturum
965 622 1038 675 nent,
1052 610 1148 680 pellem
1165 629 1199 670 ac
1223 617 1383 685 sarrguinem
1403 618 1538 672 etllnrum
1561 619 1666 691 singula
1694 621 1754 692 ejus

118 713 281 784 inquirimus
313 707 409 782 (liehr.
433 724 493 776 ιιιι,
518 706 575 777 ld).
599 705 703 762 idcirco
728 707 801 761 euim
837 715 914 761 extra
964 714 1047 771 opera
1060 704 1193 775 accipere.
1213 705 1285 773 Quid
1307 708 1380 762 enim
1398 724 1567 779 peromnem
1591 719 1619 766 et
1643 711 1752 782 pellem,

116 814 230 878 portam
254 818 354 875 passus
376 811 427 869 est,
454 810 484 857 ut
507 815 523 855 a
547 799 756 856 conuersatione
777 812 828 855 nos
853 799 915 854 ritae
964 796 1018 853 nisi
1030 798 1147 853 exterior
1160 800 1282 870 operatio
1296 801 1474 871 designatur?
1492 800 1560 869 Quid
1576 819 1624 873 per
1642 804 1755 875 sangui·

118 898 201 969 111
225 894 381 968 presentis,
398 894 507 965 quasia
523 893 633 949 ciuitate
654 891 729 949 toras
752 892 872 958 duceret,
887 901 915 948 et
964 902 1038 954 nem,
1063 888 1116 944 uisi
1130 890 1239 947 suhtilis
1262 891 1422 963 internaque
1437 893 1525 948 rirtus
1541 895 1675 951 exteriora
1693 904 1754 953 acta

111 1007 133 1046 'a
151 1001 262 1047 terrena
288 986 488 1043 inhabitatione
505 1001 553 1042 eor
571 994 696 1042 nostrum
715 985 833 1042 euellere
852 1001 914 1057 per·
963 978 1123 1037 ririilcansi
1143 980 1213 1049 Quid
1239 999 1288 1054 per
1309 984 1415 1054 timum,
1437 985 1489 1042 nisi
1513 985 1656 1054 lassitudo,
1680 988 1753 1057 sitis,

110 1083 259 1140 suaderet.
274 1081 346 1137 Bene
359 1088 451 1135 autem
464 1078 565 1135 dicitur
576 1078 724 1133 immolatii
734 1077 762 1134 in
775 1086 914 1149 recupertus
964 1071 1080 1140 esuries,
1093 1082 1121 1130 et
1136 1075 1220 1130 timor
1233 1077 1331 1132 mortis
1351 1087 1379 1133 et
1401 1094 1518 1150 qrraeqne
1544 1095 1577 1135 ex
1602 1080 1755 1139 lrurnilitate

117 1174 241 1230 homini.
255 1171 422 1242 Redemptor
441 1170 514 1226 enim
528 1178 623 1225 noster
637 1169 666 1224 in
680 1177 828 1241 conspectu
854 1184 914 1226 om·
963 1173 1090 1236 suscepta
1115 1166 1171 1238 pati
1190 1167 1287 1235 voluit,
1304 1168 1504 1241 designantur?
1522 1170 1600 1238 Quod
1623 1173 1698 1229 euim
1719 1190 1754 1232 ex

116 1265 198 1322 nium
216 1265 297 1337 qnasi
311 1264 464 1319 exstinctus
477 1270 531 1329 est,
545 1261 593 1317 sed
614 1261 642 1315 in
663 1269 810 1332 conspeetu
824 1259 914 1341 Patris
963 1256 1071 1315 deiectu
1085 1268 1185 1315 nostrae
1199 1261 1373 1316 mortalitatis
1387 1261 1492 1330 hahuit,
1504 1264 1584 1334 qrrasi
1597 1264 1625 1319 in
1639 1281 1673 1321 eo
1685 1265 1755 1337 uhji-

116 1357 292 1425 immolatus,
312 1356 377 1428 quia
390 1355 463 1428 quod
475 1362 539 1410 ante
551 1354 646 1411 oculos
660 1353 803 1409 hominum
820 1370 912 1426 pruna,
963 1352 1090 1406 ciendum
1104 1348 1165 1406 init.
1184 1349 1251 1419 Qum
1268 1361 1357 1408 tamen
1375 1356 1467 1410 omnia
1484 1372 1545 1427 quse
1557 1373 1591 1413 cx
1602 1368 1697 1415 nostra
1716 1360 1756 1415 in·

116 1452 171 1506 hoc
185 1458 252 1505 ante
269 1449 364 1504 oculos
380 1446 469 1504 Patris
484 1446 649 1503 sacrificium
670 1445 731 1503 tuit.
751 1445 785 1501 Et
803 1447 913 1519 intinget
964 1443 1094 1498 firmitate
1106 1442 1235 1515 suscepit,
1248 1444 1313 1515 quia
1328 1457 1378 1516 pro
1397 1455 1490 1501 nostra
1512 1448 1697 1520 redemptione
1709 1466 1757 1506 ex·

115 1544 234 1615 digium
259 1542 288 1596 in
312 1541 441 1613 sanquine
460 1539 528 1610 ejus.
557 1538 627 1606 Quid
654 1555 703 1611 per
721 1539 835 1611 digitum
860 1538 914 1596 nisi
964 1533 1064 1602 ltihuit,
1084 1535 1147 1608 igne
1172 1536 1373 1592 concremanda
1388 1549 1461 1605 sunt,
1478 1538 1505 1593 id
1520 1548 1562 1594 est
1573 1540 1653 1611 juxta
1670 1543 1757 1599 rictu,

115 1632 249 1690 discretio
259 1640 364 1687 nostrae
382 1630 551 1702 operationis
565 1630 721 1702 accipitur?
736 1627 766 1685 ln
781 1630 914 1703 sanguine
965 1636 1018 1682 tem
1037 1628 1126 1684 sancti
1142 1627 1262 1700 Spiritus
1285 1628 1470 1698 intelligenda,
1492 1639 1522 1686 ut
1536 1647 1650 1704 qumque
1666 1634 1702 1690 ah
1722 1649 1757 1690 eo

115 1740 184 1781 vero
198 1740 291 1781 vacere
304 1723 420 1797 digitum
434 1723 568 1795 intingere
580 1732 625 1778 est
639 1723 666 1778 in
681 1723 809 1794 passione
823 1722 914 1778 incar·
964 1719 1142 1789 corporaliter
1153 1728 1228 1790 gesta
1240 1728 1314 1783 sunt,
1326 1735 1375 1790 per
1383 1720 1573 1793 incorporeum
1587 1724 1647 1795 ejus
1658 1725 1758 1782 divini·

116 1816 241 1873 nationis
252 1816 402 1871 Dominicae
418 1825 510 1872 nostm
521 1829 604 1886 opera
615 1829 786 1882 consecrare,
802 1822 832 1870 ut
850 1829 914 1885 pus·
964 1813 1029 1868 tatis
1043 1812 1169 1883 spiritura
1184 1812 1316 1883 disposita
1329 1814 1493 1870 sentiantur.

115 1910 228 1965 sionem
249 1907 310 1978 eius
336 1923 418 1979 quem
443 1906 635 1978 cognoscimus
660 1907 815 1974 imitemur,
843 1907 914 1962 sicut
998 1903 1092 1960 Potest
1114 1919 1224 1975 quoque
1241 1920 1291 1974 per
1310 1918 1422 1959 raccant
1445 1920 1511 1962 caro
1532 1917 1625 1964 nostra
1643 1910 1756 1983 signari.

114 2003 323 2073 scriptumest:
343 1998 464 2055 Christus
486 2015 581 2070 persua
604 2008 643 2054 ert
664 2016 711 2071 pro
731 1998 817 2065 nohis,
840 1998 913 2054 nolis
965 1994 1083 2051 vaccam
1112 2011 1179 2068 ergo
1205 2007 1370 2066 mactamus,
1392 2013 1455 2055 cum
1480 2014 1591 2055 carnem
1613 2002 1757 2061 aiaseiria

114 2094 271 2166 relinquens
292 2092 440 2163 exemplum
455 2101 484 2146 ut
500 2091 646 2164 sequamini
671 2092 782 2164 uestigia
805 2092 862 2162 ejus
886 2091 913 2162 (i
964 2105 1022 2145 suae
1036 2090 1184 2161 uoluptatis
1197 2092 1409 2163 exstinguimus.
1430 2090 1484 2149 Sed
1499 2093 1564 2164 quia
1588 2096 1680 2152 carrris
1698 2112 1759 2152 ma-

113 2186 197 2243 Petr.
214 2203 246 2255 n,
259 2186 298 2257 i).
319 2185 434 2242 Eleazar
452 2194 543 2240 autem
561 2193 588 2240 et
609 2185 743 2252 immolat,
762 2194 791 2241 et
806 2186 833 2240 ia
847 2200 913 2242 san-
965 2182 1068 2237 ceratio
1079 2182 1138 2237 sinc
1151 2183 1213 2249 tide,
1225 2199 1274 2254 spru
1285 2193 1313 2238 ct
1327 2184 1461 2239 charitate
1475 2184 1581 2241 inediis
1603 2194 1757 2257 reputatur,

114 2281 206 2353 gaiae
222 2280 282 2350 cjus
295 2278 411 2350 digitum
432 2278 551 2349 intingit,
568 2278 632 2349 quia
647 2277 772 2333 uidelicet
783 2277 859 2348 plehs
869 2276 916 2332 iu·
964 2275 1029 2330 dum
1043 2291 1125 2331 sacca
1144 2276 1172 2330 in
1188 2276 1323 2333 sacrificio
1345 2286 1492 2343 mactatur,
1508 2293 1571 2334 eum
1585 2279 1705 2351 hyssopm
1724 2280 1758 2335 li-

113 2374 201 2429 daica
231 2388 265 2427 ex
285 2370 465 2443 reproborum
491 2377 568 2442 parte
592 2369 774 2425 humilitatem
805 2367 914 2425 Donrini
966 2384 1076 2440 guoque
1098 2369 1210 2426 cedrino
1227 2386 1261 2425 ao
1274 2386 1357 2427 cocco
1373 2371 1415 2427 his
1428 2371 1514 2428 tincto
1529 2371 1620 2428 offerri
1633 2350 1759 2446 prraeeipi·

113 2478 209 2536 usque
232 2462 268 2518 ad
291 2463 446 2534 passionem
467 2472 610 2534 persecuta
635 2470 692 2529 est;
713 2477 746 2517 ex
763 2458 913 2518 electorum
964 2446 1020 2517 tur.
1036 2461 1106 2528 Quid
1125 2463 1198 2518 enim
1211 2478 1258 2533 per
1273 2464 1433 2534 hyssopum,
1453 2464 1507 2519 arisi
1522 2463 1608 2521 tidesi
1627 2465 1691 2538 quid
1710 2481 1759 2537 per

113 2572 185 2612 reru
201 2563 280 2625 parte
298 2553 483 2624 operationem
502 2553 643 2609 humilitas
654 2554 715 2624 ejus
732 2552 837 2609 imitata
848 2561 912 2610 est:
964 2553 1068 2625 lignum
1081 2554 1234 2621 cedrinum
1254 2553 1307 2608 nisi
1322 2555 1403 2624 spesi
1425 2562 1453 2610 et
1475 2555 1540 2624 quid
1562 2570 1611 2625 per
1632 2572 1757 2625 coccum,

115 2646 153 2703 Et
170 2656 292 2717 asperget
305 2655 398 2701 contro
411 2646 481 2715 furer
504 2644 680 2700 tubernaculi.
701 2645 773 2712 Quid
785 2645 838 2703 hoc
852 2645 914 2702 loeo
963 2645 1018 2701 nisi
1029 2646 1150 2701 charitas
1170 2645 1348 2717 designatur?
1371 2644 1512 2718 llyssopus
1531 2649 1632 2718 qnippe
1650 2646 1758 2706 interna

115 2740 338 2805 tabernaculum,
357 2739 410 2794 nisi
429 2749 484 2794 tota
500 2738 583 2794 simul
600 2736 742 2811 synagoga
759 2738 915 2810 accipitur?
964 2745 1059 2792 nostra
1073 2736 1206 2792 inundare
1219 2737 1372 2793 consuerit.
1390 2735 1425 2793 Et
1439 2752 1489 2807 pcr
1501 2736 1612 2793 Petrum
1633 2738 1757 2796 dicitur:

113 2833 170 2901 Qui
182 2848 251 2904 ergo
263 2832 374 2888 tinuerit
387 2832 414 2886 in
426 2832 561 2903 sarrguine
571 2831 631 2901 ejus
644 2830 770 2903 digitum,
787 2831 914 2887 eumdem
965 2828 1033 2883 Fide
1048 2829 1180 2883 murrduur
1205 2829 1286 2885 eorda
1313 2846 1405 2885 eorum
1426 2831 1497 2902 (Act.
1521 2848 1568 2901 xc,
1580 2830 1619 2902 9).
1639 2830 1757 2903 Lignum

115 2924 282 2994 sauguinem
296 2932 392 2977 contra
412 2920 485 2978 iores
497 2920 664 2977 talernacuti
678 2929 815 2992 aspergat,
831 2921 858 2976 id
872 2931 915 2978 est
965 2939 1075 2996 quoque
1089 2926 1228 2982 oedrinum
1241 2925 1314 2981 nulla
1332 2928 1476 2999 putredine
1489 2928 1590 2994 deicit,
1601 2928 1665 3000 qnia
1680 2943 1758 2999 spem

114 3016 248 3086 quisquis
259 3014 397 3085 passionis
406 3014 466 3083 ejus
476 3013 536 3069 rias
550 3013 682 3081 imitatur,
695 3010 846 3085 Syuagogm
859 3029 913 3068 non
927 3029 949 3088 g
966 3018 1117 3074 coelestium
1134 3016 1266 3074 terminus
1278 3033 1331 3073 non
1347 3021 1495 3077 consumit.
1516 3018 1592 3077 Unde
1603 3029 1631 3076 ct
1644 3036 1694 3093 per
1707 3020 1759 3078 Pe·

115 3109 227 3165 cadenti
241 3117 269 3164 et
284 3108 422 3164 resistenti
440 3123 488 3179 per
512 3106 637 3179 exempla
658 3108 742 3173 bona,
754 3122 803 3178 per
817 3121 916 3177 opera-
966 3119 1038 3166 trum
1051 3109 1172 3166 dicitur:
1189 3109 1357 3181 ilepeuerurit
1370 3113 1456 3167 rrorin
1471 3091 1543 3184 spem
1556 3117 1700 3184 airum-per
1713 3132 1757 3170 rr·

115 3204 221 3258 tirinem
238 3209 341 3257 rectam
359 3201 468 3272 signum
484 3200 553 3255 hene
567 3200 674 3255 rirerrdi
690 3198 819 3271 praehrat.
842 3198 915 3253 Con·
964 3204 1153 3258 surrectionem
1171 3202 1237 3257 iesu
1258 3203 1359 3258 Chriui
1375 3222 1408 3259 eu
1423 3211 1547 3272 mortuis,
1562 3206 1590 3259 irr
1611 3205 1757 3262 heredita·

116 3292 340 3350 infirmemur
357 3291 526 3347 tubernaculi
542 3306 631 3347 iiecae
643 3290 806 3362 Sittguiiieffl
819 3305 915 3361 asper·
965 3310 1018 3354 tem
1039 3299 1278 3369 incorruptibilem,
1301 3308 1326 3354 et
1346 3299 1582 3354 incontaminatum
1602 3309 1627 3354 et
1647 3300 1758 3354 immur-

116 3403 184 3459 gerc
197 3396 240 3442 est
253 3385 391 3441 resistenti
406 3384 477 3454 plebi
496 3381 617 3440 iudaicae
633 3398 681 3454 per
694 3382 915 3455 predicationem
965 3394 1112 3449 eminerem
1127 3392 1154 3466 (1
1166 3393 1240 3449 pers,
1260 3409 1280 3461 ι,
1295 3394 1334 3465 9),
1354 3393 1461 3451 comus
1485 3402 1575 3450 aurem
1600 3392 1685 3449 rubeo
1710 3409 1757 3450 ω.

116 3491 224 3536 ritum
237 3488 265 3534 0¹
285 3494 334 3550 per
350 3486 445 3533 ”⁰⁰¹²
460 3492 541 3547 ⁰P0i²
565 3476 703 3547 P²⁸⁵i⁰¹⁸i⁵
717 3476 778 3547 05¹¹ss
791 3477 914 3549 i¹0¹¹ili¹²
965 3487 1025 3546 lore
1035 3487 1208 3557 flammescit,
1219 3488 1283 3559 quia
1298 3502 1380 3559 quem
1401 3487 1495 3558 implet
1519 3487 1650 3554 charitas,
1673 3487 1758 3545 etiam

115 3581 287 3628 monstrare.
311 3570 385 3628 Bene
402 3579 492 3625 autem
507 3570 607 3627 dicitur
629 3579 659 3626 ut
676 3570 779 3643 digitus
803 3570 862 3642 ejus
887 3570 915 3625 in
965 3577 1095 3634 incendit.
1116 3577 1232 3635 Undein
1254 3578 1401 3650 Evangelio
1428 3576 1507 3648 113
1531 3576 1639 3634 Veritas
1663 3577 1754 3634 dicit:

116 3666 258 3737 sanguine
276 3677 380 3737 septem
403 3665 511 3721 ricihus
525 3665 676 3736 intingatur
692 3672 720 3719 et
743 3674 913 3736 aspergatur.
966 3669 1058 3742 iguem
1071 3673 1127 3725 reni
1141 3671 1245 3726 mittere
1256 3673 1284 3726 in
1297 3680 1395 3725 urrum
1410 3668 1487 3741 (Luc.
1502 3686 1551 3738 arr,
1569 3671 1626 3731 tt).
1643 3667 1697 3726 Sed
1712 3670 1757 3730 hit

115 3759 149 3815 in
180 3760 334 3831 septeumm
362 3757 437 3814 enirn
475 3772 590 3813 austero
616 3755 747 3829 perfectio
772 3757 915 3828 accpiter.
966 3763 1179 3820 tinctuscoccus
1194 3763 1285 3818 offerri
1311 3761 1477 3833 praecipitur,
1504 3772 1535 3817 ut
1550 3760 1675 3817 uidelicet
1692 3768 1758 3817 ante

116 3850 200 3908 Unde
211 3862 240 3906 et
252 3860 355 3923 septem
371 3850 469 3906 diebus
482 3849 640 3905 rrotvcrsun
652 3857 760 3921 tempus
776 3850 915 3920 impietur,
966 3855 1064 3910 interni
1075 3854 1177 3926 judicis
1194 3854 1289 3910 oculos
1314 3853 1434 3908 charitas
1453 3862 1547 3907 nostra
1564 3850 1614 3906 Dei
1640 3860 1667 3906 et
1693 3865 1758 3922 pro-

115 3959 146 4004 et
159 3955 274 4002 sanctus
287 3945 401 4016 spiritus
414 3943 581 4015 septiformis
589 3952 713 3998 vocatur.
730 3942 837 4014 Septem
851 3959 916 3999 rere
966 3948 1033 4003 rimi
1045 3946 1190 4003 dilectione
1200 3945 1349 4010 coloretur,
1372 3953 1508 4014 quatenns
1530 3956 1662 3998 conuersa
1676 3958 1757 3998 mens

116 4040 230 4096 ricihus
240 4041 268 4094 in
287 4038 421 4111 sangnine
432 4038 547 4111 digitum
564 4037 696 4108 intingere
707 4045 750 4091 est
763 4052 812 4107 per
825 4035 916 4108 perle-
966 4057 1017 4097 nec
1036 4041 1076 4097 sic
1097 4055 1147 4111 pro
1171 4053 1266 4095 amore
1287 4036 1333 4092 Dei
1358 4037 1475 4107 quictem
1499 4035 1594 4105 diligat
1616 4044 1646 4090 ut
1662 4050 1757 4092 curam

116 4143 195 4190 ctam
220 4130 405 4203 operationem
421 4128 605 4185 ministerium
622 4128 760 4199 passionis
779 4128 839 4199 ejus
854 4128 916 4183 inri-
966 4133 1082 4206 proximi
1096 4132 1295 4203 utilitatemque
1313 4138 1468 4201 postponat,
1484 4143 1535 4184 nee
1548 4128 1589 4184 sic
1603 4142 1652 4198 pro
1664 4142 1758 4183 amoro

118 4223 186 4280 tari.
202 4221 237 4277 Et
248 4229 350 4294 septem
363 4221 469 4277 vicibus
479 4229 575 4277 contra
586 4220 757 4293 syrragogan
771 4234 916 4289 aspergere
966 4228 1084 4299 proximi
1096 4225 1266 4298 occupationi
1281 4223 1382 4281 servin
1398 4231 1428 4278 m
1443 4222 1562 4293 quietem
1575 4220 1699 4277 funditus
1709 4219 1758 4274 de·

116 4329 163 4374 esi
173 4315 293 4389 perfecti
311 4314 504 4387 eradicatione
521 4320 693 4369 sacramenta
718 4310 915 4369 incarnationis
967 4334 1061 4375 serens
1074 4318 1162 4391 ignem
1175 4318 1203 4373 in
1223 4333 1252 4372 sc
1263 4313 1374 4386 superni
1391 4313 1493 4369 amoris
1506 4312 1671 4381 exstinguat.
1686 4306 1759 4366 iae·

118 4427 155 4467 ac
168 4409 309 4480 passionis
323 4409 382 4479 ejus
398 4406 554 4462 infidelibus
567 4405 748 4461 denuntiare:
930 4394 952 4448 Ι)
967 4426 1105 4483 comorga
1125 4425 1188 4466 cnm
1204 4409 1333 4481 hyssopo,
1350 4407 1479 4478 lignoque
1501 4404 1613 4461 cedrino
1629 4418 1661 4458 ac
1676 4417 1759 4459 eecce

158 4499 351 4570 Corrrhuretpue
362 4514 421 4551 eum
438 4496 539 4551 curretis
551 4495 699 4550 uidentibus
711 4503 788 4550 extra
803 4506 913 4550 curtru:
967 4503 1119 4569 offerimus,
1134 4502 1199 4558 dnm
1213 4516 1275 4557 curn
1292 4499 1476 4555 maceratione
1490 4495 1581 4552 carnis
1594 4494 1758 4551 sacrificium

119 4603 179 4650 tum
200 4591 294 4664 priten
310 4606 341 4644 uc
359 4606 450 4645 corner
465 4589 532 4659 ejus,
553 4603 633 4660 guum
660 4588 813 4659 sanguinem
837 4598 862 4642 et
878 4588 914 4659 ii·
968 4595 1041 4660 ttdei,
1068 4594 1125 4665 spei
1147 4603 1175 4649 et
1199 4592 1341 4650 charitatis
1358 4591 1510 4646 adolemus.
1531 4585 1662 4657 Quisquis
1676 4586 1759 4658 igitur

121 4701 196 4741 m
210 4686 326 4754 flammi!
346 4682 467 4737 tradetis.
487 4679 558 4748 Quid
572 4695 620 4752 per
637 4696 746 4737 carnem
766 4688 794 4734 01
805 4679 913 4750 hillini,
968 4688 1144 4759 semetipsum
1159 4685 1213 4742 ileo
1225 4685 1282 4757 jam
1301 4683 1465 4742 sacriticium
1479 4680 1587 4744 obtulit,
1603 4679 1626 4735 si
1639 4677 1759 4749 perlecta

120 4779 190 4850 quid
203 4793 252 4849 per
265 4776 426 4849 Silium
440 4784 468 4830 ⁰¹
486 4776 580 4830 flffliiffl
595 4789 693 4841 iiiiii,
715 4773 768 4829 nisi
795 4772 913 4829 carnalia
967 4781 1112 4847 desiderat,
1126 4788 1203 4836 cnrct
1214 4793 1325 4835 neccsse
1336 4787 1379 4834 cst
1391 4786 1421 4832 ut
1436 4790 1490 4831 non
1503 4773 1591 4829 salutm
1604 4785 1634 4828 se
1647 4770 1680 4825 ad
1692 4786 1760 4841 ope·

122 4872 259 4931 sacrificia
274 4870 303 4926 in
321 4868 496 4926 Testamenta
511 4867 601 4924 Veteri
614 4867 717 4936 hahita,
728 4883 790 4940 guae
802 4867 916 4924 iniirrni·
966 4872 1083 4929 rationis
1102 4871 1284 4937 latitudinem,
1299 4884 1394 4925 rerum
1409 4867 1491 4923 etiam
1506 4863 1540 4920 ad
1555 4860 1675 4918 culmina
1688 4875 1757 4917 con·

123 4965 301 5035 tutem112
315 4962 423 5018 nomint
436 4961 643 5028 denuntiabant,
655 4961 829 5033 tlguranturi
850 4960 916 5027 Qum
966 4964 1151 5037 temptationis
1164 4963 1301 5020 extendat.

124 5058 218 5115 omnia
243 5057 419 5128 postmodnm
439 5054 599 5111 uPatrihns
614 5054 915 5126 specialiterintellecta
1003 5058 1079 5128 till)
1093 5056 1244 5112 Vaccatum
1273 5054 1385 5110 nomine
1409 5060 1514 5109 mentes
1540 5049 1659 5106 lldclium
1688 5044 1760 5101 desi-

120 5152 201 5222 jorn
221 5150 343 5208 exterins
368 5147 559 5215 ministerium,
587 5157 708 5205 stercora
731 5157 796 5204 sunt
808 5158 913 5204 rocuta.
968 5147 1182 5221 guantur.llnde
1196 5162 1258 5203 eum
1270 5148 1386 5203 deterre
1400 5144 1554 5199 Philisthim
1568 5156 1631 5197 arca
1651 5133 1760 5193 Domini

122 5242 312 5301 UndePaulns
329 5240 581 5300 cumdesacrillciis
595 5239 917 5311 carnalibusloqueretur
967 5245 1002 5301 ad
1027 5257 1126 5301 miram
1154 5241 1239 5299 israel
1266 5241 1376 5305 rediret,
1401 5238 1523 5310 plaustro
1549 5228 1759 5306 superinposita

121 5338 215 5394 dixit:
233 5334 346 5407 Propter
365 5351 442 5408 gurm
454 5336 544 5390 omniu
564 5335 753 5390 detrimentum
770 5333 820 5405 ieri
832 5342 857 5389 et
870 5350 916 5388 ur·
967 5348 1019 5404 est,
1040 5346 1067 5393 et
1086 5351 1176 5392 racem
1194 5334 1316 5406 plaustro
1331 5333 1483 5403 subjuncta
1505 5336 1579 5385 sunt.
1604 5323 1675 5391 Qum
1699 5319 1760 5376 ietae

122 5425 913 5503 iitrmutrturcorutl’lrilipp.nr,8).Qnretlammaetradun·
967 5431 1052 5485 luisse
1062 5437 1260 5495 nientorautur,
1269 5442 1386 5500 quarum
1399 5423 1498 5478 vitulos
1508 5422 1663 5476 clauserunt
1672 5412 1757 5471 domi.

121 5533 178 5592 tur,
194 5521 404 5595 quinqueremis
417 5522 561 5581 carnaliter
572 5523 648 5593 prins
661 5521 780 5577 exhibita
793 5531 915 5592 postmo-
969 5523 1048 5577 lhnnt
1062 5532 1150 5577 autem
1173 5522 1331 5576 indirectum
1345 5533 1430 5574 ruccoe
1446 5531 1492 5586 per
1511 5512 1581 5567 cium
1604 5524 1664 5582 guoe
1682 5503 1759 5562 ducit

158 5683 238 5759 titt)
255 5682 295 5739 Eu
308 5679 387 5740 horn.
403 5682 438 5737 st
451 5682 478 5739 in
489 5681 603 5756 Euang,
618 5684 727 5756 longius
743 5685 778 5741 alr
789 5682 877 5741 initio.
