3817 6000
125 245 235 302 “9

803 232 1361 294 communiuit
1398 231 1463 288 tN
1503 229 1840 286 psalmos,
1882 228 2157 284 -PAtts
2194 227 2235 286 l.
2275 256 2345 267 -—
2382 226 2579 282 vsu..
2622 227 2660 281 Ι.

3297 225 3404 282 650

130 362 255 432 ipse
322 355 457 413 tacit
509 354 565 409 in
618 352 785 418 notis,
844 349 1311 422 prosperabuntur
1377 346 1555 414 nohis,
1612 360 1722 400 non
1754 353 1799 409 Α
1826 343 2133 399 revertitur.
2160 343 2292 399 ltem
2325 343 2621 400 consilium
2640 343 2914 414 justorum
2933 355 3036 412 est,
3067 359 3176 401 non
3220 347 3401 403 solum

125 448 510 524 quaerentibus
534 445 695 500 nobis
732 454 1000 510 nostram,
1024 443 1117 499 sed
1141 440 1236 497 Dei
1258 441 1509 513 gloriam.

206 541 383 598 Vsus.
413 540 469 595 t.
501 537 622 593 Non
643 537 720 592 sic
742 537 916 607 impii,
948 552 1052 589 nou
1079 535 1175 590 cic.
1208 532 1345 601 Quia
1395 549 1503 589 non
1543 533 1725 589 cohae-

128 646 264 691 rent
329 632 445 688 Deo
497 646 596 701 per
642 629 1028 684 humilitatem.
1085 626 1188 683 Sed
1238 636 1489 698 tauquam
1531 626 1727 697 pulvis,

126 743 291 797 quem
313 724 527 796 projicit
555 731 734 777 tentus
756 739 789 775 a
816 722 953 792 [acie
984 733 1158 775 terrae.
1207 719 1604 790 Disperguntur
1633 735 1729 789 per

132 820 461 885 elationem,
490 823 546 870 et
577 815 806 886 gloriam
850 815 1067 868 inanem
1116 830 1149 866 a
1177 812 1315 882 facie
1351 823 1524 877 terroe,
1556 812 1606 867 id
1646 821 1729 868 est

131 910 405 966 Ecclesia:
434 923 532 978 per
563 907 850 962 humorem
878 907 1067 978 gratiae
1112 905 1318 961 Clu-isti
1343 905 1726 972 consolidatae,

135 1002 301 1073 eujus
318 999 509 1071 gratiae
530 998 761 1053 humore
795 1006 1045 1051 carentes
1092 1006 1257 1051 vento
1290 996 1582 1066 superbiae,
1609 1012 1731 1066 quae

135 1092 278 1162 petit
307 1090 419 1144 alta
450 1097 504 1144 et
531 1087 707 1154 inssat,
739 1087 1104 1158 projiciuntur
1133 1104 1164 1142 a
1189 1086 1328 1142 facie
1377 1095 1557 1152 terra),
1588 1087 1736 1140 ride·

135 1187 273 1241 licet
296 1183 617 1240 stabilitatis
641 1191 880 1249 aeternae,
905 1198 1027 1252 qum
1057 1191 1201 1237 terra
1240 1181 1542 1236 viventium
1591 1179 1731 1235 dici·

135 1284 276 1335 tur:
303 1275 434 1347 quia
470 1281 529 1327 ut
576 1273 692 1328 haee
719 1280 862 1327 terra
894 1271 1247 1326 morientium
1277 1271 1469 1338 nutrit,
1518 1282 1574 1324 et
1600 1285 1735 1324 eon·

137 1370 282 1424 tinet
314 1367 595 1422 hominem
620 1365 944 1420 exteriorem
978 1365 1292 1425 mortalem,
1326 1363 1398 1418 ita
1450 1363 1542 1418 illa
1592 1363 1732 1417 inte-

138 1464 352 1518 riorem
376 1470 430 1516 et
458 1460 845 1514 immortalem.
876 1457 943 1513 Et
969 1459 1099 1528 quia
1134 1467 1314 1511 ceruus
1356 1473 1453 1511 eos
1478 1456 1731 1526 projicit:

140 1555 275 1609 ideo

218 1645 386 1701 Vsus·
424 1645 479 1701 5.
529 1643 653 1699 Non
695 1650 964 1714 resuryeat
1005 1642 1157 1713 impii
1190 1642 1244 1696 ia
1269 1640 1496 1712 judicio.
1544 1639 1601 1696 td
1649 1650 1735 1696 est

1832 437 2012 492 facere
2058 446 2413 508 praeceptum,
2444 437 2539 492 sed
2566 436 2806 509 adjicere
2847 436 3053 509 aliquid
3100 454 3197 510 per
3230 445 3406 497 cousi-

1829 529 1984 595 tium,
2009 535 2071 584 ut
2102 527 2396 598 Apostolus
2419 529 2487 584 de
2514 529 2821 598 virginibus
2871 529 3046 598 inquit
3080 546 3094 582 ε
3134 549 3150 582 ι
3190 529 3402 588 Praene*

1830 630 1985 692 ptum
2045 621 2260 677 Domini
2315 637 2425 678 non
2477 621 2669 683 hala-a,
2709 626 2997 678 comitium
3049 636 3230 678 anit-in
3262 626 3406 694 datis

1830 713 1955 768 Cor.
1993 729 2092 779 vn,
2116 713 2230 783 25).
2259 732 2278 765 ι
2311 712 2378 768 Ει
2423 713 2685 770 Dominus
2721 718 2769 766 in
2801 718 3126 782 1·,“ι;ιιι;;ι·15ιι;
3166 738 3182 766 ι
3208 718 3262 770 51
3294 722 3410 786 ris,

1832 807 2043 880 inquit,
2079 806 2354 879 perfectus
2391 824 2545 875 esse,
2577 814 2709 862 made.
2733 854 2745 870 ,
2781 814 2949 866 wude
2981 830 3102 882 qnae·
3142 814 3330 874 hahes,
3354 822 3406 866 et

1832 901 1901 956 da
1931 901 2262 972 pauperibus
2291 900 2510 971 (Malta.
2573 922 2681 962 su.
2713 906 2821 962 ati.
2877 926 2889 954 i·
2949 906 3001 958 lu
3053 909 3146 958 rati
3190 906 3410 958 sensilia

1833 1011 1936 1048 uou
1974 1004 2265 1066 resurgunt
2317 1006 2633 1066 peccatores,
2685 1002 2773 1066 qni
2833 1002 2917 1050 τιτι
2951 1010 3037 1050 aut
3102 998 3410 1054 nullatcnus

1832 1087 1998 1142 etiam
2035 1087 2167 1144 solis
2187 1089 2466 1159 praeceptis
2502 1089 2721 1144 obedire
2749 1094 3122 1158 ;1.-=.3ni÷·=.sen1=2.

1905 1178 2024 1233 Alia
2056 1179 2341 1235 translatio
2397 1180 2593 1237 habet:
2657 1182 2717 1235 Iu
2777 1190 2997 1235 causalia
3025 1186 3314 1251 justarum,
3358 1194 3410 1239 el

1836 1267 1967 1323 huic
1994 1267 2258 1325 Hebraica
2301 1270 2502 1327 veritas
2553 1275 2869 1335 ‹wisirssrtlah
2913 1295 3029 1343 qua:
3073 1279 3150 1331 sic
3204 1279 3358 1331 hahet
3394 1299 3406 1331 :

1835 1359 2023 1432 Neque
2042 1372 2342 1432 peccatores
2395 1364 2449 1417 in
2483 1371 2881 1435 cor:3·,rm-ffasmnc
2921 1371 3214 1435 junxerant.
3242 1371 3406 1423 lastis

1835 1454 1984 1508 enim
2012 1463 2097 1509 est
2130 1455 2311 1510 anima
2343 1470 2470 1521 una,
2495 1467 2549 1512 et
2573 1479 2665 1510 rur
2699 1479 2861 1511 tinum
2925 1463 2973 1511 in
3009 1463 3138 1523 lica,
3182 1467 3410 1519 ιιιῑιιιίιίιιε

1838 1546 1948 1613 his,
1973 1547 2067 1617 qui
2115 1548 2405 1604 unanimes
2435 1548 2677 1604 habitunt
2725 1555 2773 1603 ἰιι
2825 1555 3005 1615 dultin,
3061 1563 3110 1603 ct
3150 1567 3410 1611 cautant:

1845 1658 1863 1690 ι
1897 1638 2040 1696 Ecce
2061 1655 2225 1710 quam
2262 1640 2492 1709 bonum,
2518 1651 2569 1696 et
2601 1663 2761 1711 quam
2801 1647 3126 1711 jur-mulina.
3170 1647 3410 1699 init-asra

140 1739 385 1804 tollitur,
418 1745 474 1792 et
499 1736 800 1806 denegatur
825 1734 907 1789 eis
941 1733 1089 1803 quod
1143 1732 1363 1803 superbi
1388 1731 1659 1798 ambiunt,
1684 1731 1737 1788 id
1768 1717 1810 1772 Β
1841 1730 2039 1787 fratres
2079 1732 2135 1786 in
2161 1749 2328 1788 unum
2373 1732 2546 1805 (Psal.
2605 1743 2829 1788 ..ιιι-ιιιί,
2869 1759 2881 1787 ι
2933 1739 3030 1791 fiad
3069 1743 3118 1787 m
3146 1743 3238 1791 tuli
3290 1755 3410 1791 ren-

138 1842 231 1886 est
270 1841 329 1884 ιιι
351 1830 619 1900 judicent,
642 1835 702 1883 ut
731 1826 956 1882 sedeant
972 1825 1189 1896 judices
1212 1826 1267 1879 in
1286 1825 1519 1896 judicio,
1541 1824 1597 1879 in
1626 1841 1738 1895 quo

142 1926 251 1981 soli
283 1939 576 1995 paupe-rw,
601 1930 654 1975 et
682 1919 921 1974 humiles
941 1918 1157 1989 judices
1204 1927 1385 1984 erunt,
1431 1926 1486 1972 et
1523 1917 1740 1987 iudiea—

148 2019 317 2086 bunt,
346 2016 439 2087 qui
469 2030 595 2069 cum
622 2012 784 2067 Petro
803 2010 986 2066 dicere
1008 2019 1268 2081 possunt:
1314 2025 1333 2059 ι
1368 2008 1507 2065 Ecce
1529 2026 1627 2063 nos
1652 2025 1738 2063 re-

146 2108 420 2181 liquimus
459 2105 667 2172 omuia,
696 2112 752 2160 ct
796 2103 972 2159 secuti
1030 2118 1223 2158 sumus
1268 2109 1338 2156 te.
1378 2121 1395 2151 ι
1428 2099 1642 2167 Quibus
1686 2108 1742 2155 et

147 2198 429 2254 Dominus
462 2196 518 2250 in
547 2194 709 2250 Petro
735 2192 1069 2265 respondctz
1103 2210 1123 2245 ‹
1159 2191 1299 2248 Cum
1330 2191 1535 2247 sederit
1569 2190 1739 2246 Filius

148 2288 401 2344 hominis
425 2286 479 2340 in
514 2285 642 2341 sede
668 2284 972 2355 majestatis
1004 2300 1137 2352 suae,
1171 2283 1430 2340 sedebitis
1451 2291 1506 2337 ct
1527 2297 1625 2337 vos
1648 2299 1741 2338 su-

148 2394 254 2448 per
303 2381 462 2436 sedes
504 2379 819 2445 duodecim,
862 2378 1175 2449 judicantes
1235 2377 1528 2433 duodecim
1566 2377 1743 2432 tribus

149 2473 329 2529 lsrael
350 2470 569 2542 (Manli.
598 2488 710 2537 xix,
733 2471 826 2537 27,
856 2470 973 2542 28).
1000 2490 1019 2523 ι

229 2565 357 2634 Vel,
392 2586 411 2616 ‹
443 2584 549 2622 non
578 2575 875 2638 resurgunt
920 2565 1073 2636 impii
1101 2565 1158 2620 in
1192 2564 1403 2636 judicio
1427 2564 1610 2637 (Joau.
1659 2580 1741 2632 ιιι,

154 2658 254 2728 ¹8)
298 2677 317 2710 ι
346 2657 652 2728 iudicandi3
697 2656 825 2727 quia
886 2656 1116 2727 quinon
1163 2656 1415 2723 credunt,
1433 2656 1549 2727 jam
1596 2657 1743 2727 judi-

152 2753 271 2806 cati
309 2760 455 2806 sunt.
487 2748 578 2806 Vel
601 2751 753 2821 impii
777 2749 1083 2821 blasphemi
1117 2749 1172 2805 in
1199 2748 1462 2821 Spiritum
1491 2758 1743 2805 sanctum

155 2859 266 2896 nou
300 2850 594 2913 resurgunt
629 2842 933 2912 injudicio,
997 2851 1054 2897 ιιι
1097 2858 1195 2913 per
1235 2841 1642 2899 contessionem
1694 2851 1748 2897 ct

159 2934 542 3008 poenitentiam
567 2936 836 3008 judicent,
865 2945 1028 3008 atquc
1049 2944 1311 2993 accusent
1333 2952 1393 2992 se
1414 2937 1584 3016 ipsos.
1609 2935 1744 2992 Nam

1839 1822 2141 1892 {ji-cyaneae
2167 1833 2462 1893 peccatores
2492 1831 2842 1896 pertinaciter
2870 1839 3153 1897 peccantes
3190 1847 3299 1884 non
3326 1847 3414 1885 re-

1840 1922 2093 1986 surgunt,
2114 1916 2244 1986 quia
2269 1916 2428 1972 sicin
2452 1932 2621 1973 tinum
2653 1922 2999 1992 congregatis
3027 1931 3125 1978 aut
3176 1922 3414 1978 nullate·

1844 2023 1966 2073 iius,
1990 2017 2085 2063 aut
2108 2008 2373 2064 fallaciter
2393 2009 2786 2082 adjunguntur.
2812 2011 2879 2067 Et
2901 2014 2949 2068 si
2997 2014 3302 2086 ingreditur
3328 2025 3416 2071 ta·

1843 2099 1931 2166 tis,
1957 2116 2095 2156 vana
2150 2101 2392 2173 loquitur
2422 2118 2519 2159 cor
2548 2104 2689 2173 ejus,
2736 2116 3033 2177 congregat
3072 2108 3418 2180 iniquitatem

1843 2191 1948 2246 sibi
1974 2192 2149 2261 (Psal.
2191 2210 2280 2261 xa,
2308 2194 2382 2265 7).
2425 2193 2732 2267 Congu-egat
2770 2198 2882 2253 illic
2921 2198 3285 2271 iniquitatem,
3325 2203 3419 2259 ubi

1843 2286 2116 2355 deponere
2137 2286 2358 2342 deberet
2404 2289 2557 2358 prius
2601 2302 2948 2363 congregata,
2976 2302 3031 2350 et
3055 2295 3275 2351 tandem
3324 2312 3417 2354 so·

1845 2380 2042 2434 eietato
2096 2380 2366 2436 bonorum
2408 2392 2668 2454 gravatus
2718 2385 3041 2456 ingreditur,
3087 2388 3173 2445 vel
3217 2399 3421 2457 mente.

1845 2471 1930 2525 vel
1966 2485 2194 2540 corpore
2218 2470 2385 2536 foras,
2413 2482 2468 2527 et
2503 2472 2748 2544 loquitur
2774 2476 2828 2530 in
2860 2477 3037 2546 ipsum
3062 2480 3322 2537 vanitatis
3357 2488 3438 2537 et'

1846 2563 2151 2635 iniquitatis
2200 2575 2554 2636 augmentum
2585 2569 2763 2636 (ibim,
2788 2568 2866 2640 8).
2902 2570 3193 2628 Sciendum
3228 2583 3314 2630 est
3334 2576 3427 2632 hie

1845 2669 1958 2712 non
1982 2655 2067 2727 agi
2098 2654 2168 2711 de
2223 2658 2466 2727 quolibet
2493 2658 2683 2730 impio,
2716 2660 2800 2714 vel
2830 2669 3154 2732 peccatore·
3176 2661 3311 2720 Nam
3339 2675 3422 2721 te-

1848 2757 2028 2805 stante
2051 2747 2316 2820 Apostolo
2343 2750 2602 2808 Christus
2635 2768 2736 2823 pro
2760 2753 2942 2825 impiis
2962 2765 3214 2814 mortuus
3236 2767 3340 2827 est,
3370 2770 3427 2816 et

1849 2842 1967 2912 ipse
2003 2843 2154 2897 venit
2204 2859 2447 2914 quaerere
2478 2853 2554 2900 ·et
2611 2846 2821 2902 salvum
2868 2845 3049 2905 facere
3095 2850 3244 2921 quod
3295 2867 3423 2923 per-

1851 2937 2021 3004 ierat,
2077 2947 2132 2991 ct
2163 2951 2271 2991 nou
2322 2938 2472 2993 ιειιίι
2500 2953 2694 2994 meare
2722 2939 2934 3011 justos,
2983 2942 3077 2999 sed
3128 2954 3427 3015 peccatores

162 3026 210 3081 si
248 3026 618 3096 nosmetipsos
635 3025 840 3096 judica
842 3040 1034 3089 ·,cmus
1069 3044 1088 3075 ι
1117 3024 1417 3081 aitPaulns
1441 3026 1743 3097 apostoluS,
1775 3067 1819 3124 C
1849 3026 1920 3082 ad
1939 3027 2335 3097 poenitentiam.
2369 3026 2521 3084 Unde
2552 3040 2761 3086 certum
2818 3041 2903 3088 est
2954 3034 3154 3105 impios
3201 3036 3428 3105 multos,

168 3138 191 3170 ε
237 3135 348 3175 non
381 3121 569 3190 utique
585 3118 962 3189 judicaremur
997 3118 1171 3190 (Rom.
1198 3135 1252 3174 xi
1260 3120 1395 3190 m).
1430 3138 1446 3171 ι
1473 3118 1607 3175 Vel:
1646 3137 1747 3174 nou

167 3222 470 3283 resurgunt
492 3211 795 3281 injudicio,
820 3228 931 3281 qno
957 3210 1103 3266 Deus
1140 3210 1353 3282 iudicat
1390 3214 1668 3285 arguendo
1696 3223 1752 3267 et

164 3306 519 3376 corripiendo
554 3305 772 3376 impios,
805 3315 860 3360 et
880 3317 1178 3375 peccatores
1217 3305 1273 3359 in
1295 3306 1400 3361 hoc
1433 3307 1658 3375 mundo,
1693 3316 1752 3360 nt

168 3417 282 3455 non
309 3415 437 3456 cum
466 3399 571 3454 hoc
622 3399 829 3454 mundo
872 3400 1236 3465 damnentur,
1268 3400 1361 3470 qui
1415 3401 1606 3455 saltem
1657 3416 1753 3470 per

166 3491 384 3561 nagelta
407 3491 776 3547 emendabiles
796 3491 1163 3547 inveniantur.
1189 3489 1350 3557 Nam,
1371 3492 1583 3548 dicente
1610 3493 1754 3562 Apo-

168 3575 336 3649 stolo,
362 3599 490 3638 cum
511 3582 846 3654 judeamur,
872 3599 902 3638 a
928 3581 1161 3638 Domino
1184 3584 1535 3653 corripimur,
1561 3592 1618 3639 ut
1643 3598 1753 3638 non

167 3693 301 3733 cum
332 3677 440 3732 hoc
466 3677 672 3732 mundo
702 3676 1029 3731 damnemur
1061 3675 1114 3747 (1
1159 3676 1283 3732 Cor.
1336 3694 1413 3745 xi,
1443 3678 1556 3732 32).
1604 3676 1754 3731 Judi-

169 3771 289 3826 cari
314 3786 345 3825 a
370 3769 604 3826 Domino
626 3770 681 3824 iu
704 3770 808 3825 hoc
832 3771 1055 3835 mundo,
1084 3779 1143 3824 ut
1161 3786 1269 3825 non
1283 3770 1610 3825 damnentur
1631 3785 1754 3824 cum

171 3863 287 3917 hoc
314 3862 547 3929 mundo,
571 3864 780 3917 sanctis
808 3871 895 3917 est
910 3863 1168 3932 optabile.
1203 3859 1361 3917 Unde
1382 3862 1609 3932 quilibet
1631 3863 1755 3915 illo-

173 3968 301 4009 rum
328 3952 464 4008 dicit
491 3972 505 4008 :
539 3972 558 4006 ι
594 3951 785 4008 ludica
816 3970 902 4009 me
926 3996 942 4022 ,
975 3954 1137 4021 DenS,
1162 3963 1218 4009 et
1239 3954 1487 4009 discerne
1533 3970 1755 4010 causam

172 4060 358 4100 meam
391 4044 564 4117 (Psal.
606 4045 761 4115 ιιιιι).
803 4065 822 4097 ι
861 4044 966 4099 Sed
997 4046 1051 4100 in
1087 4047 1192 4100 hoc
1207 4044 1416 4113 judicio
1469 4055 1761 4118 resurgunt

174 4138 359 4209 prima
405 4138 828 4203 resurrectione,
859 4137 952 4208 qui
998 4152 1057 4192 se
1102 4135 1310 4208 flagella
1349 4135 1442 4191 Dei
1493 4139 1760 4193 meruisse

176 4231 388 4294 dolent,
411 4230 724 4300 etamplius
754 4230 967 4297 timent,
992 4241 1048 4285 et
1079 4231 1309 4287 libenter
1336 4240 1531 4287 cavent
1574 4232 1760 4287 dicen-

177 4338 264 4383 tes
299 4328 369 4383 de
401 4328 715 4399 praeterito:
753 4349 771 4379 ‹
804 4328 1023 4385 Dimitte
1069 4331 1226 4387 nobis
1260 4332 1441 4389 debita
1481 4343 1698 4399 nostra;
1735 4353 1751 4384 ι

177 4432 232 4476 et
258 4422 328 4475 de
359 4419 545 4478 t'uturo
566 4463 586 4479 .
617 4439 637 4475 ι
668 4420 747 4477 Ne
812 4438 914 4477 nos
981 4422 1208 4481 inducas
1289 4425 1344 4481 in
1407 4427 1759 4482 tentationem

181 4510 408 4577 (ΠαιιΙι.
441 4530 519 4582 vt,
545 4514 632 4581 12,
662 4515 802 4585 15).ι
827 4515 930 4581 Qui
955 4525 1140 4571 autem
1164 4528 1293 4572 sunt
1317 4519 1488 4588 impii,
1506 4520 1586 4574 vel
1611 4519 1764 4588 peni-

183 4613 277 4661 tus
328 4605 596 4674 infideles,
632 4617 689 4662 ut
728 4611 944 4679 pagani,
985 4610 1069 4664 vel
1112 4610 1409 4665 Christiani
1468 4629 1498 4664 a
1548 4610 1766 4666 Christo

180 4700 475 4769 apostatici
499 4700 785 4766 obstinati,
813 4718 916 4756 uon
947 4712 1236 4773 resurgunt
1258 4704 1358 4759 hac
1383 4705 1555 4774 prima
1585 4719 1769 4758 resur-

183 4792 453 4848 rectione.

262 4884 451 4957 Neque
490 4898 788 4958 peccatores
839 4890 894 4942 iu
923 4890 1148 4944 consilio
1185 4891 1475 4960 justorum.
1533 4871 1686 4946 sicin
1716 4891 1768 4944 iu

183 4979 464 5050 principio
492 4979 687 5050 psalmi
719 4981 936 5038 beatum
976 4983 1291 5053 praedicavit
1319 4982 1521 5050 virum,
1544 4984 1636 5054 qui
1665 4999 1771 5038 non

183 5073 403 5128 obiitin
435 5071 657 5128 covasilio
681 5074 983 5144 impiorum,
1032 5075 1112 5132 sic
1141 5091 1287 5131 nunc
1322 5076 1565 5132 infelices
1586 5086 1772 5131 osten-

188 5168 274 5221 dit
296 5177 633 5238 peccatores,
657 5169 747 5239 qut'
777 5183 881 5222 uon
910 5177 1203 5239 resurgunt
1247 5168 1301 5224 iu
1344 5166 1564 5223 consilio
1588 5167 1739 5237 justo
1757 5199 1771 5210 ·

188 5274 335 5311 mm.
366 5255 654 5313 Contraria
684 5259 786 5316 sibi
810 5268 940 5315 sunt
984 5260 1087 5315 ista
1117 5260 1369 5316 consilia.
1419 5258 1552 5314 Nam
1585 5264 1772 5314 consi-

190 5352 329 5406 lium
364 5350 680 5422 impiorum,
709 5365 770 5406 ut
797 5352 1136 5423 praelibatum
1184 5361 1287 5418 est,
1337 5351 1440 5408 fuit
1493 5351 1777 5422 superbire

190 5445 498 5514 pulverem,
515 5455 570 5502 et
596 5446 781 5503 extolli
803 5448 872 5503 ad
900 5445 992 5502 Dei
1020 5446 1450 5503 similitudinem.
1474 5444 1775 5502 Consilium

193 5536 462 5595 iustorum
490 5547 595 5607 cst,
621 5552 729 5593 non
768 5539 877 5594 alta
908 5554 1121 5608 sapere,
1164 5539 1256 5594 sed
1308 5537 1604 5594 humilibus
1641 5552 1776 5593 con-

194 5630 427 5699 sentire,
463 5640 517 5686 et
541 5630 819 5687 humiliari
849 5632 953 5688 snb
982 5632 1187 5702 potenti
1230 5646 1395 5687 manu
1428 5629 1546 5696 Dei,
1578 5638 1634 5686 et
1662 5644 1779 5686 me·

196 5720 431 5778 mmisse
454 5722 905 5795 hominem,qnia
945 5724 1123 5793 pulvis
1173 5733 1276 5792 est,
1316 5735 1368 5781 et
1418 5725 1472 5779 in
1500 5726 1778 5796 pulverent

523 5817 796 5878 Parnoi..
841 5815 1115 5879 cxcttl.

1850 3126 1906 3173 et
1923 3129 2219 3189 peccatores
2262 3121 2318 3174 in
2372 3125 2774 3193 coum-effatione
2807 3124 3079 3194 justorum
3120 3142 3426 3199 resurgere

1855 3210 1963 3267 Sed
1993 3211 2082 3267 hic
2110 3213 2291 3282 agitur
2312 3212 2379 3267 de
2430 3216 2812 3282 peccatoribus
2840 3217 3107 3275 induratis
3156 3221 3223 3276 ad
3276 3222 3432 3276 simi-

1855 3304 2140 3360 litudinem
2176 3304 2501 3372 PharaoniS,
2539 3308 2743 3377 quibus
2795 3310 2942 3365 nulla
2976 3312 3225 3376 verbera,
3279 3315 3430 3370 nulla

1856 3396 2011 3467 signa
2056 3409 2287 3468 prosunt
2314 3409 2534 3470 propter
2562 3401 2816 3458 duritiam
2853 3405 3034 3459 cordis
3075 3404 3433 3474 obstinatam,

1855 3498 1910 3545 ot
1937 3488 2048 3545 Deo
2073 3499 2278 3546 notam.

1931 3579 2095 3637 Vitas.
2136 3582 2191 3637 6.
2233 3581 2497 3648 Quoniam
2522 3587 2664 3640 ιιουὶι
2698 3586 2976 3655 Dominus,
3018 3589 3113 3660 qui
3139 3598 3269 3645 sunt
3291 3590 3434 3661 ejus,

1858 3683 1913 3728 ct
1958 3676 2098 3729 novit
2152 3676 2292 3729 viam
2330 3676 2621 3745 justorum,
2687 3695 2786 3733 nec
2835 3679 2963 3736 latct
2992 3682 3170 3751 ipsum
3216 3682 3302 3736 ria
3334 3684 3436 3736 im-

1855 3768 2084 3835 piorum.
2133 3765 2292 3824 Novit
2337 3768 2477 3822 eiam
2514 3770 2781 3838 ,iustorum
2829 3787 2926 3841 per
2968 3774 3434 3844 approbationem,

1862 3861 2005 3916 sicut
2053 3860 2196 3916 dicit·
2238 3859 2451 3932 Moysi:
2498 3881 2516 3913 ι
2573 3861 2709 3916 Nori
2760 3873 2811 3917 te
2857 3880 2922 3918 ex
2977 3867 3201 3921 nomine
3237 3865 3437 3937 (Esod.

1861 3966 2057 4018 xxxin,
2100 3953 2212 4021 12).
2257 3972 2275 4004 ι
2343 3952 2484 4008 Dicit
2530 3964 2713 4010 autem
2762 3956 2944 4027 impiis
2981 3975 2994 4011 :
3048 3977 3066 4009 ι
3112 3956 3309 4015 Nescio
3340 3976 3440 4017 vos

1861 4045 2084 4113 (Mania.
2130 4062 2258 4111 xxv,
2318 4046 2438 4117 1Ξ);
2461 4068 2480 4100 ι
2540 4057 2595 4103 ει
2642 4048 2764 4105 idco
2822 4048 2935 4105 Iter
2993 4052 3279 4122 impiorum
3319 4038 3440 4124 per-

1862 4140 1981 4194 ibit.
2013 4138 2109 4195 Via
2130 4140 2420 4210 justorum,
2444 4152 2496 4196 et
2518 4142 2619 4197 iter
2652 4143 2938 4214 impiorum
2967 4146 3188 4218 ponitur
3216 4145 3306 4202 nic
3339 4161 3440 4217 pro

1863 4231 2139 4289 desiderio
2165 4247 2379 4289 eorum.
2406 4232 2542 4289 Nam
2588 4235 2732 4291 sicut
2776 4236 2884 4303 via,
2913 4237 2998 4293 vel
3029 4238 3131 4292 iter
3176 4237 3344 4294 tendit
3370 4238 3439 4293 ad

1864 4326 2194 4381 destinatum
2224 4326 2461 4396 aliquem
2510 4328 2711 4394 locum,
2738 4329 2820 4385 sic
2862 4329 3192 4386 desiderium
3234 4330 3438 4386 bonum

1869 4419 1952 4472 vel
1977 4419 2180 4473 malum
2211 4419 2472 4485 tenditur,
2507 4431 2563 4474 et
2588 4422 2896 4477 extenditur
2925 4422 2994 4478 ad
3039 4423 3245 4495 aliquid
3296 4424 3444 4480 obti-

1871 4512 2129 4567 nendum.
2166 4512 2222 4565 Si
2253 4513 2427 4581 tepide
2447 4514 2656 4584 aliquid
2687 4515 3047 4582 desideratur,
3082 4518 3240 4589 quasi
3291 4518 3445 4574 tarde

1870 4605 2134 4669 ainbulat,
2165 4607 2247 4660 rel
2275 4607 2408 4675 repit
2441 4605 2494 4660 in
2524 4621 2628 4662 suo
2659 4617 2808 4662 motu
2854 4609 3102 4677 spiritus.
3151 4608 3289 4665 Cum
3346 4626 3444 4665 au-

1873 4705 1981 4752 tem
2013 4698 2346 4753 desiderium
2393 4699 2688 4755 vehemens
2736 4700 2984 4768 efficitur,
3038 4717 3235 4759 cursus
3277 4704 3444 4759 animi

1873 4789 2032 4846 velox
2062 4805 2148 4847 est
2177 4790 2244 4845 ad
2273 4791 2844 4861 comprehendendum
2889 4796 3036 4865 quod
3085 4798 3445 4870 concupiscit.

1874 4880 1943 4936 Et
1980 4897 2168 4939 revera
2197 4884 2441 4953 exceptis
2464 4885 2728 4954 parvulis,
2770 4896 2827 4941 et
2851 4886 3010 4943 valde
3058 4886 3227 4944 fatuis
3251 4903 3444 4945 omnes

1877 4984 2135 5041 currunt,
2159 4974 2286 5044 quia
2340 4990 2533 5031 omnes
2591 4978 3006 5050 concupiscunt,
3057 4980 3172 5037 sive
3218 4982 3444 5044 bonum.

1876 5069 1994 5125 sive
2032 5070 2255 5124 malum.
2296 5090 2313 5121 ι
2351 5066 2553 5126 Omnes
2602 5072 2822 5143 quidem
2881 5083 3128 5140 currunt,
3178 5073 3271 5131 sed
3302 5078 3447 5130 uu‘us

1877 5161 2075 5234 accipit
2104 5163 2351 5218 bravium
2402 5162 2455 5231 (Ι
2488 5164 2612 5219 Gor.
2666 5182 2742 5233 tx,
2767 5166 2880 5234 024).
2909 5186 2928 5219 ι
2975 5165 3178 5224 Omnes
3200 5168 3334 5238 J'usti
3359 5180 3450 5221 re-

1879 5264 2139 5325 putantur
2162 5269 2262 5325 pro
2291 5270 2424 5322 une,
2452 5257 2580 5325 quia
2619 5272 2812 5313 eorum
2838 5259 3085 5315 omnium
3116 5257 3446 5314 desiderium

1876 5356 1962 5402 est
1993 5347 2047 5401 in
2081 5363 2211 5412 uuo,
2235 5354 2290 5402 'et
2317 5347 2384 5401 ad
2410 5363 2580 5402 uuum
2604 5348 2659 5404 in
2689 5365 2799 5405 uno
2827 5348 2935 5405 Deo
2957 5350 3061 5405 sibi
3086 5349 3452 5420 propitianda,

1881 5442 1948 5496 ad
1982 5456 2152 5496 unum
2186 5440 2356 5495 Deum
2415 5442 2889 5512 contemplandum
2919 5453 2974 5497 et
3000 5441 3312 5508 vivendum,
3354 5453 3446 5517 ‚at-
3478 5487 3483 5493 .

1880 5550 1990 5605 que
2028 5534 2150 5589 ideo
2191 5535 2352 5601 viam,
2404 5534 2456 5590 id
2490 5544 2576 5589 est
2607 5534 2939 5590 desiderium
2965 5535 3237 5605 justorum
3263 5532 3462 5592 Domi*

1880 5646 1982 5685 aaa
2006 5629 2168 5695 novit,
2199 5627 2255 5683 id
2277 5637 2381 5694 est,
2417 5628 2681 5698 approbat
2714 5628 2900 5701 largus
2920 5630 2986 5685 ad
3009 5606 3271 5699 dandum,
3304 5630 3451 5710 quod

1882 5724 2115 5798 quisque
2145 5723 2417 5792 justorum
2451 5720 2742 5779 desiderat.
2778 5720 2883 5781 Sed
2908 5723 3007 5779 tter
3026 5740 3311 5794 nuptorum
3331 5740 3456 5798 ρει·
3487 5751 3491 5755 -

3029 5818 3203 5879 >1-
