3817 6000
196 194 248 251 {05
635 184 790 243 diludunt
807 182 886 241 CAN.
906 182 987 240 ndu.
1010 183 1039 240 S.
1060 182 1221 240 vtcioitts
1240 180 1352 240 PARlS.
1774 188 1827 247 tut

193 312 226 358 ut
238 311 286 374 per
300 301 354 357 boe
374 298 448 372 quod
473 297 598 369 nequiter
613 296 721 364 uiuunt,
737 306 764 353 et
780 295 847 352 illud
868 297 1024 367 perduntA
1070 295 1236 368 Capillorum
1249 297 1360 354 nomine
1382 296 1608 369 superabundans
1630 308 1736 356 terreum
1761 302 1829 355 sub·

194 395 269 468 quod
292 392 439 450 salubriter
463 390 589 447 credunt.
621 386 791 445 incessanter
813 403 931 459 namque
945 403 985 456 ,se
1036 390 1137 444 stantia
1161 389 1330 461 designatur,
1353 389 1425 444 sicut
1452 389 1480 443 in
1510 387 1657 461 Evangelio
1692 390 1726 445 de
1740 388 1827 447 llaria

194 487 286 561 prauis
300 485 454 542 actionibus
477 483 612 555 polluunt,
629 489 657 538 et
670 498 752 553 super
765 485 818 537 boc
836 482 985 538 vindictam
1036 481 1116 553 212
1131 480 1289 553 Magdalene
1313 482 1445 552 scriptum
1472 488 1534 537 est:
1554 479 1635 536 Stans
1656 491 1726 536 retra
1751 499 1826 539 secus

193 581 260 651 justi
274 578 369 651 judicii
384 578 497 634 retribui
516 591 597 648 posse
609 575 758 632 diffidunt.
783 574 817 630 Et
828 590 899 646 saepe
921 590 985 631 eum
1034 571 1111 643 pedes
1122 572 1240 639 Domini,
1252 572 1379 642 tacrpmia
1391 572 1467 642 cepit
1478 572 1566 643 rigare
1576 572 1653 642 pedes
1669 572 1726 642 ejus
1740 581 1765 626 et
1779 587 1827 628 au·

193 672 263 728 bene
272 671 361 726 ninere
375 669 525 740 negligunt,
534 668 616 723 etiam
626 675 804 738 persequente
814 667 986 737 nullousque
1033 662 1106 735 pillis
1117 665 1172 719 suis
1187 665 1302 736 terpebat
1315 664 1401 737 (itt).
1424 663 1495 731 Quid
1509 679 1627 735 namque
1637 665 1719 736 pedes
1730 662 1825 718 Demi-

194 764 228 820 ad
242 762 383 834 perfidiam
403 761 571 817 dilabuntur.
593 758 661 815 Nam
673 764 721 830 qui
733 759 876 814 imminere
887 758 984 814 distri·
1035 759 1074 824 ni,
1090 757 1143 812 nisi
1157 758 1253 813 ultima
1264 759 1325 830 eius
1353 758 1475 813 membra
1497 757 1668 828 accipimus?
1684 756 1825 829 Lacrymis

194 865 268 913 cturn
279 855 414 926 judicium
436 868 491 908 nun
517 853 632 908 credunt
645 851 691 922 qui
710 851 795 907 inulte
813 866 842 906 se
868 864 985 920 peccare
1034 862 1099 919 ergo
1111 849 1206 905 mulier
1217 850 1298 919 pedes
1319 848 1428 904 Domini
1448 849 1528 920 rigat,
1548 848 1622 921 quod
1638 863 1689 904 nos
1716 862 1827 919 quarpre

194 948 381 1018 suspicantur,
392 962 448 1017 quo
461 955 542 1017 pacto
556 943 599 999 uel
609 959 670 1000 esse
683 944 726 999 uel
739 942 794 999 dici
813 942 906 998 lldelcs
920 957 985 1013 pos·
1034 938 1168 995 ueraciter
1190 941 1308 1012 agimus,
1336 940 1548 1012 si’quibuslibet
1570 940 1674 996 ultimis
1695 941 1828 998 membris

193 1040 280 1096 suntl
292 1039 386 1095 Fidem
400 1038 501 1109 quippe
513 1037 664 1108 perdidisse
682 1043 725 1092 est
746 1034 905 1091 incorrectis
919 1049 985 1107 ope·
1035 1031 1143 1089 Domini
1160 1049 1208 1105 per
1230 1033 1429 1104 compassionis
1459 1032 1585 1090 allectum
1602 1034 1784 1100 inclinemus,
1800 1033 1826 1091 si

192 1132 270 1187 ribus
281 1131 363 1188 malis
374 1131 455 1203 digna
467 1130 542 1186 reddi
557 1145 639 1201 posse
651 1128 784 1199 supplicia
794 1144 848 1184 non
862 1128 982 1184 credere.
1034 1124 1137 1179 sanctis
1150 1123 1210 1194 ejus
1224 1123 1251 1178 in
1282 1123 1457 1180 tribulatione
1484 1123 1676 1194 compatimur,
1692 1125 1716 1180 si
1729 1138 1825 1180 eorum

193 1221 263 1289 Quia
277 1238 343 1295 ergo
357 1221 419 1277 fidei
441 1236 523 1292 opera
540 1228 849 1287 servarecontemnunt,
863 1228 891 1276 et
902 1220 983 1275 fidem
1010 1260 1012 1264 .
1033 1215 1172 1271 tristitiam
1188 1211 1310 1271 nostiam
1332 1223 1469 1287 putamus.
1486 1214 1598 1280 Capillls
1625 1215 1723 1272 mulier
1738 1217 1824 1286 pedes

193 1313 404 1386 penduntquam
421 1322 513 1368 tenere
533 1311 703 1376 ridebantur,
723 1312 794 1367 bene
806 1311 983 1382 ergotalibus
1033 1321 1104 1378 quos
1116 1307 1214 1379 rigavit
1234 1307 1322 1363 tersit.
1338 1305 1434 1378 Capilli
1462 1315 1552 1362 auum
1567 1306 1738 1377 superfluunt
1761 1322 1825 1362 cor·

194 1406 247 1462 sub
274 1405 375 1461 iudaeae
398 1406 488 1474 speeie
518 1418 567 1473 per
591 1404 752 1473 prophetam
777 1401 886 1468 dicium,
915 1398 984 1454 Filii
1031 1399 1103 1470 pori.
1117 1398 1151 1454 Et
1168 1400 1233 1471 quid
1245 1399 1386 1455 abundans
1400 1407 1507 1454 terrena
1531 1398 1694 1466 substantia,
1710 1399 1763 1455 nisi
1778 1413 1826 1454 ca-

194 1495 342 1566 dlempiteos
357 1503 381 1549 et
398 1492 533 1563 Taplmeos
559 1499 795 1562 constupraverunt
818 1501 843 1546 te
856 1507 937 1561 usque
947 1491 983 1545 ud
1032 1493 1159 1564 pillosum
1173 1495 1290 1565 speciem
1306 1494 1396 1549 teneti
1408 1493 1474 1561 Qum
1486 1493 1550 1548 dum
1563 1491 1597 1547 ad
1608 1507 1688 1547 usum
1704 1491 1826 1548 necessi·

193 1587 326 1643 uerticem.
359 1585 449 1656 Usque
479 1586 513 1641 ad
538 1584 666 1640 uerticem
688 1585 788 1656 quippe
810 1584 982 1656 constuprari
1033 1586 1097 1642 tatis
1111 1587 1360 1656 superlinit,etiam
1383 1585 1505 1642 abscissa
1516 1600 1571 1640 non
1593 1584 1684 1639 sentit.
1712 1583 1826 1655 CapiUis

193 1686 238 1735 cst
254 1688 317 1749 post
330 1678 409 1734 malae
428 1678 595 1749 operationis
608 1694 687 1733 usum
701 1677 784 1733 etiam
809 1677 896 1747 ipsam
922 1678 985 1733 lldei
999 1668 1021 1722 Β
1035 1692 1101 1749 crgo
1113 1677 1195 1747 podes
1209 1676 1317 1732 Domini
1342 1676 1484 1748 tergimus,
1513 1674 1624 1746 quando
1639 1673 1741 1729 sanctis
1752 1673 1825 1744 ejus,

193 1771 388 1827 sublimitatem
402 1771 550 1841 corrumpi.
567 1769 635 1826 Cum
658 1769 731 1825 enim
745 1768 907 1839 nequissimi
928 1769 986 1839 spi·
1034 1769 1136 1841 quibus
1162 1778 1241 1825 etex
1263 1768 1397 1823 charitate
1419 1767 1610 1836 compatimur,
1630 1768 1711 1822 etlam
1731 1782 1765 1821 cr
1780 1765 1826 1821 his

193 1863 263 1918 ritus
285 1861 501 1933 uniuscujusque
523 1860 683 1916 animamin
699 1858 986 1931 pravisuolvunt,sed
1034 1879 1096 1934 quae
1118 1862 1199 1918 nobis
1228 1860 1400 1931 superfluunt
1419 1860 1591 1926 miseremur,
1623 1866 1759 1928 quatenus
1782 1856 1826 1913 sie

194 1955 375 2025 integritatem
388 1953 449 2008 lidei
464 1953 561 2008 ritinre
583 1969 638 2007 non
654 1961 778 2024 possunt,
793 1952 872 2027 quasi
895 1952 987 2008 adbuc
1034 1972 1113 2012 mens
1127 1971 1175 2026 per
1190 1953 1408 2025 compassionem
1424 1952 1524 2018 doleat,
1540 1961 1569 2007 ut
1581 1951 1662 2008 etiam
1673 1950 1747 2021 larga
1761 1965 1824 2006 ma·

119 2076 124 2086 ·
194 2045 323 2101 inferiora
334 2045 456 2099 membra
469 2043 604 2114 polluunt,
615 2044 661 2099 sed
673 2044 707 2098 ad
716 2043 845 2099 uerticem
857 2056 912 2097 non
923 2057 986 2113 per·
1034 2063 1087 2102 nus
1107 2046 1233 2101 allectum
1252 2044 1356 2100 doloris
1379 2043 1514 2099 ostendat.
1547 2041 1627 2115 Rigas
1643 2057 1761 2112 namque
1782 2040 1825 2095 la·

193 2136 312 2206 tingunt.
330 2134 461 2205 Quisquis
484 2142 575 2190 autem
590 2135 616 2188 in
637 2134 690 2189 tide
705 2136 900 2205 corrumpitur,
925 2133 985 2204 jam
1033 2136 1336 2211 crpmisltedenrptoris
1354 2136 1448 2207 pedes,
1475 2134 1524 2191 sed
1550 2132 1657 2204 capillis
1684 2132 1742 2188 suis
1768 2147 1825 2188 non

193 2241 281 2296 usque
293 2226 326 2281 ad
338 2228 467 2282 uerticem
481 2234 684 2296 constupratur.
696 2225 830 2299 blalignus
842 2226 916 2282 enim
929 2226 986 2296 spi·
1032 2233 1124 2304 uergit,
1143 2230 1191 2303 qui
1214 2238 1354 2299 utcunque
1374 2227 1562 2299 proximarum
1586 2226 1674 2282 dolori
1713 2239 1826 2295 compa·

192 2317 265 2373 ritus
289 2317 369 2389 quasi
395 2319 430 2373 ab
458 2317 635 2374 inferioribus
659 2319 801 2385 membris,
836 2333 925 2390 usquc
950 2319 986 2374 ad
1033 2323 1241 2389 titur,sedeum
1256 2320 1342 2376 cisen
1357 2319 1476 2389 hisquae
1494 2317 1546 2374 sibi
1569 2316 1741 2388 superfluunt
1768 2329 1824 2372 uun

197 2424 306 2465 summi
334 2410 414 2482 211
444 2409 582 2481 pertingit,
612 2409 722 2479 (titudo
751 2410 867 2466 uelitum
899 2410 985 2465 titum
1032 2416 1187 2471 miseretur.
1203 2412 1306 2480 Plorat,
1330 2419 1359 2467 et
1378 2424 1434 2465 non
1458 2410 1549 2482 tergit,
1572 2410 1619 2483 qui
1634 2409 1717 2465 uerba
1743 2406 1824 2478 quasi

192 2502 318 2573 polluens
329 2511 432 2558 castam
443 2501 505 2558 [idei
516 2500 705 2557 celsitudinem
719 2500 875 2559 diffidentiae
887 2502 985 2558 morbo
1032 2508 1136 2565 doloris
1148 2506 1257 2573 tribuit;
1270 2505 1319 2562 sed
1332 2520 1387 2561 non
1396 2504 1577 2561 ministrando
1587 2518 1649 2576 quae
1657 2501 1756 2560 desunt
1766 2500 1825 2557 vitu

192 2594 352 2665 corrumpit.
1033 2601 1137 2658 doloris
1153 2597 1266 2656 minime
1276 2597 1423 2655 abscindit.

493 2708 609 2765 curun
630 2708 685 2764 vu.
758 2700 761 2707 ’
1327 2732 1442 2790 curun
1461 2730 1529 2787 vtrt.

1335 2861 1368 2902 be
1388 2858 1519 2901 ctn'ctttuo.

500 2817 533 2855 Dli
552 2817 682 2858 ctetttts.

194 2891 229 2946 iu
240 2890 378 2961 Scriptura
397 2908 473 2946 sacra
487 2892 646 2962 capiliorum
666 2896 769 2950 nuntiae
781 2894 924 2965 aliquando
937 2894 984 2949 de-

227 2963 338 3033 fluentes
358 2963 633 3034 animicaqitationcs,
653 2964 798 3048 aliquando
820 2964 984 3036 superabun—
1070 2962 1144 3033 (its)
1163 2959 1289 3018 cincinni
1324 2960 1445 3030 nornine)
1469 2959 1595 3016 collectio
1624 2959 1824 3031 cogitationum

227 3035 293 3088 ‘iili
313 3042 415 3088 “iiiii“
427 3035 576 3088 substantia
591 3035 760 3107 irrietttgnnr.
996 3023 1018 3080 C
1034 3056 1191 3127 designatur
1207 3057 1279 3110 sicut
1291 3070 1339 3125 per
1348 3053 1516 3110 Ezechielem
1529 3052 1687 3123 prophetam
1702 3052 1822 3107 dicitur:

227 3144 303 3217 (its)
322 3144 486 3216 (lapillorum
512 3162 611 3202 nomen
627 3149 711 3204 animi
734 3151 913 3222 cogitationes
934 3151 983 3208 de·

191 3236 294 3308 signat,
306 3237 378 3293 sicut
393 3238 427 3293 dc
441 3247 536 3294 sancto
549 3240 608 3294 uiro
622 3240 723 3296 dieitur
736 3261 743 3296 :
756 3240 792 3296 Et
805 3252 880 3298 tama
892 3246 978 3315 capite

190 3344 315 3382 corruens
330 3329 359 3381 iu
373 3338 471 3383 terrum
483 3332 603 3385 adorauit
615 3330 685 3403 (dab.
702 3332 732 3403 ι).
749 3332 819 3400 Quid
832 3336 903 3391 euim
919 3351 981 3393 mu·

191 3420 285 3475 ralltcr
297 3435 344 3490 per
355 3420 467 3491 capillos
487 3422 542 3478 nisi
560 3423 708 3479 dellueutcs
722 3426 807 3481 animi
836 3429 981 3499 cogitatio-

191 3525 241 3565 nes
260 3511 426 3580 accipimus?
440 3509 518 3568 Unde
530 3522 557 3569 ct
581 3514 649 3569 alias
674 3529 781 3585 sponsae
795 3517 914 3574 dicitur:
936 3519 982 3576 Si·

191 3609 235 3654 cut
248 3601 313 3655 uitta
324 3603 443 3656 coccinea
456 3603 582 3657 labiatua
596 3620 703 3674 sponso,
728 3615 753 3659 et
762 3606 896 3677 cloquium
906 3618 980 3665 tuum

190 3691 267 3746 dulce
276 3689 365 3762 (darn.
377 3710 413 3762 rr,
421 3693 459 3766 5).
473 3691 545 3749 Vitta
559 3695 659 3766 quippe
668 3697 759 3753 crines
770 3699 866 3768 capitis
876 3701 980 3755 astrin-

191 3784 239 3856 git.
260 3783 344 3840 Labin
354 3800 419 3857 ergo
429 3801 547 3857 sponsae,
559 3788 703 3845 sicutuitta
715 3797 790 3859 suut,
801 3792 865 3862 quia
878 3792 980 3848 erbor-

191 3875 293 3932 tutione
307 3886 407 3933 sanctae
425 3877 561 3947 Ecetcstae,
576 3890 680 3937 cunctae
693 3882 721 3937 in
735 3883 890 3939 auditorum
903 3899 981 3940 men·

191 3969 265 4023 tibus
283 3969 387 4025 diffusae
398 3970 576 4043 cogitationes
592 3973 720 4044 ligantur,
741 3991 776 4030 ne
802 3976 980 4032 remissaede·

190 4060 284 4126 durarit,
302 4076 335 4115 ne
349 4076 409 4115 sese
419 4077 468 4131 pcr
481 4062 575 4118 illicita
592 4074 731 4136 spargant,
749 4083 783 4120 nc
796 4082 898 4137 sparsae
914 4083 979 4123 cor·

186 4152 232 4206 dis
246 4152 340 4208 oculos
361 4153 525 4222 deprimant,
538 4155 586 4210 sed
603 4157 682 4226 quasi
702 4158 736 4213 ad
753 4174 835 4213 unam
848 4175 877 4215 se
890 4160 979 4217 iuterr-

1033 3146 1068 3201 iti
1080 3148 1176 3201 antisse
1194 3145 1341 3200 sinrilitudo
1359 3160 1452 3198 manus
1468 3143 1638 3214 apprehendit
1655 3159 1695 3197 nte
1712 3143 1740 3195 in
1764 3142 1825 3197 ein-

1032 3242 1109 3296 cinno
1124 3241 1219 3311 capitis
1235 3240 1295 3309 urei,
1318 3247 1343 3293 et
1360 3238 1469 3293 eleuauit
1492 3253 1533 3290 nte
1552 3237 1663 3307 spiritus
1687 3238 1756 3292 inter
1769 3247 1823 3290 ter·

1033 3349 1090 3387 ram
1100 3345 1124 3387 et
1139 3333 1241 3398 coeiitm,
1258 3342 1283 3385 et
1296 3330 1408 3385 adducit
1419 3346 1460 3384 me
1472 3330 1499 3383 in
1509 3327 1659 3383 Jerusalem
1670 3328 1697 3381 in
1719 3330 1820 3382 visione

1032 3425 1139 3479 Domini
1152 3425 1234 3495 justa
1256 3425 1354 3479 ostium
1378 3422 1488 3476 interius
1502 3421 1572 3492 quod
1605 3419 1760 3490 respiciebat
1786 3420 1823 3473 ud

1031 3517 1182 3588 aquilonem
1203 3516 1321 3571 abierat
1350 3511 1597 3569 statutnmidoium
1616 3511 1666 3566 seii
1694 3512 1729 3565 ad
1754 3528 1821 3581 pro-

1031 3611 1176 3667 vocandam
1196 3610 1390 3666 emulationem
1403 3607 1512 3680 (uzeca.
1536 3623 1597 3672 urit,
1613 3605 1651 3676 3).
1679 3604 1821 3662 iustorum

1031 3718 1119 3768 meus,
1135 3702 1199 3773 quia
1222 3717 1271 3772 per
1285 3700 1437 3758 custodiam
1463 3698 1614 3770 discipliuae
1632 3706 1821 3753 acunctorum

1030 3794 1178 3850 visibilium
1191 3793 1264 3849 lluxo
1275 3792 1394 3864 appetitu
1405 3791 1611 3861 constringitur,
1623 3790 1734 3846 collecta
1748 3791 1821 3859 apud

1031 3887 1202 3959 semetipsam
1218 3887 1384 3942 intrinsecus
1405 3885 1563 3956 integratur,
1590 3882 1733 3953 qualisque
1751 3879 1820 3950 Deo,

1030 3979 1071 4035 uel
1086 3979 1212 4050 proximo
1225 3994 1287 4035 csse
1299 3978 1397 4034 debeat
1407 3978 1486 4048 plene
1511 3974 1652 4045 conspicit,
1668 3974 1732 4044 quia
1749 3973 1821 4029 nilril

1030 4088 1111 4130 suum
1125 4071 1246 4128 exterius
1260 4069 1424 4141 derelinquit
1438 4088 1445 4124 :
1459 4066 1492 4123 Ει
1518 4074 1621 4137 quanto
1637 4063 1820 4121 exterioribus

1030 4162 1166 4217 abstracta
1177 4160 1373 4232 compescitur,
1397 4168 1474 4214 tanto
1496 4166 1575 4213 aucta
1596 4157 1625 4211 in
1652 4154 1757 4211 intimis
1776 4154 1820 4209 in-

189 4243 292 4297 tionem
315 4243 454 4315 colligant,
480 4242 545 4299 dum
570 4246 636 4301 vitta
651 4261 698 4302 eas
717 4259 820 4304 sauctae
847 4252 979 4320 praedica·
1028 4250 1193 4306 flammatur.
1209 4249 1308 4321 thuo
1326 4251 1413 4322 magis
1427 4251 1512 4317 ardet,
1534 4265 1567 4305 eo
1594 4247 1627 4303 ad
1641 4245 1819 4317 comprehcn-

189 4332 272 4389 tionis
300 4332 375 4404 ligat.
400 4333 487 4403 Quam
506 4343 579 4392 recte
623 4347 650 4391 et
676 4339 829 4395 coccineam
867 4344 975 4410 asserit,
991 4367 1013 4420 Ι)
1028 4341 1116 4398 denda
1139 4341 1220 4415 213
1248 4342 1448 4412 ritiaanrplius
1477 4342 1558 4397 lucet.
1577 4339 1647 4396 llinc
1674 4346 1716 4394 est
1743 4336 1818 4408 quod

188 4425 252 4496 quia
278 4435 433 4481 sanctorum
457 4426 614 4497 pradicatio
635 4429 695 4485 solo
716 4431 859 4488 charitatis
877 4434 976 4490 ardore
1027 4433 1114 4487 sancti
1126 4434 1177 4488 uiri
1189 4432 1255 4488 dum
1270 4448 1300 4489 se
1313 4433 1385 4488 intra
1405 4433 1566 4503 semctipsos
1590 4432 1730 4503 colligunt,
1747 4428 1818 4484 mira

187 4518 359 4577 llarnntesclt.
385 4519 456 4587 Quid
466 4535 531 4577 uero
554 4536 602 4591 per
615 4532 707 4593 caput,
723 4524 776 4579 nisi
789 4541 850 4595 quae
872 4526 975 4596 princi·
1027 4542 1059 4583 ac
1073 4526 1232 4598 penetrabili
1245 4528 1305 4583 acie
1320 4527 1426 4583 occulta
1448 4529 1531 4583 etiam
1557 4527 1645 4582 aliena
1660 4524 1756 4580 delicta
1768 4522 1819 4576 de-

188 4613 249 4682 pale
273 4612 408 4683 cujusque
431 4612 549 4668 actionis
573 4621 625 4682 est,
639 4629 717 4671 mens
750 4616 808 4686 ipsa
835 4618 976 4688 signatur?
1026 4620 1208 4690 prehendunt.
1240 4619 1316 4676 Unde
1343 4621 1411 4678 bene
1434 4636 1507 4677 nuuc
1525 4635 1574 4691 per
1593 4617 1760 4673 Ezechielem
1774 4615 1818 4670 di-

187 4704 350 4777 Caputergo
364 4705 510 4761 detondere
523 4715 565 4761 est
587 4707 765 4778 cogitationes
787 4709 937 4779 superlluas
960 4726 975 4764 a
1027 4714 1099 4770 citur
1115 4712 1244 4769 :Emissa
1257 4714 1406 4770 similitudo
1421 4732 1515 4770 manns
1526 4710 1697 4785 apprehendit
1711 4725 1760 4764 me.

187 4805 278 4853 mente
292 4812 424 4853 resecare.
440 4796 475 4852 Et
500 4810 574 4854 tonso
596 4801 719 4870 capitein
743 4809 841 4854 terram
864 4803 974 4868 corruit,
1331 4803 1445 4860 CAPUT
1465 4804 1510 4859 lll.

193 4889 269 4959 qnia,
283 4889 416 4959 repressis
442 4892 662 4962 presumptionis
678 4907 734 4948 suae
753 4894 973 4963 cogitationibus,
1354 4914 1388 4952 ue
1401 4913 1479 4953 rrtts.

187 4983 308 5053 quamiu
327 4982 473 5054 semetipso
489 4984 614 5039 indimus
638 4984 674 5040 sit
688 4985 827 5040 lrumilitcr
840 4988 974 5057 agnoscit.
1063 4991 1139 5064 (ild)
1159 4990 1210 5046 Pili
1236 4989 1388 5060 superfluas
1403 4989 1530 5044 burnanae
1558 4988 1753 5058 corruptionis,
1772 4991 1817 5047 rel

222 5074 256 5130 tu
272 5076 421 5131 nomndum
439 5076 512 5146 quod
538 5077 679 5132 interram
694 5092 825 5133 corruens
841 5078 973 5135 adorauit.
1025 5083 1088 5139 ritae
1104 5083 1204 5139 veteris
1222 5083 1401 5153 cogitationes
1427 5079 1580 5151 designant,
1605 5079 1677 5135 sicut
1703 5079 1817 5151 Elipbas

187 5166 233 5223 llle
244 5168 316 5224 cnim
329 5183 420 5224 reram
445 5166 500 5224 Deo
515 5168 666 5225 orationem
679 5170 798 5237 exbibet,
812 5172 859 5242 qui
876 5184 974 5228 semet·
1025 5176 1111 5230 dicit:
1128 5173 1195 5229 dum
1218 5174 1328 5245 spiritua
1353 5189 1394 5227 me
1417 5172 1701 5244 presenteitramiret
1723 5174 1816 5228 innor-

188 5261 290 5330 ipsum,
323 5261 388 5333 quia
420 5261 508 5331 pulvis
533 5261 569 5317 sit
590 5261 814 5318 bumilltervidct
832 5264 878 5335 qui
905 5264 973 5319 nibil
1025 5276 1134 5321 rucrrint
1156 5265 1205 5335 pili
1220 5265 1308 5319 aaran
1326 5280 1391 5319 meoe
1409 5263 1480 5335 (lab.
1501 5280 1538 5332 tv,
1562 5264 1618 5335 15).
1634 5263 1719 5321 Nabis
1741 5281 1815 5335 prae-

187 5354 240 5408 sibi
257 5352 364 5409 uirtutis
376 5352 482 5417 tribuit,
497 5353 543 5422 qui
568 5352 639 5408 bona
655 5369 716 5425 quae
728 5354 785 5425 agit
796 5369 857 5411 esse
870 5356 903 5411 de
921 5356 974 5410 nai·
1025 5359 1147 5415 sentibus
1173 5357 1271 5412 transit
1299 5358 1422 5427 spiritus,
1454 5358 1566 5428 quanda
1591 5359 1737 5415 invisibilia
1765 5373 1813 5412 co-

187 5445 335 5500 serieurdia
349 5443 504 5500 conditoris
515 5445 647 5515 agnoseit.
1025 5451 1191 5521 gnoscimus,
1209 5458 1236 5504 et
1259 5459 1349 5505 tamen
1371 5450 1428 5505 baec
1453 5464 1508 5504 non
1524 5452 1628 5518 solide,
1652 5451 1699 5507 sed
1713 5451 1813 5521 raptim

220 5554 289 5627 lidii)
307 5557 346 5612 Ει
359 5559 379 5613 l.
396 5576 426 5626 n,
442 5559 468 5612 in
482 5557 543 5624 lob,
560 5574 585 5614 c.
601 5575 685 5630 ιιιίι,
700 5570 762 5633 pest
774 5562 845 5619 med.

222 5625 297 5697 till)
316 5629 356 5685 Ex
370 5631 443 5688 bom.
456 5630 491 5686 55
502 5631 530 5687 in
546 5629 652 5719 Etang.

1060 5561 1135 5630 (aii)
1154 5560 1192 5615 Ει
1208 5561 1255 5616 lib.
1275 5578 1351 5628 xxxi,
1366 5562 1393 5616 in
1408 5562 1458 5619 iob
1472 5580 1532 5635 cap.
1550 5581 1598 5632 ιιι,
1612 5571 1673 5634 post
1684 5561 1756 5618 med.

1061 5631 1136 5703 (tit)
1151 5631 1191 5687 Ex
1202 5633 1251 5689 lib.
1264 5649 1279 5691 ι’
1300 5636 1328 5690 in
1341 5633 1402 5702 lob,
1415 5651 1439 5690 c.
1455 5652 1533 5690 ιιιιι.
