3817 6000
146 163 200 222 tos
374 206 381 223 r
474 163 751 220 consentanius
770 164 804 218 ΙΝ
823 164 992 223 PSdLllOS.
1009 197 1046 209 -
1061 167 1152 224 PARS
1171 168 1192 223 l.
1212 199 1247 209 —
1264 166 1361 226 PSdL.
1381 167 1424 223 l‘l.
1714 170 1766 228 706

144 282 296 339 electorum
326 280 362 335 ab
387 290 487 335 aterna
519 280 756 351 praedestinatione
782 283 1073 349 inclinas·it,Atamen
1099 283 1201 340 sanctis
1220 283 1275 355 jam
1301 286 1440 341 coronatis
1466 285 1494 339 in
1514 299 1609 341 eorum
1630 286 1765 358 praecipue

142 385 249 441 eosque
282 369 416 436 vocando,
447 370 643 441 justificando,
671 387 704 426 ac
734 373 932 444 magnificando
983 374 1114 429 natalitiis
1130 374 1359 445 congaudeamus,
1375 390 1524 446 eurumque
1542 377 1680 447 triumpho
1699 393 1766 433 cou-

143 462 227 531 quasi
243 460 352 532 longam
373 461 471 517 lineam
494 461 607 518 lloribus
627 462 759 519 virtutum
771 465 867 531 texuit,
886 472 933 519 aut
983 461 1153 535 gratulantes
1171 462 1294 519 dicamus
1320 483 1327 517 r
1354 459 1436 518 Scato
1459 464 1533 518 louoe
1552 464 1694 521 uoluntatis
1713 475 1767 523 tuta

140 568 179 609 ex
195 569 264 609 auro
283 553 427 610 charitatis
441 556 555 625 geminae
572 554 724 623 fabricarit,
740 571 790 612 nec
804 566 866 612 ante
882 556 930 613 de·
983 556 1115 609 enuntiasti
1142 570 1198 622 eor,
1221 553 1345 609 Domine.
1357 553 1387 610 ln
1402 553 1473 610 testo
1495 555 1577 610 etiam
1592 555 1674 612 unios
1690 570 1766 612 mar-

142 642 219 701 sistit
241 644 276 701 ab
298 660 392 716 opere,
410 660 492 715 qoam
520 645 663 701 aeternitati
686 646 932 717 praedestinationis
983 646 1066 718 tyris,
1090 646 1132 701 vel
1169 645 1335 702 coulessoris
1372 647 1593 719 congratulantes
1621 647 1659 702 illi
1690 648 1767 704 dica·

140 736 323 792 aetcrnitatem
339 739 467 808 conjugat
488 738 664 793 beatitudinis
683 740 842 805 electorum,
859 739 932 810 quod
982 751 1045 790 mus
1055 734 1127 807 aaa)
1137 734 1374 803 leonumlonum,
1385 738 1431 808 poi
1441 740 1584 807 sperantia
1597 747 1630 803 le,
1644 738 1764 804 bomine,

144 835 190 883 est
201 826 344 897 cujusdam
354 828 531 899 longitudinis
543 829 741 885 circumductio
758 830 786 883 in
801 830 930 901 idipsum,
981 827 1105 897 quoniam
1123 838 1152 882 tu
1175 828 1337 884 benedixisti
1349 828 1432 899 jueta,
1444 838 1518 884 scuto
1531 829 1606 884 bauer
1621 829 1765 885 uoluntatis

140 928 175 973 ιιι
188 919 278 989 primo
287 918 591 989 jungaturextrcmum.
605 920 661 976 Nec
676 921 706 976 lit
721 922 869 990 distinctio,
885 929 933 978 aut
983 926 1034 972 lnoe
1052 918 1183 973 coronasti
1199 936 1269 973 eum.
1285 918 1343 974 Non
1364 935 1407 975 me
1428 920 1549 976 derideat
1569 922 1714 992 qnisquam
1730 922 1767 978 le-

140 1010 263 1066 varictas
287 1011 358 1066 inter
379 1011 507 1082 primum,
524 1020 552 1066 et
565 1012 713 1069 ultimum:
735 1034 745 1067 ι
760 1014 835 1082 Quos
858 1017 931 1070 enim
981 1016 1075 1064 clarus
1083 1009 1232 1079 ista,quasi
1244 1012 1441 1067 cantilenarum
1453 1012 1608 1069 levitatibus
1618 1013 1764 1070 internum.

138 1102 293 1174 prescivit,
311 1102 387 1157 bosa
417 1112 444 1159 et
463 1118 517 1158 non
534 1103 601 1159 alios
619 1123 628 1156 ι
646 1106 846 1175 praedestinavit
865 1122 931 1162 con·
981 1097 1038 1167 Ειιῡ
1051 1100 1124 1155 essim
1152 1101 1210 1157 ltaec
1228 1117 1282 1158 1¹0¹}
1303 1104 1394 1159 scribo
1409 1119 1456 1160 seo
1478 1104 1590 1176 legenda
1602 1105 1696 1176 iugero
1712 1119 1767 1160 an·

139 1189 245 1248 rama
265 1193 325 1249 aen
347 1193 476 1265 rmagnos
501 1192 573 1249 rtrrt.
587 1193 661 1261 nuos
683 1206 773 1252 aurem
790 1197 932 1268 preaesu-
980 1192 1123 1257 stetisse
1148 1194 1236 1250 doctis
1262 1197 1411 1267 magestas,
1425 1197 1660 1267 ‹patrocinemur›
1674 1197 1766 1254 uam-

139 1285 229 1350 narit,
244 1285 323 1341 bosi
345 1300 441 1341 omnes
456 1285 671 1344 lieetuonsolos
689 1307 698 1340 ι
718 1291 843 1345 vocavit:
859 1289 931 1356 Quor
980 1284 1061 1340 bibus
1076 1284 1174 1354 Balbi,
1193 1287 1240 1343 scd
1269 1287 1337 1342 milli
1362 1287 1506 1355 fameliffl,
1537 1290 1660 1360 meisque
1684 1289 1764 1347 siml·

139 1387 233 1432 autern
247 1378 358 1445 necarit,
376 1377 433 1445 los,
451 1398 460 1430 ι
476 1378 526 1435 etsi
540 1394 594 1433 uon
622 1396 727 1448 ornnes,
742 1392 832 1436 tamen
846 1385 929 1451 solos,
980 1374 1051 1433 libus
1066 1378 1764 1454 ¹1¹³l¹l¹1¹⁰¹¹⁰0lll⁵¹1¹¹⁸⁰lll¹⁵llellsslllllsvalstllllelue

139 1478 169 1524 et
184 1469 322 1525 nonullos
340 1488 350 1521 ι
362 1469 534 1540 justificavit.
549 1469 582 1524 Et
597 1472 897 1543 praepedimentum
916 1494 926 1528 ι
979 1468 1306 1542 dignantibnsinpascois
1316 1472 1460 1528 uberrimis
1473 1475 1590 1544 pastoris
1602 1474 1686 1531 llarid
1697 1491 1764 1532 con·

139 1569 168 1616 et
192 1561 276 1628 solos,
302 1570 329 1617 et
354 1577 460 1632 omnes,
486 1578 519 1619 ac
541 1579 596 1619 uon
618 1564 687 1619 alios
713 1583 723 1617 ι
749 1567 928 1639 magnificavit
979 1561 1059 1631 quim
1080 1566 1292 1633 pastum,etiam
1314 1564 1341 1619 in
1368 1562 1468 1635 sapore
1488 1566 1700 1637 antiphonarum
1728 1568 1763 1624 de

139 1653 229 1721 (Rom.
242 1670 302 1723 rnt,
314 1656 372 1727 ιθ),
390 1675 400 1708 ι
417 1672 471 1712 non
485 1657 574 1725 aliter,
589 1673 671 1728 quam
684 1660 848 1716 aetemalitor
860 1677 930 1732 prae-
944 1654 966 1710 B
979 1651 1096 1710 Psalmis
1115 1664 1284 1727 excerptum,
1304 1672 1352 1713 ⁵0¹¹
1364 1659 1447 1713 etiam
1469 1660 1719 1730 ¹⁰Sl⁰¹¹S⁰li⁰l1¹lllt
1735 1669 1764 1716 et

138 1746 297 1814 destinarit,
316 1757 347 1803 ut
371 1747 443 1805 sicut
467 1750 689 1821 praedestinamur
704 1749 756 1808 luit
768 1753 803 1808 ab
816 1762 927 1822 aeterno,

139 1839 179 1897 ita
196 1852 224 1897 et
239 1842 434 1912 magnificatio,
449 1859 497 1900 seu
510 1843 676 1900 beatillcatio
697 1844 845 1901 electorum
867 1862 930 1917 per·

138 1945 250 1989 maneat
259 1935 288 1988 in
298 1945 442 2002 aeternum,
457 1934 547 2006 sitque
560 1952 615 1992 una
628 1945 655 1993 et
665 1936 760 1994 eadem
778 1939 927 2007 aeternitas,

138 2040 196 2080 uua
217 2032 244 2081 et
265 2025 362 2081 eadem
382 2026 543 2083 aeternitatis
560 2028 668 2085 bonitas
687 2045 742 2085 non
760 2029 848 2085 solum
860 2046 929 2086 cau·

138 2119 197 2175 sale
220 2135 253 2179 ac
270 2119 445 2190 primordiale
458 2122 637 2193 principium,
654 2123 701 2180 scd
720 2131 747 2179 et
759 2123 848 2180 linaiis
861 2139 927 2180 con-

138 2215 288 2269 summatio
298 2214 474 2270 beatitudinis
486 2216 646 2284 electorum,
657 2227 687 2273 ut
701 2218 813 2273 onroino
827 2228 928 2274 aeterna

137 2306 177 2360 sit
199 2320 302 2361 corona
327 2319 423 2362 eorum
437 2307 472 2362 ab
492 2316 593 2363 aetcrno
607 2309 745 2375 inchoata,
758 2320 786 2365 et
799 2324 928 2366 consum·

979 1746 1094 1803 aliarum
1118 1749 1297 1816 canticorum,
1311 1764 1372 1820 quae
1390 1750 1424 1806 de
1444 1748 1564 1807 Psalmis
1573 1761 1712 1822 excerpta,
1732 1760 1764 1807 nt

979 1839 1087 1910 sapiant
1099 1839 1248 1912 jucundius
1262 1850 1289 1896 et
1304 1841 1421 1909 dulcius,
1447 1858 1498 1898 nos
1510 1843 1565 1898 illls
1577 1844 1689 1899 musicae
1701 1860 1765 1899 sua-

978 1929 1070 1987 vitatis
1095 1930 1203 1987 notulas
1229 1930 1365 2000 interdum
1388 1941 1609 2003 supernotamus,
1633 1936 1762 2005 quonlam

978 2030 1007 2077 et
1027 2022 1085 2093 ipse
1099 2025 1204 2094 primus
1214 2025 1371 2080 enuntiator
1380 2023 1554 2082 Psalmorum
1568 2034 1662 2097 pastor
1677 2026 1763 2082 llarid

978 2116 1083 2170 musica
1106 2117 1241 2171 suauitate
1261 2131 1309 2187 per
1327 2125 1464 2182 cantores,
1475 2132 1530 2187 per
1547 2119 1706 2188 psalterium
1717 2118 1762 2189 jo-

979 2208 1097 2263 cundum
1121 2223 1184 2263 cum
1209 2208 1319 2280 cythara
1340 2225 1442 2281 perque
1464 2209 1517 2265 alia
1539 2210 1644 2266 musica
1659 2211 1762 2266 instro·

978 2308 1070 2353 menta
1082 2298 1230 2354 verborum
1256 2300 1416 2368 temperavit
1441 2299 1626 2357 austeritatem
1640 2317 1647 2354 ε
1661 2299 1694 2354 lu
1708 2300 1763 2356 llne

137 2403 215 2450 mata
237 2395 266 2450 in
284 2404 415 2452 aeternum
439 2397 611 2469 perlongum
629 2400 789 2465 uacationis,
806 2400 928 2469 etjustl-
978 2392 1060 2463 hujus
1083 2393 1180 2462 psalmi
1205 2393 1476 2448 recommemorando
1508 2392 1690 2465 principium,
1715 2392 1763 2450 llll

138 2485 276 2543 licationls
296 2488 429 2544 ambitum
449 2490 633 2557 circumllcxa,
649 2500 676 2547 et
691 2491 798 2546 tarrdem
810 2492 913 2548 indisso
977 2489 1049 2543 trina
1077 2488 1250 2559 praemittitur
1283 2487 1371 2544 oratio
1400 2488 1427 2542 in
1461 2487 1604 2545 Trinitatis
1640 2488 1764 2547 nomine.

138 2579 219 2634 lubili
230 2581 390 2637 :eternitatis
404 2580 477 2637 nodo
499 2582 527 2638 in
552 2583 669 2654 idipsum
684 2593 820 2639 contexta.
978 2579 1102 2636 Triuitati
1126 2579 1214 2637 eidem
1229 2579 1374 2637 referimus
1391 2582 1494 2651 gratias
1512 2580 1652 2638 dicendo:

174 2671 239 2729 ttae
259 2681 301 2729 est
316 2673 424 2729 armilla
447 2674 546 2731 dtrinae
567 2676 744 2749 operationis,
766 2692 819 2747 qna
839 2674 928 2747 porio-
1014 2672 1105 2728 Gloria
1127 2670 1201 2729 Patri
1216 2673 1260 2729 coi
1275 2673 1376 2729 dietum
1396 2682 1459 2729 est:
1483 2672 1566 2727 larba
1580 2689 1639 2727 urea
1653 2672 1761 2727 naudus

135 2770 199 2819 rata
214 2770 258 2820 est
278 2765 388 2820 maxilla
414 2763 561 2821 Leriatban
586 2766 648 2838 (lob
664 2784 709 2831 xc,
727 2767 783 2839 il).
811 2767 860 2823 llic
886 2777 929 2822 est
977 2767 1090 2836 percipe,
1112 2765 1233 2821 Domine.
1254 2765 1346 2822 Gloria
1358 2765 1437 2833 Filio,
1455 2766 1498 2821 cui
1511 2766 1613 2821 dietum
1628 2776 1692 2822 est:
1712 2765 1761 2821 ln·

136 2856 336 2913 indissolubilis
349 2857 469 2915 circulus
490 2860 594 2930 positus
610 2860 637 2915 in
651 2860 763 2916 naribus
788 2861 927 2932 ejusque
978 2856 1063 2929 tellipe
1075 2857 1215 2912 clamorem
1239 2872 1334 2912 aarum.
1347 2854 1438 2912 Gloria
1462 2855 1579 2926 Spiritui
1588 2865 1699 2923 sancto,
1718 2856 1763 2911 cui

136 2948 239 3022 ligatus
264 2949 383 3007 trabitur
407 2951 451 3007 ille
465 2950 567 3020 latuns,
582 2959 622 3021 ut,
638 2953 702 3008 relit
716 2953 795 3021 nolit,
811 2954 865 3010 imo
879 2970 927 3025 pc·
977 2951 1078 3008 dietum
1100 2959 1141 3007 est
1162 2969 1169 3006 ε
1193 2949 1303 3006 luteude
1327 2950 1383 3006 uoci
1407 2951 1535 3006 orationis
1557 2965 1631 3005 urea.
1659 2948 1689 3004 la
1709 2949 1763 3005 boc

130 3043 330 3112 uitusnolens,
340 3053 431 3100 tameo
445 3045 598 3102 indefessus
608 3055 768 3116 cooperetur
779 3047 859 3102 etiam
869 3012 961 3119 ipscC
977 3052 1067 3100 autem
1084 3043 1177 3099 Gloria
1196 3054 1240 3100 est
1253 3042 1340 3110 Patri,
1355 3044 1427 3115 qnod
1446 3041 1533 3098 Verba
1550 3042 1654 3099 orantis
1669 3041 1763 3098 Eccle-

135 3136 282 3195 ltetttorum
290 3137 537 3205 testificationibus,
552 3138 644 3195 rolens
659 3139 767 3209 quidem
780 3155 827 3196 eos
842 3141 927 3210 impe·
977 3137 1025 3193 siae
1039 3135 1147 3189 anulus
1161 3134 1275 3206 percipit
1291 3154 1298 3191 r
1313 3136 1377 3206 quia
1390 3135 1452 3190 licet
1466 3134 1502 3189 sit
1512 3134 1641 3205 antiquus
1654 3134 1761 3190 dierum

137 3228 210 3295 dire,
225 3228 283 3294 sed,
302 3237 333 3283 ut
346 3229 477 3295 diximus,
493 3230 589 3285 nolens
614 3231 720 3302 cogitur
735 3231 774 3286 eis
798 3232 825 3285 ln
853 3231 927 3286 salu·
977 3236 1067 3283 taroen
1090 3226 1163 3282 clare
1178 3227 1253 3282 audit
1274 3227 1389 3281 multum
1406 3224 1547 3280 dissimilis
1558 3224 1611 3279 diis
1629 3226 1761 3295 gentium,

137 3327 194 3374 tctn
212 3319 327 3375 seruire.
343 3318 457 3376 llallcus
468 3319 536 3390 ipse,
547 3336 580 3376 ac
593 3319 671 3376 laben
686 3323 820 3377 universae
835 3331 924 3388 terrae,
976 3323 1024 3393 qui
1038 3340 1048 3372 ι
1065 3336 1144 3377 aures
1158 3321 1268 3387 babeat,
1282 3330 1309 3376 et
1327 3336 1381 3375 noo
1397 3320 1511 3375 audiant
1528 3318 1614 3391 (Paul.
1629 3336 1706 3386 cxttt,
1721 3319 1760 3391 li).

138 3428 282 3484 perquem
297 3411 447 3469 lubricatur
458 3428 560 3468 corona
576 3414 736 3482 electorum,
751 3431 811 3486 qnae
825 3431 927 3472 corona

138 3502 202 3559 sine
218 3503 301 3558 dubio
326 3519 374 3573 per
394 3504 483 3572 ipsum
502 3503 620 3568 labrum,
634 3507 689 3561 sire
714 3506 841 3561 malleum
863 3506 926 3563 des·

139 3602 288 3663 teneretur,
304 3611 336 3650 ac
357 3595 547 3665 dissiparetur,
562 3598 615 3652 nisi
638 3599 710 3668 qnod
742 3600 800 3669 ipsa
824 3616 926 3655 corona

138 3689 214 3744 lana
227 3687 274 3744 llei
289 3689 430 3743 oolurrtatir
445 3706 517 3745 rrunc
527 3692 643 3763 protegit
653 3690 763 3760 eleetos,
777 3702 806 3746 ut
818 3702 925 3748 scutum

137 3779 211 3835 inter
239 3780 308 3836 bella
333 3782 526 3847 tentationum,
541 3784 714 3838 coronandos
732 3784 839 3839 tandem
865 3792 926 3853 post

138 3871 209 3928 bella
233 3873 354 3930 omniurn
370 3875 565 3946 periculorum.
582 3875 634 3931 Per
651 3876 703 3931 hoc
716 3876 798 3947 igitur
812 3876 926 3946 inexpo-

138 3964 246 4034 gnabile
261 3974 364 4020 scalam
387 3967 492 4022 liberati
508 3983 539 4023 ac
562 3967 676 4034 defensi,
688 3983 736 4038 per
752 3968 822 4023 bane
839 3968 925 4025 indis·

139 4055 288 4126 sipabilem
304 4072 434 4112 coronam
448 4058 562 4113 laureati
578 4074 709 4126 omnes,r
726 4059 773 4130 qui
788 4075 835 4130 per
845 4059 925 4114 lrdem

138 4147 264 4203 uicerunt
276 4164 370 4220 regna,
381 4151 486 4219 operati
501 4159 565 4206 sunt
586 4151 731 4221 justitiam,
746 4152 834 4222 adepti
863 4162 926 4208 sunt

138 4238 367 4307 repromissiones
383 4241 392 4293 l
396 4238 476 4294 licor.
495 4257 533 4306 st,
544 4241 622 4311 55),i
641 4242 832 4312 persolventia
846 4252 926 4297 arter-

975 3410 1005 3465 lu
1030 3409 1083 3466 hoc
1108 3418 1150 3466 est
1176 3407 1270 3464 Gloria
1283 3407 1366 3475 Filio,
1382 3410 1455 3479 quod
1469 3410 1538 3480 ipse,
1553 3410 1616 3465 licet
1630 3425 1646 3465 a
1660 3409 1762 3467 ludaeis
1809 3461 1814 3470 .

977 3503 1060 3558 homo
1072 3503 1191 3557 nondum
1210 3502 1313 3557 habens
1329 3503 1525 3574 quinquaginta
1539 3517 1627 3558 annos
1645 3502 1761 3574 denege-

978 3601 1023 3648 tur
1044 3594 1182 3649 utranam
1205 3593 1317 3658 vidisse,
1329 3594 1459 3664 risusque
1487 3593 1570 3649 luerit
1589 3593 1709 3648 insanire
1724 3590 1763 3647 di·

977 3701 1042 3741 cens
1057 3703 1064 3740 :
1077 3685 1147 3741 Ante
1156 3686 1294 3740 Abrabam
1302 3699 1352 3756 ego
1365 3683 1659 3757 samlloau.rm,5'l);
1672 3694 1763 3741 tamea

977 3779 1035 3849 ipse
1049 3778 1197 3832 clamorem
1212 3776 1337 3846 intelligit
1349 3775 1487 3843 Ecclesia,
1499 3779 1546 3848 qui
1558 3777 1661 3832 clamor
1680 3781 1763 3849 coepit

977 3869 1138 3940 asauguiue
1152 3868 1219 3924 Abel
1236 3869 1378 3924 clamantis
1398 3868 1431 3923 de
1445 3878 1527 3934 terra,
1543 3868 1662 3930 etdurat
1675 3886 1762 3940 usque

977 3965 1011 4020 ad
1029 3963 1095 4019 illud
1118 3979 1204 4029 moue,
1222 3971 1264 4018 est
1283 3976 1339 4033 ιριο
1361 3960 1462 4017 dicitur
1481 3979 1487 4015 :
1510 3960 1689 4016 Murteastulo
1702 3963 1761 4017 tibi.

979 4062 1072 4118 Gloria
1088 4061 1177 4117 sancti
1194 4058 1313 4130 Spiritus
1330 4068 1381 4124 est,
1394 4057 1466 4130 quod
1493 4057 1549 4127 lpse
1569 4057 1685 4112 intendit
1705 4059 1761 4112 uoci

977 4150 1082 4207 orantis
1095 4149 1233 4214 Ecclesiae,
1254 4163 1315 4218 quae
1332 4147 1419 4202 dicit:
1435 4145 1514 4200 ilaue
1528 4147 1651 4202 exaudies
1674 4163 1761 4202 uocem

977 4260 1072 4299 arcam.
1086 4242 1115 4298 lu
1129 4257 1184 4314 quo
1198 4257 1273 4295 moue
1293 4240 1355 4311 quis
1369 4239 1529 4309 gloriabitur
1542 4248 1647 4295 eastum
1667 4255 1697 4294 se
1711 4239 1763 4294 ha-

139 4347 206 4388 nam
226 4342 342 4387 reternas
356 4332 506 4403 gratiarum
523 4334 644 4389 actiones
659 4335 773 4389 diceudo
787 4334 925 4389 liberatori
938 4351 965 4411 ρ)
977 4337 1043 4393 bere
1070 4336 1135 4392 eor?
1156 4335 1330 4390 Glarescente
1353 4348 1470 4404 namque
1482 4331 1579 4402 judicii
1592 4332 1636 4387 die
1648 4332 1759 4399 coelum,

138 4439 190 4480 sno
205 4441 212 4478 :
228 4422 349 4492 llouriue,
363 4434 392 4478 ut
407 4434 486 4496 reato,
496 4425 570 4480 loeta
585 4426 727 4480 uoluntatis
746 4436 798 4480 tuoe
812 4441 924 4480 coraria-

137 4516 176 4571 sti
186 4531 243 4571 uos.

174 4604 231 4663 Nos
245 4621 355 4679 qnoque
367 4618 523 4680 peccatores
536 4607 606 4662 inter
614 4607 733 4677 pericula
744 4608 923 4664 tentationum

136 4697 234 4754 eodem
245 4709 320 4755 scuto
336 4700 496 4771 indigentes,
508 4700 629 4755 camdem
645 4716 772 4756 coronam
783 4716 817 4756 cx
833 4702 924 4756 diuina

137 4791 322 4861 promissione
341 4808 390 4863 per
405 4793 503 4849 bonam
518 4791 566 4847 Ilei
581 4791 747 4847 uoluntatem
759 4803 923 4862 expetentes,

140 4880 204 4937 licet
228 4882 257 4937 in
284 4883 364 4939 nobis
393 4884 506 4951 timore,
528 4899 560 4940 ac
586 4895 704 4940 tremore
730 4900 923 4955 pavescamus;

177 5018 235 5089 (55)
250 5017 320 5076 Huic
345 5023 436 5078 versui
454 5025 552 5080 additae
576 5023 604 5078 in
621 5021 714 5077 codice
734 5031 797 5078 sunt
822 5023 923 5078 notulae

139 5090 266 5158 quadam
300 5093 419 5165 antiquae
442 5096 564 5163 musica,
587 5109 657 5165 quas
680 5101 772 5164 utpote
804 5093 832 5149 in
861 5094 922 5150 aliis

977 4442 1004 4486 ct
1019 4428 1221 4500 terrupuuebit.
1238 4424 1306 4481 Nam
1323 4432 1350 4481 el
1370 4426 1435 4495 ipsae
1453 4441 1464 4477 ι
1486 4422 1605 4478 Virtutes
1626 4423 1759 4478 coelornm

977 4517 1271 4590 mouebantnrdllottlr.
1279 4531 1353 4582 xxtr,
1365 4515 1422 4586 29).
1432 4533 1442 4566 ι
1452 4513 1581 4584 Sequitur
1592 4528 1656 4583 ergo
1667 4523 1760 4569 sextus

977 4613 1100 4683 psalmus
1116 4610 1321 4683 poeuitentiulis,
1335 4610 1362 4664 ln
1377 4623 1433 4679 quo
1455 4606 1636 4678 praevenimus
1661 4606 1761 4662 lacicru

975 4705 1076 4777 judicis
1086 4704 1190 4760 orando
1204 4718 1257 4758 non
1271 4702 1361 4758 solum
1375 4715 1425 4773 pro
1434 4698 1650 4769 nobismetipsis,
1664 4713 1760 4757 rerum

977 4801 1059 4857 etiam
1070 4811 1119 4868 pro
1131 4795 1249 4851 inimicis
1264 4795 1375 4850 nostris.

978 5035 1087 5104 guoque
1111 5017 1253 5078 codicibus
1271 5019 1374 5092 passim
1398 5018 1494 5076 obrias
1506 5013 1632 5075 consulto
1645 5018 1760 5087 preter*

978 5107 1113 5149 ttttStttltts.
1855 5112 1857 5116 ,

1460 5243 1748 5267 ΜΔ

771 5356 1035 5448 Psutlttts
1069 5358 1152 5453 tlt.

179 5605 300 5675 Druiue,
310 5622 341 5661 ue
359 5604 387 5660 iu
395 5602 483 5675 surore
494 5609 538 5654 tuo
550 5612 645 5668 arpano
657 5609 707 5649 ute.
721 5593 830 5652 Titulus
841 5598 923 5666 hujus

141 5701 239 5774 psalmi
253 5709 294 5755 est
309 5705 395 5768 (runs.
410 5698 451 5769 ll:

1092 5609 1117 5649 m
1134 5602 1350 5657 sussuranensis
1365 5599 1445 5641 ntum
1461 5601 1511 5642 ruo
1525 5601 1639 5643 ostatu.

1018 5683 1117 5739 Octauo
1131 5693 1173 5740 est
1186 5682 1316 5738 adrentus
1336 5678 1455 5750 Domini,
1469 5698 1550 5753 quem
1564 5680 1675 5755 qnidam
1697 5677 1756 5736 idco
