3817 6000
178 244 242 315 'tat
682 251 872 309 senatorius
891 248 1420 314 runrosrrusnercuuasrunu.
1768 268 1828 329 reg

187 387 245 430 non
259 369 342 437 ceris,
355 368 468 438 tabulis,
482 367 650 426 membranis
661 371 798 428 chartisvc
810 371 958 445 inscriptas
973 371 1218 440 circumferebant,
1230 374 1280 430 sed
1297 375 1325 430 in
1340 392 1404 443 usu,
1420 380 1593 449 tractatione,
1615 392 1718 450 urente,
1732 388 1825 445 eordi-

186 469 251 535 bus,
262 466 397 533 moribus,
409 475 478 532 etc,
494 463 690 522 exercitatione
703 466 851 532 babebant,
863 474 895 521 ut
910 467 976 522 olim
999 464 1128 524 Ecclesia
1138 468 1308 535 Christiana,
1325 470 1486 543 priusquam
1509 475 1580 531 sacri
1595 474 1735 549 Evangelii
1752 497 1825 552 pras-

187 573 272 616 cones
294 572 344 615 sua
368 562 503 629 praecepta
527 553 556 610 in
573 556 680 614 litteras
697 558 842 614 referrent.
864 557 910 616 Sic
924 560 1027 632 qnippe
1040 559 1111 616 idem
1137 569 1235 617 arcetur
1248 561 1332 634 paulo
1348 578 1431 636 snpra
1452 564 1487 622 de
1501 566 1629 627 Gerlrcbo
1649 589 1657 626 :
1683 572 1750 628 Tum
1764 594 1823 633 sero

187 656 288 720 meanto
304 651 401 703 ardore
413 662 445 702 ac
458 647 549 702 studio
561 648 614 703 iter
635 651 782 705 communis
797 649 858 705 uitae
874 651 1031 722 arripuerit,
1045 663 1193 726 quantoque
1217 654 1273 709 sela
1297 656 1467 714 rectitudinis
1486 675 1611 717 accensas
1626 663 1733 733 uicerit,
1749 672 1824 728 tertis

185 752 226 799 cal
241 744 267 798 ei
279 745 365 798 omnis
379 741 430 797 illa
445 742 563 799 Ecclesia
575 740 832 811 liniteabueelrensls,
847 754 924 801 testes
937 756 1000 801 suat
1014 748 1038 802 ei
1052 764 1142 803 omnes
1159 747 1236 820 longe
1252 750 1291 805 nel
1304 766 1385 822 prope
1398 753 1497 822 positi,·
1511 759 1546 809 od
1560 758 1711 828 montfarto
1724 774 1825 819 sancta

187 833 393 891 conuersationis
404 833 463 904 ejus
477 834 603 905 peruenit,
619 844 697 891 testes
709 844 782 902 sunt,
796 836 916 907 inquam,
929 837 1045 908 qualiter
1058 838 1230 895 exardescere
1249 842 1355 912 caeperit
1377 843 1449 898 aelus
1466 844 1525 914 ejas
1546 846 1624 902 initio
1647 854 1828 908 conuentionis

186 940 260 990 surm·
275 925 315 981 ita
329 925 461 992 uidelicet,
475 936 505 980 ut
520 942 553 982 ea
564 926 694 981 instantia
706 925 859 981 orationum
874 934 900 981 ct
915 925 1058 981 lectionum
1079 927 1233 982 momorum
1244 928 1271 983 ia
1287 938 1392 984 tastum
1403 930 1536 1002 eloquium
1546 934 1656 992 Domini
1670 938 1830 1008 ircplamnrao

186 1017 256 1071 uerit
267 1032 339 1085 eam,
351 1025 383 1070 et
393 1025 419 1072 et
434 1015 570 1087 eloquium
581 1016 639 1086 ejus
653 1015 769 1085 ignitum
782 1015 858 1085 fieret
878 1014 1212 1083 cemmeticensium
1226 1017 1295 1087 ejus,
1310 1019 1379 1073 sicat
1397 1019 1430 1074 de
1446 1020 1526 1077 ileliu
1545 1027 1674 1096 scriptam
1695 1039 1745 1095 est,
1760 1041 1828 1086 torr-

186 1124 268 1181 puam
283 1107 375 1181 decula
386 1109 503 1164 arderet.
520 1107 597 1164 finde
607 1106 757 1176 confratres
768 1122 832 1161 tuoe
848 1121 901 1161 nen
915 1106 1004 1162 soleam
1018 1107 1110 1175 dictis,
1124 1108 1171 1162 sed
1181 1115 1207 1164 et
1218 1109 1346 1181 esernplic
1362 1111 1396 1166 ad
1409 1116 1559 1171 servandas
1575 1118 1660 1174 bonas
1673 1133 1824 1178 consueta·

152 1186 156 1207 ι
185 1207 399 1265 dinesarctloris
411 1208 484 1274 uitae,
499 1215 527 1262 et
543 1203 667 1261 instituta
678 1210 837 1259 sanctorum
847 1201 1029 1259 Putrumaine
1042 1202 1238 1258 intermissione
1244 1206 1417 1274 prouocabat,
1428 1206 1500 1273 Quian
1509 1208 1589 1262 etium
1599 1211 1828 1281 mouebanobsc·

185 1300 291 1365 erubet,
305 1298 469 1369 increpabat,
486 1296 630 1352 secundum
642 1294 758 1366 apostoli
771 1303 946 1366 preceptum,
957 1295 989 1349 in
999 1296 1122 1351 omnibus
1133 1296 1252 1366 seipsam
1261 1295 1379 1366 prebent
1396 1299 1554 1370 coenrplum,
1571 1300 1598 1354 in
1611 1301 1708 1372 uigilis
1719 1302 1829 1369 multis,

184 1397 215 1451 in
228 1396 362 1467 [repucmi
374 1394 549 1450 meditatione
562 1408 594 1447 ac
606 1392 717 1447 lectione
728 1408 868 1448 sacrarum
880 1392 1095 1464 Scripturorum,
1117 1393 1145 1447 in
1158 1392 1245 1448 multa
1257 1393 1405 1463 patientia,
1415 1394 1444 1447 in
1458 1392 1593 1457 castitate,
1606 1400 1685 1463 mone
1698 1394 1727 1447 ia
1750 1394 1826 1448 omni

147 1548 150 1557 ⁴
174 1488 373 1560 ¹errercitatr'cac
385 1486 514 1540 bonoram
528 1485 669 1551 uirtutum,
683 1494 817 1555 postremo
830 1486 860 1540 ia
870 1486 994 1541 aniame
1009 1502 1114 1541 morum
1125 1486 1262 1541 boneclate
1274 1485 1434 1556 preclarum
1451 1502 1479 1541 ce
1499 1484 1633 1539 reddebat.
1654 1482 1728 1538 ilerde
1741 1486 1824 1539 etiam

186 1581 219 1634 ob
234 1578 355 1634 amnibus
371 1578 445 1635 barris
463 1596 502 1633 uc
510 1576 643 1647 religiosis
656 1575 733 1631 ualde
745 1575 897 1632 amabatur.
917 1575 1042 1632 Domitor
1054 1578 1136 1633 etiam
1155 1579 1275 1647 corporis
1294 1580 1338 1633 sui
1350 1578 1390 1633 ito
1405 1576 1647 1632 aebennentissimus
1662 1575 1775 1640 exstitit,
1792 1585 1828 1630 ut

186 1684 204 1721 a
218 1668 373 1723 amassariis
385 1684 488 1740 qaoque
502 1666 715 1722 cibis-stamendis
725 1665 864 1737 aliquanto
876 1667 1077 1722 immoderatius
1092 1667 1246 1734 abstineret,
1262 1668 1327 1722 adeo
1345 1679 1374 1723 ut
1395 1667 1543 1738 absumptis
1566 1666 1656 1721 inedie
1685 1665 1830 1732 cornices,

186 1766 255 1820 cutis
269 1765 322 1835 fere
335 1765 437 1821 ossibus
449 1765 600 1820 colrureret.
610 1763 728 1818 Ardebat
739 1763 830 1834 napae
840 1771 910 1817 totrss
921 1762 1167 1833 incomparabiliter
1174 1779 1222 1833 per
1231 1762 1472 1835 inexstinguibilem
1482 1763 1660 1819 sanctissime
1669 1762 1822 1817 dilectionis

185 1854 274 1927 ignem
288 1856 323 1911 ad
336 1856 432 1925 Deam,
445 1866 470 1912 et
485 1872 532 1928 per
547 1856 715 1930 infatigabile
727 1856 813 1912 animi
824 1857 881 1929 ejus
901 1857 1022 1913 studium
1041 1857 1081 1912 ad
1102 1857 1250 1911 communiis
1273 1857 1334 1913 nite
1347 1855 1477 1913 meatem.
1497 1855 1561 1914 llaec
1574 1864 1672 1914 auctor
1688 1854 1823 1913 micuer-

187 1954 344 2027 spergensis
358 1954 392 2012 de
410 1953 549 2012 Gerlrolro.
1803 2003 1807 2013 .

224 2046 387 2101 ‹Caeterum
403 2043 635 2118 quemadmodum
657 2043 750 2102 aediles
772 2055 800 2101 et
817 2043 972 2111 architecti,
985 2044 1113 2116 quamvis
1134 2060 1168 2100 es
1189 2044 1333 2101 oculorum
1355 2040 1498 2113 coniectu,
1514 2056 1597 2113 arram
1620 2039 1719 2105 altum
1735 2037 1829 2095 latum

184 2151 349 2214 rectumque
363 2143 400 2199 sit
425 2158 506 2215 opus,
520 2156 632 2214 quoquo
650 2142 733 2198 modo
746 2157 779 2198 ex
796 2157 848 2199 usu
865 2142 983 2213 visuque
994 2141 1131 2212 judicent,
1143 2141 1166 2197 si
1187 2150 1278 2197 tamen
1306 2140 1396 2210 ipsum
1421 2135 1514 2193 moliri
1536 2132 1698 2199 aedillcium,
1710 2129 1822 2197 turrim,

184 2235 299 2302 rnoenia,
315 2235 435 2307 parietes
447 2237 540 2302 scunt,
552 2236 779 2308 perpendiculum
792 2236 933 2305 adhibent,
947 2238 982 2292 ad
997 2237 1077 2308 cujus
1099 2238 1218 2308 angulos
1237 2246 1266 2294 et
1286 2244 1388 2293 rectam
1409 2234 1509 2290 lineam
1530 2245 1646 2301 surgens
1661 2242 1732 2299 opus
1751 2242 1827 2297 quo·

185 2326 263 2394 tidie,
279 2326 335 2382 inan
348 2328 464 2401 singulis
477 2342 562 2400 prope
577 2328 652 2385 lauris
666 2329 845 2397 examinant:
861 2328 899 2384 ita
922 2327 976 2385 nisi
997 2318 1107 2385 risendi
1123 2344 1221 2385 norma
1237 2328 1339 2384 tabulis
1358 2326 1568 2398 comprehensa,
1589 2322 1697 2377 labente
1714 2319 1828 2376 seusina

185 2416 341 2489 disciplina,
353 2421 526 2488 exhibeatur,
538 2426 668 2496 paulatim
685 2441 787 2483 suero
799 2435 931 2500 rectoque
942 2428 970 2484 in
986 2442 1100 2499 pravum
1112 2428 1242 2484 declinat.
1261 2427 1295 2481 Et
1306 2428 1361 2483 buu
1371 2424 1435 2491 fuit,
1446 2422 1520 2495 quod
1534 2419 1680 2478 Gerbobus
1694 2416 1827 2488 urgebat,

185 2529 249 2570 cum
264 2515 372 2573 ceteris
384 2517 550 2590 religiosior,
563 2536 597 2577 en
611 2522 655 2587 iis,
670 2536 732 2593 spru
744 2521 861 2595 sparsim
874 2522 902 2578 in
917 2521 1030 2579 Patr-mn
1040 2522 1226 2579 monumentis
1240 2512 1605 2593 cognouerat,deeommuui
1614 2516 1823 2581 uetueretmuae

184 2604 342 2675 priscorum
356 2606 455 2666 fuisset
471 2610 840 2685 disciplina-religiosorum.
854 2612 943 2683 Quam
960 2629 1023 2669 eum
1040 2613 1186 2686 segniores
1198 2620 1340 2684 negarent,
1357 2612 1489 2681 illumque
1509 2612 1648 2677 urgerent,
1666 2612 1696 2659 ιιι
1715 2600 1828 2671 omnia,

186 2708 248 2763 quse
258 2694 379 2764 doceret,
391 2700 556 2756 auctoritate
569 2701 705 2759 stabiliret
718 2702 784 2775 (jam
798 2703 912 2759 enimin
925 2719 1006 2761 usum
1021 2711 1049 2760 et
1065 2703 1296 2760 consuetudinum
1307 2702 1443 2773 orimum,
1456 2700 1496 2756 uli
1511 2698 1551 2762 iat,
1564 2698 1742 2767 irrepserant,
1754 2706 1825 2765 quae.

185 2783 239 2854 ipsi
254 2802 308 2840 non
324 2787 486 2846 ridebantur
499 2807 532 2849 ex
546 2793 615 2867 lege,
631 2811 740 2866 norma,
755 2807 934 2870 veterumque
946 2796 1059 2853 Petrum
1075 2797 1240 2854 auctoritate
1262 2796 1333 2866 fieri)
1350 2782 1473 2851 ¹Romam
1488 2790 1627 2863 proiectus
1642 2787 1729 2844 ibide
1743 2784 1818 2841 reris

184 2876 328 2944 religionis
340 2894 397 2936 suae
416 2881 522 2953 legibus
537 2884 690 2958 inquisivit,
705 2903 824 2959 cumque
838 2903 932 2944 mcum
954 2887 1104 2953 attulisset,
1124 2887 1199 2956 quod
1218 2885 1375 2958 ouaesmrat,
1393 2900 1447 2940 non
1462 2883 1637 2941 mediocriter
1651 2878 1827 2938 cessatrtiurn

186 2968 295 3025 suimus
310 2969 431 3030 offendit.
452 2973 615 3049 Quanquam
630 2978 705 3035 enim
716 2977 790 3035 nibil
800 2994 849 3051 pro
863 2979 983 3051 imperio
994 2986 1110 3052 gereret,
1127 2977 1174 3034 sed
1191 2974 1271 3033 factis
1284 2975 1352 3047 ipsis
1371 2988 1501 3047 agenore
1514 2972 1622 3030 risendi
1650 2969 1822 3045 negligentia

132 3059 138 3073 ‘
191 3074 255 3116 rum
272 3062 432 3136 declinaret,
445 3068 564 3140 idipsum
577 3077 670 3127 tamen
684 3070 756 3128 ferre
770 3088 826 3128 non
840 3080 977 3144 poterant,
988 3082 1016 3129 et
1035 3072 1098 3129 luce
1112 3070 1244 3128 uirtutum
1260 3070 1321 3141 eius
1340 3067 1414 3125 reiut
1438 3076 1547 3123 noctuae
1563 3074 1592 3121 et
1611 3062 1829 3135 vespertiliones

186 3155 454 3228 perstringebsntur,
467 3169 496 3216 et
506 3162 683 3218 emendatam·
694 3161 783 3235 ipsius
799 3164 883 3220 vitam
895 3165 971 3220 omni
989 3163 1097 3221 ratione
1120 3162 1300 3235 sequendam,
1312 3160 1473 3227 amandam,
1488 3167 1520 3215 et
1536 3157 1672 3215 ambabus
1691 3154 1823 3212 manibus

188 3251 418 3323 amplectendam,
434 3271 492 3314 suae
502 3258 564 3314 ritae
577 3257 831 3331 interpretabantur
850 3260 1092 3333 reprehensionem
1104 3268 1131 3316 et
1145 3259 1364 3332 castigationem.
1387 3255 1444 3313 Nee
1463 3255 1598 3311 baetenus
1612 3253 1688 3309 stetit
1708 3250 1826 3307 iliorum

186 3340 349 3411 improbitas
366 3363 373 3401 ι
389 3346 437 3403 sed
451 3363 516 3405 cum
528 3351 595 3407 sitia
606 3353 823 3411 domesticorum
834 3371 891 3411 nun
903 3355 1048 3424 laudaret,
1059 3355 1207 3422 desidiam,
1220 3354 1318 3422 otium,
1331 3352 1523 3425 intempestiva
1533 3351 1682 3422 colloquia,
1693 3357 1721 3404 et
1733 3347 1826 3404 malos

186 3427 307 3576 alienique
322 3448 414 3493 mures
431 3437 546 3510 udisset,
561 3443 646 3515 erepit
660 3443 718 3515 ipse
731 3443 991 3502 dissimilibusodiu
1004 3461 1078 3515 esse,
1090 3445 1197 3513 maeri,
1210 3438 1358 3519 exagitari,
1376 3446 1434 3502 ineo
1454 3444 1510 3501 rita
1531 3457 1729 3513 nonnunquam
1746 3439 1825 3511 peri-

186 3521 291 3580 citari.

226 3634 236 3669 r
253 3616 322 3675 Cum
339 3620 449 3680 interire
464 3623 537 3683 fama
553 3626 702 3688 virtuibus
710 3629 771 3701 eius
785 3631 903 3687 excitata
921 3631 1094 3703 gratissimos
1105 3646 1154 3704 per
1165 3645 1274 3688 omnem
1289 3630 1465 3688 Germaniam
1481 3636 1622 3700 spargeret
1635 3626 1745 3691 odores,
1757 3624 1822 3697 qui-

185 3709 240 3766 bus
254 3707 363 3770 afflatus
375 3713 474 3773 Cbuno
488 3717 740 3795 Reginoburgensis
757 3723 881 3795 pontifex
895 3716 989 3795 (ciuem
1006 3725 1127 3797 primum
1141 3725 1194 3781 boc
1209 3724 1321 3781 nomine
1342 3723 1464 3780 habuere
1477 3719 1639 3792 antistitem)
1659 3718 1824 3776 uerbosum

189 3804 225 3859 ab
240 3809 380 3865 communi
396 3811 516 3869 sodalitii
530 3812 797 3874 Raitenbuecbensis
810 3818 838 3873 io
857 3820 963 3875 socium
978 3817 1104 3875 laborum
1116 3818 1204 3890 petiit,
1218 3820 1297 3890 cujus
1310 3818 1337 3874 in
1355 3819 1494 3889 provincia
1512 3816 1665 3882 lustranda,
1681 3822 1709 3871 et
1728 3814 1822 3885 porrii-

185 3897 269 3954 lleatu
290 3901 509 3962 adndrristraodc
534 3906 659 3965 consiliis
683 3919 816 3977 uteretur,
835 3925 917 3982 quern
941 3922 970 3968 et
993 3912 1160 3982 impetrarit,
1184 3922 1212 3967 et
1234 3910 1322 3966 sacris
1340 3909 1487 3967 sacerdotii
1512 3910 1665 3964 bonoribus
1689 3906 1825 3963 initiavit.

186 3990 349 4066 eranqnarn
366 4011 418 4053 nec
433 3997 470 4054 ibi
486 4014 585 4071 magna
600 4000 680 4071 quies
693 3999 853 4058 Gerlrobum
868 4014 963 4060 secuta
976 4012 1032 4072 est,
1042 4019 1105 4061 cum
1122 4018 1167 4058 res
1178 4016 1340 4057 communes
1357 4000 1505 4056 conradus
1520 4003 1659 4056 turbaret,
1669 3999 1825 4070 Designalo

186 4100 203 4139 a
218 4086 382 4156 proceribus
397 4088 505 4162 imperii
519 4089 676 4151 Germanici
689 4092 823 4151 Lotbario
838 4093 980 4150 Saxonum
995 4095 1104 4164 regulo,
1117 4094 1177 4148 rico
1189 4091 1291 4163 inclyto
1302 4092 1331 4147 in
1349 4105 1442 4161 regem
1454 4090 1655 4159 Romanorum,
1673 4090 1826 4147 canemus

185 4178 323 4240 Friderici
339 4182 417 4240 ducis
433 4183 599 4254 suetorum,
624 4189 672 4261 qui
697 4188 869 4247 Fridericum
889 4190 1103 4247 Ahenobarbum
1118 4189 1319 4260 'imperatorem
1339 4187 1505 4259 procrearit,
1527 4197 1685 4255 germanus,
1700 4195 1818 4252 regnum

186 4271 335 4340 affectavit,
348 4273 543 4347 profectusque
556 4276 741 4335 Mediolanum
756 4279 794 4335 ibi
805 4296 851 4337 ren
863 4281 1057 4338 consalutatus
1071 4281 1106 4337 ab
1116 4279 1325 4351 archiepiscopo
1336 4277 1442 4350 regium
1457 4275 1564 4346 insigne
1574 4271 1707 4344 suscepit.
1719 4270 1825 4330 Cbuno

187 4359 570 4438 Reginoburgieuspoutifen,
585 4377 690 4427 etcum
704 4370 910 4432 illo-Gerbubus
924 4374 1092 4431 abGonradi
1109 4373 1228 4430 factione
1248 4371 1400 4427 abhorrens
1418 4369 1524 4441 iustum
1551 4365 1702 4439 principem
1723 4380 1822 4439 regem

187 4451 349 4511 Latinarium
365 4459 452 4515 secuti
464 4468 539 4516 sunl.
555 4459 635 4529 Quod
647 4462 792 4521 conradus
802 4481 925 4539 peregre
934 4468 1028 4523 ferens
1040 4476 1189 4537 utrumque
1204 4464 1310 4521 ultimis
1323 4463 1394 4520 odiis
1405 4462 1567 4529 insectatus,
1585 4460 1673 4517 eliam
1681 4460 1745 4516 sitre
1757 4459 1822 4516 illo·

187 4560 249 4601 rum
266 4547 448 4606 insidias-non
461 4568 526 4609 raro
537 4555 630 4625 posuit
645 4557 820 4627 spraeserlim
838 4556 998 4614 Gerbobuna
1017 4559 1118 4631 saepius
1132 4557 1167 4613 sd
1190 4571 1284 4613 necem
1306 4555 1444 4627 quaesivit,
1458 4554 1533 4627 quod
1547 4553 1638 4625 ipsum
1664 4552 1692 4607 in
1707 4551 1824 4622 publiea

108 4711 111 4718 1
186 4641 345 4704 celebritate
359 4653 387 4700 et
403 4645 604 4717 supplicatione
616 4648 651 4705 ad
662 4650 809 4720 populum,
822 4661 973 4723 tyrannum
987 4651 1187 4722 proclamasset
1201 4669 1209 4706 ι
1225 4664 1385 4723 qtae-rausa
1396 4647 1459 4714 fuit,
1474 4656 1505 4703 ut
1519 4645 1667 4718 paroeciam
1680 4644 1820 4700 Girumen·

186 4748 257 4800 seur,
272 4751 355 4806 quam
368 4736 548 4809 absslibunone
557 4741 760 4811 procurandam
776 4751 936 4814 acceperat,
946 4744 981 4800 ad
993 4758 1076 4815 quam
1092 4742 1248 4800 cenobium
1268 4742 1387 4798 condere
1401 4747 1545 4806 statuerat,
1560 4747 1670 4810 propter
1684 4734 1820 4792 factiosos

186 4836 215 4882 et
227 4827 346 4886 Conradi
358 4830 496 4900 lautores,
505 4832 680 4902 quiultimas
691 4833 733 4889 llll
744 4832 834 4890 minas
846 4834 1031 4901 intenderant,
1047 4841 1160 4890 eouctus
1177 4832 1259 4888 luerit
1275 4831 1435 4889 destituere.

225 4941 236 4976 s
251 4921 325 4979 fater
336 4923 396 4979 bare
408 4922 543 4981 Cbuncne
558 4939 632 4981 auno
643 4924 713 4982 tlsb
730 4925 918 4999 Reginoburgi
929 4925 1072 4994 defuncto,
1096 4926 1241 4983 conradus
1254 4925 1474 4998 Salisburgensis
1492 4919 1627 4996 pontifex,
1640 4920 1683 4976 nir
1697 4918 1822 4991 optimus

186 5024 214 5073 et
224 5015 419 5072 sanctissimus
431 5015 592 5075 Gerbobum
603 5017 630 5073 in
646 5019 760 5075 tutelam
772 5020 905 5092 suscepit,
915 5033 1023 5091 suoque
1039 5020 1151 5076 nomine
1165 5034 1221 5075 arou
1243 5019 1329 5075 semel
1343 5016 1372 5073 in
1389 5014 1489 5094 Urbem
1512 5014 1547 5073 ad
1568 5028 1708 5071 mmmum
1726 5010 1818 5081 ponti·

185 5110 264 5166 licem
289 5108 407 5182 legatum
425 5109 510 5175 misit,
523 5110 571 5182 qui
586 5126 633 5168 res
647 5111 713 5168 inibi
725 5109 840 5169 ielieiter
853 5112 897 5169 sui
923 5113 1047 5184 praesulis
1065 5113 1207 5185 transegit.
1222 5111 1337 5169 lfultnm
1362 5110 1435 5167 euim
1448 5118 1561 5182 propter
1583 5107 1749 5181 singularem
1760 5104 1822 5158 rir-

186 5211 311 5258 tutemet
326 5202 509 5259 eruditionem
537 5203 623 5275 mutia
636 5204 827 5275 apudcuriaan
849 5204 1003 5261 Romanam
1027 5206 1145 5261 valebas
1170 5204 1276 5261 fnterea
1300 5203 1431 5276 temporis
1448 5201 1672 5274 fieicbenspergii
1698 5195 1822 5256 cenobii

184 5310 289 5364 praeses
301 5294 335 5350 ad
346 5294 409 5349 ritae
423 5302 524 5351 metam
533 5310 698 5366 procurrens
721 5295 808 5352 lacem
827 5296 906 5353 alteri
920 5295 1063 5354 ferendam
1077 5295 1197 5367 reliquit.
1221 5292 1365 5350 conradus
1389 5291 1511 5366 pontifex
1529 5287 1746 5362 Salisburgensis
1759 5301 1822 5342 nou

186 5387 271 5443 alium
285 5388 418 5457 aptiorem
439 5386 472 5443 ad
490 5389 639 5460 regendum
668 5390 696 5446 id
723 5390 925 5448 monasterium
951 5391 1037 5463 (quod
1053 5388 1227 5448 lovaniensis
1254 5386 1387 5444 antistitis
1409 5386 1601 5444 auctoritatem
1629 5381 1819 5451 ditionemque

186 5479 362 5548 respiciebat)
373 5477 503 5535 Gerboho
518 5489 605 5544 ratus,
620 5478 697 5536 illum
709 5480 799 5551 ipsum
817 5498 891 5538 anno
903 5482 1017 5538 ildico
1027 5482 1185 5548 destinarit,
1200 5495 1283 5553 quam
1299 5480 1357 5550 ipse
1371 5495 1478 5536 samam
1496 5476 1684 5552 prefecturam
1699 5489 1748 5545 per
1763 5487 1819 5527 an·

188 5577 239 5619 aus
251 5568 365 5621 omnino
376 5576 479 5638 septem
490 5575 518 5623 et
531 5567 644 5640 triginta
660 5583 723 5626 cum
738 5585 848 5630 summo
868 5572 1027 5645 reipublice
1045 5573 1117 5629 bono
1128 5571 1338 5637 administrarit,
1365 5571 1453 5638 auxit,
1466 5570 1583 5638 ornarit,
1599 5568 1709 5640 quando
1728 5566 1821 5638 pietas

189 5663 217 5711 et
231 5655 336 5726 religio,
349 5659 734 5732 constantiaqueetrirtusin
757 5680 837 5722 usum
860 5665 1035 5738 fructumque
1056 5664 1141 5722 totius
1165 5663 1319 5722 Germanice
1333 5664 1505 5742 redundarit
1533 5663 1579 5720 file
1602 5657 1823 5734 principemus
