3817 6000
160 297 211 352 trs
593 288 753 354 ttsnntsut
771 286 852 351 can.
870 285 993 350 titius
1021 286 1186 355 titionis
1203 264 1317 350 naurs.
1739 290 1792 351 tto

157 410 217 468 llos
232 409 303 467 sacri
319 408 422 484 eloquii
444 416 497 477 est,
515 415 548 466 nt
563 422 630 465 eum
652 407 743 465 audiri
768 406 873 480 aliquid
899 409 986 479 pera
1034 404 1097 464 Oris
1115 407 1379 466 nominedoetorum
1399 405 1514 466 scientia
1533 406 1707 481 designatur,
1720 410 1791 468 sicut

157 501 282 560 auditum
307 502 439 570 insinuat,
455 496 544 557 audiri
567 499 694 557 cumdem
717 500 842 557 auditum
863 499 947 567 dieat,
998 498 1032 556 de
1041 499 1268 571 praedicatoribus
1280 500 1441 559 Arriicbristi
1457 501 1509 558 snb
1524 516 1658 573 equorum
1667 501 1790 571 nominc,

157 595 229 652 nictit
239 593 389 650 ⁴llabacuch
404 593 462 649 ait‘:
477 587 599 660 Domine,
611 591 702 647 oudini
719 591 843 646 auditum
862 596 947 659 tuum,
998 588 1026 646 in
1041 591 1205 664 Apocalypsi
1215 590 1331 648 dieiturt
1345 591 1468 648 Potestas
1481 607 1608 664 equorum
1619 593 1647 648 in
1657 610 1713 663 ore,
1724 605 1750 650 et
1761 595 1790 649 in

126 748 130 757 ,
155 697 181 742 et
193 684 271 742 timui
282 685 398 758 illudue.
416 702 460 753 ιιι,
477 685 518 758 ι).
532 682 611 741 Unde
634 684 680 741 bic
703 698 814 756 quoque
826 682 946 740 dicitur:
998 682 1090 738 caudis
1108 693 1270 740 aratrorum
1293 685 1388 757 (Aper.
1414 686 1529 757 ιι,19).
1552 684 1582 741 ln
1604 700 1652 743 ore
1671 702 1791 759 namque

155 779 252 835 Audiet
264 780 427 835 auditionem
437 779 465 834 in
478 787 577 834 terrore
590 778 659 833 noeis
677 776 745 848 ejus.
760 773 814 833 Ore
829 775 877 832 liei
896 790 948 846 po-
997 773 1278 845 douommseiemta,
1294 778 1323 833 in
1339 777 1427 834 cauda
1446 791 1512 835 rero
1534 778 1708 836 molarium
1737 795 1790 850 po·

155 874 209 924 test
221 869 378 940 unigenitus
388 867 526 940 designari
537 866 634 934 Filius,
650 868 709 939 qui,
721 858 793 925 sicut
803 866 946 923 brachium
995 867 1082 923 tentis
1095 869 1239 939 liguratur.
1256 864 1308 927 Per
1318 871 1434 926 caudam
1449 870 1559 943 qnippe,
1572 886 1636 942 quae
1649 882 1723 927 retro
1734 881 1790 939 est,

154 960 215 1031 ejus
228 961 312 1032 228
323 960 433 1027 dieitur,
451 960 517 1033 quia
538 975 587 1031 per
602 976 666 1016 eum
688 969 787 1016 cuneta
818 965 948 1031 operatur
998 958 1081 1030 buius
1098 944 1191 1017 sreculr
1206 962 1394 1033 postponenda
1413 962 1601 1033 temporalitas
1618 963 1789 1036 desigantur.

153 1051 188 1107 tie
209 1066 265 1123 quo
281 1050 402 1109 mannes
420 1051 507 1108 dicit-t
528 1050 562 1107 Et
576 1052 665 1107 omino
688 1040 735 1122 p'ar
758 1050 845 1121 ipsam
873 1049 948 1119 [ouo
997 1049 1100 1123 Sequa
1116 1051 1220 1110 Paulus
1244 1055 1385 1125 apostolus
1410 1054 1498 1111 dicit:
1519 1053 1608 1110 Unum
1630 1063 1791 1126 mumque

153 1155 215 1208 aunt
229 1144 320 1217 (loun.
337 1163 357 1214 ι,
371 1145 411 1218 t),
428 1145 465 1202 itu
476 1145 559 1202 etiam
574 1160 607 1201 os
619 1142 800 1215 ejusdicitur.
819 1141 889 1200 ilinc
904 1150 948 1199 est
997 1150 1068 1196 retro
1088 1149 1151 1197 aaut
1168 1142 1277 1211 oblitus,
1302 1144 1337 1198 ud
1360 1158 1403 1211 tu,
1424 1158 1484 1214 quae
1508 1154 1569 1198 aute
1589 1152 1651 1198 runt
1666 1152 1789 1199 extantus

152 1235 228 1291 euim
245 1236 318 1307 quod
334 1236 468 1307 propbeta
498 1236 555 1291 ait:
570 1233 606 1291 Os
634 1233 742 1290 bombat
759 1233 881 1289 locatum
906 1240 947 1288 est
997 1231 1129 1306 (Philipp.
1145 1249 1188 1303 ιιι,
1209 1234 1266 1306 ιδ).
1288 1233 1373 1291 Retro
1384 1235 1459 1291 enlm
1483 1235 1650 1307 omnequod
1671 1235 1787 1293 transit:

151 1325 209 1383 diet
233 1326 323 1383 (Paul,
333 1342 410 1395 ιιιιι,
426 1327 482 1398 ιι).
497 1325 549 1383 Per
563 1340 645 1397 quem
659 1324 738 1382 nobis
749 1324 842 1381 omnia
857 1322 947 1396 loqui·
997 1331 1061 1379 ante
1071 1339 1148 1391 nero,
1162 1338 1245 1380 omne
1255 1324 1329 1397 quod
1343 1325 1456 1383 ueniens
1469 1334 1621 1397 permanet.
1644 1324 1706 1383 istis
1722 1340 1791 1398 ergo

151 1428 208 1487 tur,
222 1433 257 1474 aa
275 1417 298 1475 sl
316 1418 374 1475 oris
398 1417 510 1473 nomine
532 1422 657 1487 patenter
670 1414 945 1472 dicereturaerbum.
996 1414 1085 1486 cattis,
1112 1414 1139 1470 id
1165 1424 1208 1471 est
1230 1415 1409 1486 irequiasimis
1433 1416 1660 1488 predicatoribus
1687 1417 1789 1489 ubique

153 1510 231 1567 Sient
243 1525 294 1568 nos
305 1526 415 1582 quoque
432 1524 482 1581 pro
503 1508 594 1565 uerbis
617 1508 708 1564 dicere
731 1508 853 1580 lingnam
873 1507 947 1564 sole·
995 1504 1099 1561 ornati
1118 1502 1238 1577 impulsui
1249 1507 1434 1575 sumentibus,
1446 1508 1473 1563 in
1490 1522 1539 1564 ore
1550 1517 1578 1565 et
1590 1508 1619 1564 in
1634 1510 1721 1566 cauda
1736 1524 1788 1581 po-

151 1620 225 1673 mus,
237 1612 267 1661 ut
278 1617 341 1659 eum
360 1600 495 1669 Graecam,
508 1601 552 1657 rel
573 1586 699 1656 latinam
727 1599 848 1670 liugnrm
876 1597 947 1655 dioi-
996 1605 1081 1653 testas
1097 1597 1227 1669 est,quia
1241 1598 1293 1670 ipsi
1315 1614 1444 1670 perversa
1461 1600 1602 1658 suadendo
1626 1601 1789 1673 praedicant,

150 1711 224 1763 ntus,
240 1694 341 1751 <Latina
356 1694 399 1750 vel
412 1691 506 1751 Graeca
532 1692 627 1765 lingua
641 1693 725 1748 rerba
746 1700 943 1747 monstremus.
995 1689 1044 1746 sed
1069 1690 1266 1761 temporalibus
1290 1692 1473 1763 potestatibus
1494 1691 1566 1764 tutti,
1593 1708 1642 1766 per
1666 1709 1700 1752 ea
1725 1709 1789 1767 quse

149 1786 189 1844 tls
208 1802 275 1860 crgo
296 1786 404 1843 berniui
428 1786 640 1841 necimmerito
664 1784 754 1855 ipsum
781 1782 943 1854 accipimus.
959 1767 982 1825 Β
996 1789 1069 1838 retro
1081 1791 1156 1849 sunt,
1177 1784 1309 1841 exaltant.

151 1875 231 1933 liudo
252 1884 279 1933 et
302 1876 327 1931 ol
352 1874 506 1947 sponsale
530 1873 653 1930 cantius
669 1874 839 1931 cartdcorum
860 1872 943 1929 dicit:
1030 1871 1094 1930 Oris
1121 1874 1233 1932 nomine
1259 1873 1448 1947 suggestiones
1470 1877 1576 1950 antiqui
1597 1877 1687 1935 bostis
1713 1872 1789 1935 desi

153 1966 293 2024 Oreuletur
305 1966 447 2023 moerente
458 1967 513 2021 oris
527 1964 667 2038 solidant.
678 1981 700 2029 t,
715 1964 753 2036 l).
764 1964 804 2021 Ac
816 1964 840 2021 si
854 1964 942 2020 dicat:
995 1975 1123 2034 guantur,
1135 1965 1206 2023 sieut
1224 1968 1258 2025 de
1269 1968 1329 2039 ipso
1339 1969 1374 2025 ad
1395 1969 1505 2026 beatum
1522 1969 1574 2027 iob
1601 1985 1669 2028 roae
1689 1969 1803 2043 llomls

151 2058 257 2131 Tangat
271 2074 316 2115 me
330 2057 473 2115 dulcedine
487 2055 639 2127 praesentiae
659 2055 793 2128 unigeniti
807 2054 871 2110 Filii
890 2053 945 2111 lle·
994 2058 1056 2113 nica
1068 2058 1168 2114 dicitur
1180 2056 1231 2114 tin
1243 2052 1425 2116 medium'oris
1435 2062 1492 2133 ejus
1505 2061 1701 2133 puisintrebiti
1723 2044 1800 2131 μοι’

151 2150 302 2221 demptoris
314 2149 379 2205 mei.
396 2147 447 2205 Per
458 2162 557 2204 sottum
568 2162 635 2204 rero
647 2148 706 2203 oris
720 2155 810 2219 potest
819 2146 944 2218 eliadam
994 2166 1050 2220 atr,
1062 2152 1103 2221 l.)
1118 2151 1148 2208 ln
1163 2154 1283 2210 medium
1296 2154 1353 2210 oris
1369 2154 1430 2226 elus
1445 2155 1547 2213 intrare
1573 2163 1616 2213 est
1630 2154 1787 2212 calliditatis

151 2238 199 2295 bei
215 2238 322 2295 bantini
335 2238 454 2310 Spiritus
468 2236 737 2309 sanctusdosiguari.
752 2234 944 2293 Undeetaliat
993 2242 1054 2314 ejus
1072 2245 1155 2301 uerba
1173 2255 1326 2317 penetrare,
1350 2256 1380 2303 ut
1391 2263 1566 2320 nunnunquam
1591 2257 1688 2321 penset
1711 2246 1787 2319 quod

150 2332 179 2386 iu
203 2330 325 2401 ejusdem
354 2328 468 2399 spiritus
494 2327 695 2399 signilleatione
718 2326 850 2398 seriptum
879 2336 942 2383 est:
993 2344 1135 2403 resonant,
1150 2337 1264 2409 seuque)
1281 2336 1433 2394 immonni,
1452 2338 1691 2409 &pompamque
1709 2332 1786 2395 vida.

151 2419 253 2478 Fitrtu's
264 2430 304 2478 est
317 2430 420 2493 repente
430 2423 462 2477 de
476 2420 541 2476 ereio
555 2435 635 2477 sonus
658 2428 785 2491 tuncrum
801 2419 942 2475 artnealen-
994 2427 1219 2497 turpromittere;
1233 2428 1281 2485 sed
1303 2429 1339 2485 ad
1356 2429 1492 2501 perditum
1507 2429 1588 2486 linem
1600 2429 1724 2487 trabunt.
1740 2428 1787 2485 lu-

150 2515 184 2569 tis
195 2514 306 2584 limiti
320 2513 478 2576 aelementis
492 2511 562 2585 (1101·
576 2528 607 2579 11»
619 2511 660 2581 2i·
674 2511 881 2583 S⁰¹¹¹1⁸⁰iii⁰dit
895 2525 943 2566 0111
992 2529 1066 2575 trare
1078 2520 1163 2576 Adam
1179 2521 1207 2577 in
1226 2522 1346 2577 medium
1358 2520 1415 2578 oris
1428 2523 1490 2594 ejus
1501 2521 1598 2591 uoluit,
1616 2521 1728 2593 quaudo
1741 2521 1785 2577 in·

150 2604 258 2662 bomini
272 2605 408 2676 Wlfflin
422 2619 485 2661 111111
511 2605 700 2661 8111111111111
713 2607 739 2661 01
755 2604 884 2675 Spiritus
907 2603 942 2659 td
993 2610 1142 2667 tentionem
1157 2613 1344 2681 persuasionis
1363 2612 1437 2668 illius
1459 2620 1538 2669 eante
1554 2626 1670 2684 pensare
1692 2611 1786 2685 nepte

149 2713 201 2754 nos
214 2710 263 2769 per
276 2696 377 2753 Filium
386 2698 510 2765 tenuas,
522 2697 683 2754 surditatem
703 2705 804 2753 nostrae
824 2697 940 2753 insensi·
992 2704 1041 2760 xit.
1061 2704 1234 2760 Divinitatem
1248 2705 1390 2776 qnippese
1413 2719 1462 2777 per
1481 2704 1558 2761 iilum
1579 2703 1705 2776 accipere
1722 2717 1783 2760 cpe.

147 2790 397 2870 bilitatisrumpit,
419 2792 492 2848 sicut
517 2791 552 2847 de
577 2789 674 2847 eodem
700 2804 770 2847 sonu
792 2790 942 2845 incircum·
991 2795 1332 2863 didit,etimmmtatitatis
1347 2796 1463 2868 gratiam
1488 2794 1640 2852 amisisset
1656 2795 1729 2852 uude
1746 2794 1783 2852 ab

149 2884 252 2954 scripto
261 2883 513 2955 atqtteineorporeo
525 2897 559 2939 os
572 2882 681 2938 Domini
691 2881 940 2953 lotpultur,dieeus:
992 2887 1129 2944 intellectu
1144 2887 1288 2944 verborum
1300 2888 1361 2959 ejus
1370 2888 1478 2945 incaute
1488 2887 1611 2945 exterius
1621 2888 1706 2956 stetit,
1719 2887 1786 2944 inde

148 2975 188 3031 be
201 2986 258 3031 ntro
273 2975 395 3045 accipiet,
407 2984 432 3030 et
444 2974 613 3031 oottuutiuiit
623 2974 696 3031 eolis
708 2972 799 3040 (leura.
813 2988 869 3042 nrt,
882 2973 939 3046 lt).
993 2994 1022 3037 se
1045 2979 1088 3036 ori
1115 2979 1392 3038 illius‘deuorandum
1413 2978 1537 3037 funditus
1561 2978 1687 3052 praebuit.
1711 2977 1784 3047 Quia

148 3067 242 3125 Potest
255 3081 379 3141 ergoper
394 3076 526 3125 terrorem
545 3068 633 3136 uocis,
648 3068 690 3125 ris
710 3066 895 3135 lortitudinls;
913 3077 976 3168 etc
991 3085 1057 3143 ergo
1079 3072 1209 3143 antiquus
1234 3071 1320 3129 bostis
1347 3070 1469 3129 lidelium
1486 3081 1591 3130 mentes
1604 3078 1783 3143 eorrumpere

133 3180 198 3236 per
212 3179 310 3221 sonum
321 3164 389 3232 orla,
403 3163 520 3221 dulcedo
530 3161 728 3220 consolationis
739 3160 939 3232 intelligique
991 3164 1139 3235 aliqnando
1151 3165 1308 3222 ostensione
1323 3179 1384 3233 sua,
1392 3163 1540 3236 aliqnando
1549 3163 1724 3237 suggestione
1733 3177 1782 3219 eo-

148 3272 218 3327 qnos
236 3254 355 3327 Spiritus
367 3263 479 3311 sanctus
501 3254 596 3325 replet,
608 3254 685 3325 prius
707 3267 756 3309 eos
772 3253 806 3308 de
831 3259 940 3308 terrena
990 3265 1073 3311 natur
1093 3256 1161 3328 (agit
1174 3257 1247 3324 enim
1268 3257 1350 3313 niodo
1364 3271 1461 3327 opere,
1482 3256 1564 3312 modo
1591 3254 1782 3328 persuasione)

147 3348 256 3404 actione
286 3346 425 3411 terrificat,
455 3355 481 3402 et
507 3344 684 3417 postmodum
708 3359 757 3415 spe
784 3343 939 3401 coelestium
989 3347 1187 3403 reetedicltnr:
1204 3347 1277 3403 Stin
1293 3349 1409 3404 medium
1428 3346 1624 3419 oriscjurquis
1647 3346 1784 3402 intrabit?
1824 3339 1833 3352 ⁸

147 3439 318 3507 cotrsolatur,
330 3448 360 3494 ut
374 3447 452 3494 tanto
465 3445 526 3509 post
540 3436 701 3494 considendo
711 3435 746 3492 de
760 3435 857 3508 primis
871 3451 940 3507 gau·
991 3437 1128 3496 Subaudis
1140 3439 1193 3495 nisi
1204 3456 1254 3512 cao
1268 3440 1317 3512 qui
1329 3455 1379 3512 per
1390 3440 1523 3497 discretas
1537 3438 1618 3510 2³⁰
1629 3438 1780 3494 electorum

146 3531 240 3594 deant,
250 3530 439 3604 quantoprlus
450 3531 509 3588 sola
528 3527 660 3600 supplicia
672 3527 867 3599 conspiciendo
881 3541 940 3584 me·
989 3540 1098 3588 mentes
1106 3532 1311 3604 suggestionum
1322 3534 1383 3607 ejus
1399 3533 1481 3590 uerba
1496 3530 1624 3601 discutio,
1640 3539 1731 3588 etnon
1741 3529 1782 3585 ita

147 3624 272 3680 tuebant.
289 3619 360 3680 iiiuc
376 3632 419 3681 est
442 3623 514 3680 enim
532 3622 606 3696 quod
626 3621 661 3680 do
675 3619 814 3694 Unigeniti
828 3620 938 3692 spiritu,
987 3624 1049 3696 'baec
1071 3639 1144 3694 esse,
1160 3632 1190 3681 ut
1205 3625 1358 3695 sonuerint,
1373 3624 1531 3682 manifesto.

146 3717 226 3790 quasi
236 3717 271 3772 de
294 3716 412 3773 boconis
425 3731 494 3772 sotto
508 3714 612 3772 Paulus
626 3714 715 3772 dicut:
728 3712 790 3770 Non
810 3714 881 3769 euim
894 3730 941 3768 rtr-
1287 3735 1401 3793 sappus
1415 3734 1475 3794 xp·

147 3809 252 3879 cepistis
267 3806 398 3878 Spiritum
408 3808 542 3863 seruitutis
556 3808 692 3863 iterumin
704 3807 808 3863 timore.
824 3804 877 3862 Sed
894 3822 940 3861 ao·
1300 3843 1335 3884 ,Β
1353 3842 1462 3886 „Nm

145 3899 252 3970 cepistis
265 3899 389 3970 spiritum
399 3899 548 3970 adoptionis
562 3898 680 3971 filiorum
711 3898 739 3954 iu
763 3915 815 3969 qao
838 3898 941 3954 cluma-
990 3917 1025 3975 1„
1048 3916 1188 3990 smmum
1210 3937 1288 3976 mm
1302 3921 1400 3992 pm„
1416 3922 1522 3978 nom-„3
1533 3920 1780 3993 mmmmm

146 4010 222 4050 rnna:
234 3993 309 4048 atta
334 3991 515 4062 Paterlliout.
532 4009 592 4059 ιιιι,
608 3994 664 4064 ιι),
677 3991 748 4050 illuc
764 4007 813 4066 per
839 4001 939 4050 semet·
1024 3989 1132 4058 locutio,
1162 3991 1306 4062 aliquando
1328 3991 1458 4062 salsitatis
1479 3992 1612 4060 doctrino,
1633 3991 1779 4064 aliquando

145 4088 233 4159 ipsum
245 4083 352 4143 ueritas
367 4086 447 4143 dicit:
457 4085 574 4156 decipite
585 4083 715 4156 Spiritum
723 4096 844 4141 sonetum
856 4077 941 4158 :pum
1025 4058 1141 4130 ΜΨ*
1155 4070 1263 4116 ⁸⁰²¹⁶⁸⁸⁸
1273 4062 1439 4134 destinam·

146 4197 205 4234 rum
217 4180 370 4235 remiseritis
388 4187 506 4248 peccatu.
521 4177 693 4231 remittuntur
704 4180 797 4244 ciant
826 4194 939 4251 quemn
1024 4171 1100 4245 (268)
1114 4171 1226 4245 Lingua
1242 4175 1353 4231 nomine
1366 4185 1459 4247 aperta
1479 4176 1581 4235 locutio
1606 4176 1779 4249 designalur,

146 4269 319 4337 retinueritis,
332 4278 434 4324 retento
450 4278 513 4324 aunt
537 4268 629 4340 (lona.
645 4284 692 4336 xx,
703 4269 762 4340 ιδ).
777 4268 848 4326 Ecce
869 4284 938 4326 con·
988 4264 1060 4321 sieut
1072 4281 1120 4337 per
1133 4267 1242 4323 beatam
1255 4265 1307 4323 lob
1318 4268 1414 4326 amieis
1426 4270 1486 4328 suis
1499 4270 1599 4327 dieitur
1611 4287 1620 4327 t
1630 4269 1778 4344 Loqncmea

106 4419 116 4430 ,
145 4379 289 4421 nemorum
304 4372 392 4419 terror
406 4363 520 4418 vertitur
531 4363 558 4417 ln
572 4369 746 4434 potestatem,
767 4363 844 4436 quia,
871 4364 937 4420 dum
988 4354 1017 4409 id
1027 4357 1097 4426 quod
1102 4357 1207 4427 justam
1220 4367 1259 4413 est
1268 4358 1445 4428 jadicnteret
1462 4376 1515 4415 non
1524 4361 1661 4417 incertioris
1681 4362 1710 4416 in
1725 4359 1778 4416 lirr-

145 4456 217 4512 mala
230 4469 281 4509 sua
301 4453 458 4525 poeuitendo
471 4452 600 4523 puniunt,
614 4466 701 4524 usque
711 4452 745 4509 ad
753 4454 936 4510 exercendum
951 4438 1111 4522 Dotamen
1130 4451 1309 4522 iniquitatem,
1323 4467 1370 4507 nec
1388 4453 1417 4506 in
1437 4452 1561 4524 {nulius
1575 4455 1640 4509 nnis
1660 4453 1779 4510 stultitia

143 4541 451 4616 judiciumaseentlunt,
465 4550 495 4597 ut
512 4544 557 4598 nie
571 4542 600 4597 in
615 4540 671 4597 lieo
685 4556 767 4614 posse
789 4543 937 4615 accipiunt,
988 4542 1140 4614 percumbit
1174 4541 1236 4614 (lob
1267 4543 1318 4618 ut).
1344 4542 1372 4601 ls
1405 4559 1525 4617 namquo
1557 4547 1605 4617 qni
1643 4545 1778 4617 loquitur,

70 4635 75 4646 '
144 4653 206 4708 quae
222 4637 300 4711 prius
312 4637 347 4693 de
370 4635 426 4693 lieo
443 4635 495 4707 ipsi
515 4637 682 4693 metuebant.
700 4633 811 4693 tutiiees
835 4639 936 4709 qttippo
986 4633 1052 4689 dum
1068 4632 1103 4690 de
1115 4634 1206 4691 rethia
1220 4635 1279 4691 suis
1305 4635 1427 4694 auctoris
1438 4635 1602 4694 senuudam
1627 4645 1776 4708 exspectat,

144 4731 223 4795 ιιιιιιι,
261 4728 309 4800 qui
338 4744 485 4800 supernum
521 4728 655 4800 iudicium
681 4728 799 4800 perlecta
838 4731 936 4786 ttmue-
987 4727 1460 4800 quasieiusjndiciosupponltura
1484 4743 1540 4800 quo
1570 4729 1690 4786 auditur.
1723 4730 1777 4798 Qui

144 4830 221 4887 runt,
245 4823 273 4876 et
296 4821 386 4877 aliena
403 4820 461 4891 iam
486 4821 622 4892 incipiunt
645 4831 759 4892 peecata
785 4822 936 4893 dimittere,
987 4820 1112 4892 igiturin
1136 4818 1218 4875 dietis
1238 4820 1298 4876 suis
1321 4819 1462 4890 reprobari
1486 4819 1594 4887 metuit,
1617 4817 1676 4889 ipse
1698 4819 1780 4889 prius

144 4913 193 4984 qui
207 4914 283 4984 prins
297 4912 514 4970 formidaverunt
525 4930 560 4970 ue
575 4914 757 4972 retinerentur
770 4930 831 4973 sua.
986 4912 1066 4969 debet
1075 4910 1235 4969 examinare
1255 4910 1330 4984 quod
1344 4910 1420 4981 dicit,
1439 4922 1575 4984 quatenus
1592 4909 1663 4966 inter
1685 4924 1736 4967 cor
1749 4920 1778 4967 ot

180 5005 263 5076 229
278 5004 353 5077 (267)
366 5002 428 5061 Oris
442 5006 554 5064 nomine
569 5007 761 5077 predicatores
773 5007 934 5065 dntiemisti
986 5004 1107 5077 linguam
1123 5018 1221 5077 aequus
1229 5003 1425 5076 districtusque
1440 5003 1542 5059 arbiter
1560 4999 1675 5069 sedeat,
1688 5001 1777 5058 subti-

144 5096 334 5171 desipuuntur,
345 5098 641 5156 sleuttoeellominica
655 5100 688 5156 de
703 5099 762 5172 ipsa
779 5100 813 5156 ad
824 5101 936 5157 beatum
986 5098 1048 5154 liter
1058 5112 1177 5169 pensans
1193 5096 1217 5153 si
1232 5105 1307 5153 reeta
1319 5086 1578 5164 rerba'eorallerat,
1590 5108 1654 5165 qua
1673 5094 1778 5152 utiliter

144 5190 443 5250 incontaminatum
465 5193 522 5263 ejus
550 5192 685 5263 tampades
707 5193 850 5264 procedant
872 5192 936 5265 (iot
986 5189 1140 5261 suscipiens
1150 5190 1180 5245 iu
1197 5188 1351 5245 auditorum
1364 5187 1498 5258 judicium
1515 5187 1609 5261 bagua
1632 5189 1775 5263 perducat.

144 5281 214 5356 aar),
229 5280 363 5355 Sioutqui
378 5284 531 5353 provident,
549 5283 632 5351 octni,
646 5284 688 5340 sic
709 5283 757 5355 qui
774 5283 933 5355 praedicant,
985 5280 1085 5339 Beatus
1107 5282 1190 5353 igitur
1202 5279 1358 5337 lobeoutra
1370 5279 1475 5338 amieos
1500 5296 1594 5353 agens,
1607 5282 1656 5339 sed
1679 5289 1773 5338 contra

144 5391 177 5436 oa
198 5384 342 5432 uocantur.
359 5373 413 5431 Sed
425 5374 734 5447 deltoeorelumpades
746 5375 934 5448 exeunt,quia
985 5373 1128 5431 ltereticos
1150 5383 1244 5429 nostra
1262 5371 1437 5442 denuntians,
1463 5374 1705 5445 precipitationem
1729 5371 1774 5430 lo·

144 5470 251 5542 mentm
261 5464 430 5522 audientium
441 5465 475 5521 ad
492 5480 613 5522 amorem
636 5465 757 5536 pertidia
770 5466 933 5525 accendunt.
984 5466 1127 5538 quentium
1147 5464 1340 5537 deprehendat,
1370 5473 1452 5538 atque
1476 5464 1512 5522 ad
1534 5480 1630 5523 eorum
1653 5474 1772 5523 metrum
1868 5491 1873 5497 ·

143 5543 183 5607 n‘
193 5555 265 5612 uude
282 5556 362 5628 quasi
381 5571 430 5628 per
447 5556 608 5643 sapientiam
636 5556 738 5626 lucent,
753 5556 816 5613 inde
838 5556 932 5629 procul
983 5558 1067 5614 uerba
1078 5558 1181 5613 recolat
1190 5557 1284 5613 diceus
1298 5574 1305 5612 ε
1319 5555 1465 5629 loquentes
1480 5557 1509 5611 td
1518 5559 1589 5629 quod
1603 5557 1707 5629 jartam
1720 5567 1770 5622 eat,

145 5643 229 5704 (lubio
245 5661 293 5715 per
307 5649 648 5720 nequitiameoneremant.
979 5649 1112 5721 judicate.
1126 5651 1164 5708 Aa
1175 5648 1199 5706 sl
1217 5660 1311 5721 aperte
1324 5648 1444 5706 diceret:
1460 5649 1490 5712 Si
1500 5650 1528 5708 iu
1539 5664 1573 5709 eo
1584 5649 1658 5724 quod
1672 5649 1706 5707 ad
1720 5665 1771 5707 uos
1846 5676 1850 5682 ·

180 5729 255 5827 (267)
271 5756 338 5815 Exi.
354 5776 423 5817 artu
440 5761 467 5817 in
478 5760 540 5831 iob,
557 5777 582 5818 e.
595 5778 670 5818 xxvi.
1021 5761 1097 5843 (268)
1115 5760 1154 5817 lin
1166 5760 1185 5817 i.
1200 5776 1249 5817 ιιιι
1262 5761 1289 5816 in
1302 5756 1365 5830 lob,
1377 5775 1402 5817 c.
1417 5776 1447 5816 ιι.
