3817 6000
123 168 180 225 221

619 176 622 181 ·
724 155 989 219 uueuoutnttbit.
1006 188 1044 200 -
1060 156 1124 215 clu.
1144 156 1174 214 V.

121 281 227 354 judicii
242 281 317 338 vittis
332 279 480 351 bgantibus
491 277 677 348 imprimatur,
689 286 826 347 qtrateuus
836 290 928 332 sacer·
943 275 966 331 A
980 273 1007 325 iu
1018 273 1094 328 anion
1105 284 1224 329 mortuus
1236 274 1317 329 suut?
1332 290 1450 345 egressus
1472 291 1506 330 ee
1523 283 1601 331 utero
1612 292 1664 331 non
1676 278 1771 331 rtatim

121 375 220 431 dotale
244 389 292 429 cor
325 386 500 443 nequaquam
525 368 707 442 cogitationes
732 370 812 424 lluxae
835 367 926 439 possi-

122 467 222 532 deant,
239 466 287 522 sed
311 465 383 522 ratio
405 466 463 521 sola
486 463 666 534 constringat,
690 477 725 516 ne
748 461 925 517 indiscretum

123 558 249 630 quiduel
264 558 361 615 inutile
377 558 487 629 cogitet,
500 555 548 627 qui
560 556 595 611 ad
616 556 769 624 exeruplum
784 553 847 609 aliis
860 569 927 610 con-

124 652 252 717 stitutus,
263 666 297 706 er
312 650 446 721 gravitate
458 649 521 704 rite
545 662 654 718 semper
671 647 751 702 debet
772 646 925 708 ostendere,

124 754 260 814 quamam
273 745 300 798 in
314 753 424 814 pectore
440 744 575 798 rationem
590 750 691 811 portet.

414 833 528 890 CAPUT
547 833 642 889 xutv.

434 965 468 1005 ut:
484 964 621 1005 counitus.

124 1039 162 1097 Iu
176 1040 321 1112 Scriptura
337 1059 415 1097 sacru
433 1042 541 1096 ulerunt
557 1041 661 1094 notitiae
678 1039 823 1110 cliguourio
836 1040 927 1094 trader·

160 1125 187 1169 et
209 1112 321 1196 gentiles
335 1114 518 1183 designentur,
530 1110 674 1182 aliquando
695 1109 771 1163 uerba
791 1112 861 1164 sacri
873 1112 927 1163 elo-

159 1186 231 1256 quit,
244 1183 389 1254 aliquunde
412 1193 567 1254 argumento
595 1198 679 1236 cusae
701 1183 768 1250 spei,
781 1181 926 1253 aliquunde

160 1256 251 1309 cuncti
263 1255 451 1322 predicatores
464 1253 659 1325 irttellr'guutur.

160 1342 240 1413 (350)
259 1340 380 1399 Uberum
393 1342 505 1398 nourine
516 1339 603 1398 Judaei
615 1352 642 1398 et
654 1342 768 1413 gentiles
780 1341 926 1412 designan-

122 1444 181 1501 tur,
199 1436 275 1491 sicut
289 1434 418 1491 Ecclesiae
436 1436 464 1490 iu
485 1432 608 1491 Canticis
622 1434 723 1490 dieitur
737 1453 743 1488 :
756 1433 816 1489 lino
844 1435 925 1487 ubero

124 1536 173 1581 trra
192 1528 264 1581 sicut
286 1526 340 1581 duo
357 1527 462 1583 biurtuir'
481 1543 582 1598 coprete
606 1526 710 1609 gemelli
723 1528 768 1598 gui
781 1536 926 1596 poscuntur

977 367 1066 435 perii?
1091 366 1146 421 Gur
1163 377 1286 436 exceptus
1315 366 1446 438 genibus?
1469 365 1524 421 Cur
1549 368 1664 423 iactetur
1682 370 1772 424 uberi·

978 453 1048 509 bur?
1065 454 1127 526 (lob
1145 457 1398 528 ur,l2.)tluatuor
1427 457 1517 514 modis
1547 467 1689 528 peccatum
1708 475 1771 529 per·

978 555 1102 615 petratur
1139 546 1167 600 in
1209 547 1307 614 eorde,
1338 556 1458 617 quatuor
1501 558 1710 605 consummatur
1743 550 1770 605 iu

978 651 1070 707 opere.
1091 636 1120 692 lu
1139 637 1222 693 corde
1242 654 1361 711 namque
1380 640 1568 710 suggestione,
1595 640 1676 710 297
1695 640 1769 695 dele-

978 726 1107 792 ctatione,
1124 743 1273 794 consensu,
1290 738 1317 785 et
1335 728 1503 785 defensionis
1514 730 1628 784 audacia
1644 746 1693 800 per
1713 731 1770 785 ela·

978 819 1079 874 tionem
1106 830 1288 891 perpetratur.
1312 821 1355 876 Fit
1380 823 1453 876 enim
1482 821 1621 892 suggestio
1646 836 1695 891 per
1720 821 1769 875 ad-

977 912 1146 980 uersarium,
1169 913 1312 969 delectatio
1335 930 1382 984 per
1401 928 1528 980 carnem,
1549 929 1701 969 cousensus
1719 928 1768 984 per

978 1004 1120 1073 spiritum,
1132 1004 1302 1062 defensionis
1321 1006 1436 1061 arrdacia
1448 1021 1497 1076 per
1509 1006 1665 1060 elationem.
1682 1004 1768 1077 Culpa

978 1094 1051 1150 enim
1069 1110 1130 1165 quae
1149 1103 1250 1151 terrere
1266 1095 1373 1163 debuit,
1389 1104 1506 1151 mentem
1520 1097 1624 1150 extollit
1646 1104 1673 1150 et
1700 1094 1768 1164 deji-

977 1185 1075 1241 ciendo
1100 1187 1208 1252 eleuat;
1237 1187 1284 1242 scd
1310 1187 1421 1258 grauius
1443 1187 1574 1243 elenando
1601 1187 1767 1257 supplantat.

979 1276 1057 1333 Unde
1075 1287 1102 1333 et
1114 1277 1188 1332 illam
1201 1278 1282 1347 primi
1294 1278 1414 1332 bominis
1429 1279 1618 1334 rectitudinem
1637 1279 1768 1346 antiquus

977 1367 1065 1423 bostis
1080 1369 1124 1425 luis
1139 1378 1257 1439 quatuor
1275 1368 1375 1424 ictibus
1390 1368 1480 1439 fregit.
1492 1368 1560 1425 Nam
1575 1384 1688 1439 serpeus
1701 1351 1767 1424 stra·

977 1459 1023 1523 sit,
1042 1457 1097 1513 Era
1111 1459 1244 1514 delectata
1259 1467 1311 1525 est,
1326 1458 1413 1513 Adam
1434 1460 1585 1516 consensit.
1608 1459 1659 1527 Qui
1684 1460 1766 1514 etiam

978 1551 1129 1621 requisitus
1141 1550 1267 1605 conliteri
1296 1549 1405 1619 cuipam
1431 1565 1478 1620 per
1501 1550 1643 1605 audaciam
1669 1550 1766 1605 noluit.

123 1623 153 1675 in
177 1620 248 1675 liliis
270 1621 352 1675 donec
373 1622 472 1690 aspiret
495 1620 572 1687 dier,
597 1630 621 1675 et
645 1620 805 1675 inclinentur
826 1622 926 1675 urrtbroe
943 1617 963 1672 B
978 1640 1037 1697 goe
1054 1656 1117 1697 vem
1130 1640 1157 1696 (η
1176 1640 1297 1696 humano
1309 1655 1408 1711 genere
1428 1641 1549 1710 gummi„
1579 1640 1669 1710 agiu„
1694 1641 1768 1711 qugd

124 1711 222 1787 lew·
236 1728 276 1777 'Vr
288 1714 327 1783 5).
337 1711 409 1778 ΨΜ
421 1713 493 1768 essim
508 1721 573 1769 ⁸⁰⁰²
583 1714 638 1768 ‘¹¹¹⁰
654 1714 749 1782 “liiiio
764 1713 817 1770 ⁰5⁵5
828 1729 860 1770 ²⁸
875 1711 926 1767 ³¹¹·
978 1742 1072 1789 actum
1095 1733 1123 1787 in
1147 1732 1238 1803 primo
1262 1741 1375 1802 parente
1393 1733 1480 1789 nostri
1497 1734 1605 1805 generis
1620 1748 1673 1787 nou
1690 1733 1768 1804 igno-

123 1805 184 1860 dffl
200 1813 228 1859 0¹
242 1804 395 1875 Sflssllllffle
410 1805 522 1861 “¹¹5⁸ssss
543 1815 659 1877 ”iiiique
675 1806 804 1877 ll⁰ll¹¹ll¹ssn
817 1806 845 1861 5¹¹
861 1822 926 1862 ⁵³¹¹·
978 1833 1065 1880 ratur.
1085 1824 1204 1895 Serpens
1215 1823 1302 1880 suasit
1314 1824 1378 1895 quia
1393 1823 1516 1881 occultus
1527 1824 1614 1880 bostis
1624 1823 1695 1878 mala
1706 1839 1768 1880 cor-

124 1906 177 1951 ⁰¹³³
189 1894 322 1952 3⁰⁰¹&ae
332 1911 448 1967 00'90'0
461 1911 511 1967 W
524 1898 703 1953 ¹⁰²⁰⁰li⁰⁰⁰¹¹¹
719 1898 870 1969 willemi&
882 1912 927 1951 if·
977 1918 1059 1974 dibus
1076 1917 1219 1974 bominum
1231 1917 1347 1973 latenter
1359 1918 1489 1989 suggerit.
1504 1915 1558 1971 lita
1568 1916 1700 1973 delectata
1713 1925 1766 1983 est,

123 2002 199 2043 ⁶²⁰⁰
222 1996 265 2043 ⁸⁵¹
293 1988 384 2043 ⁰⁰fl¹l⁸
409 1988 527 2044 iflflfflss?
548 1986 587 2043 5¹
610 2003 666 2059 (1¹¹⁰
690 1986 851 2081 P⁰P¹¹¹⁰r¹¹il
878 1985 925 2057 ‘1¹¹5
976 2010 1043 2080 quia
1066 2008 1349 2066 carnalissensusad
1373 2010 1456 2066 uerba
1482 2008 1616 2079 serpentis
1643 2024 1707 2064 mox
1736 2024 1766 2064 se

122 2082 206 2137 ‘letti
226 2090 303 2145 suut,
318 2081 421 2138 Ῑῦὓῑΐθθ
442 2096 549 2152 ωΡΓθὶθ
575 2081 700 2137 hinnulli
716 2081 799 2153 296
814 2096 925 2151 ⁰⁰fflli·
977 2099 1150 2157 delectationi
1161 2100 1323 2157 substernit.
1338 2102 1510 2159 Consousum
1523 2116 1587 2157 uero
1600 2100 1687 2155 Adam
1705 2116 1767 2155 mn·

123 2181 235 2239 nulus,
248 2172 314 2243 qnia
328 2187 376 2242 per
393 2171 576 2226 humilllilssffl
593 2171 703 2241 quidem
718 2187 749 2227 ὅθ
764 2179 924 2242 Ρθθθθῑθῐθὸ
976 2189 1036 2245 lieri
1049 2192 1213 2262 praepositus
1231 2193 1348 2263 praebuit
1360 2192 1425 2265 quia
1439 2194 1504 2248 dum
1519 2207 1584 2247 caro
1598 2192 1624 2246 in
1649 2192 1768 2248 delecta-

123 2264 294 2335 ifllssffissullb
309 2264 356 2320 ⁸⁸⁴¹
381 2263 422 2321 05⁵
447 2279 496 2334 per
518 2263 679 2319 chifilim
700 2263 885 2331 curlessllbtlb
900 2264 924 2320 Sl
976 2280 1077 2337 tionem
1105 2283 1222 2352 rapitur,
1239 2282 1321 2337 etiam
1347 2297 1363 2338 a
1391 2298 1441 2338 sua
1467 2281 1627 2337 rectitudine
1653 2279 1767 2351 spiritus

123 2376 180 2431 <1¹¹²
207 2361 351 2416 ⁰¹³⁵¹²⁰¹¹¹²
376 2359 411 2416 (¹0
432 2359 628 2430 imbedlffleflw
648 2360 856 2431 ¹⁰⁰¹b⁰i³¹l²³¹i⁸
875 2361 925 2417 Οὓ-
972 2373 1132 2431 inlirmatus
1147 2374 1304 2430 inclinatur.
1321 2372 1355 2429 Et
1369 2373 1519 2446 requisitus
1544 2373 1630 2429 Adam
1643 2371 1766 2427 corrbtcri

122 2452 213 2519 'labb
226 2462 384 2519 museum,
397 2464 425 2508 et
441 2451 513 2510 datis
533 2453 773 2525 0⁰¹¹lss¹1¹ll¹³l¹⁰¹¹is
797 2455 923 2522 iambus»
976 2465 1064 2520 uoluit
1078 2465 1197 2536 culpam,
1212 2466 1277 2536 quia
1291 2466 1419 2522 uidelicet
1429 2466 1554 2536 spiritus,
1570 2480 1626 2535 qrro
1646 2479 1765 2535 peccau-

124 2546 159 2601 ²d
175 2558 298 2614 superfla
314 2545 513 2601 ⁰⁰¹¹⁸⁰0¹¹d¹¹¹¹b
526 2544 589 2614 Qui,
603 2556 634 2603 ¹¹2
658 2547 718 2603 hoee
744 2555 838 2619 aditui,
852 2562 922 2618 prae·
974 2553 1037 2610 ‹loa
1051 2555 1166 2611 ueritate
1177 2555 1355 2627 disjungitur,
1368 2570 1401 2611 eo
1412 2556 1440 2610 iu
1458 2554 1544 2610 ruinae
1564 2569 1621 2609 suae
1649 2552 1765 2608 audacia

124 2636 286 2693 cedentium
309 2644 467 2692 sanctorum
495 2638 619 2707 exempla
640 2638 833 2709 conspiciunt:
848 2637 924 2695 Uinde
975 2645 1091 2716 nequius
1113 2646 1274 2703 obduratur.
1298 2646 1407 2704 Eisdem
1426 2647 1508 2702 etiam
1533 2656 1652 2718 quatuor
1676 2645 1766 2702 modio

122 2739 152 2785 et
170 2730 200 2784 iu
214 2728 280 2785 liliis
291 2729 366 2798 pasci
379 2728 545 2785 reseruntur.
560 2728 632 2797 Quid
652 2731 725 2786 enim
739 2746 787 2800 per
798 2731 854 2786 lilia
869 2731 923 2787 nisi
975 2745 1114 2806 peccatum
1130 2746 1338 2793 consummatur
1352 2739 1381 2793 in
1397 2753 1489 2809 opere.
1503 2736 1583 2794 Prius
1594 2752 1711 2808 namque
1722 2737 1765 2798 ,la-

122 2823 239 2878 illorum
253 2822 308 2877 rita
321 2822 486 2892 declaratur,
498 2823 546 2894 qui
558 2823 690 2880 ueraciter
699 2825 795 2880 dicunt
805 2842 812 2880 ;
822 2823 922 2880 Cirristi
975 2838 1036 2882 teus
1052 2827 1132 2898 culpa
1147 2830 1248 2901 agitur,
1257 2830 1432 2901 postmodum
1447 2844 1512 2885 uero
1524 2837 1588 2884 ante
1602 2830 1698 2885 oculos
1712 2829 1764 2884 bo-

123 2917 212 2971 tonus
237 2915 303 2970 odor
324 2931 416 2970 rumne
442 2914 497 2970 Deo
508 2914 553 2987 (ll
571 2914 633 2971 Cor.
649 2917 692 2986 ιι).
705 2914 789 2971 Electi
803 2931 878 2987 ergo,
893 2922 924 2971 ut
937 2948 961 3011 c
976 2921 1081 2976 urinum
1097 2923 1157 2977 sine
1172 2922 1335 2979 confusione
1355 2931 1448 2979 reatus
1460 2923 1600 2993 aperitur;
1616 2924 1716 2980 dehinc
1736 2933 1765 2980 et

122 3011 239 3081 assequi
260 3023 368 3066 summa
391 3010 566 3082 praevaleant,
581 3019 726 3080 conspecta
743 3009 923 3075 odoriferafet
976 3013 1243 3070 inconsuetudinem
1259 3014 1378 3070 ducitur.
1406 3013 1447 3068 tte
1462 3023 1614 3069 extr-eurum
1644 3030 1708 3071 uero
1722 3016 1764 3071 vcl

123 3102 244 3158 candida
254 3102 392 3172 justorum
405 3102 460 3157 uita
472 3101 618 3157 satiantur.
634 3100 694 3156 lam
706 3101 816 3172 quidem
832 3102 924 3157 uidere
976 3104 1053 3161 ialsre
1064 3106 1122 3177 spei
1134 3106 1352 3171 seductionibus,
1372 3108 1414 3162 uel
1441 3106 1627 3161 obstinatione
1657 3107 1765 3164 irrisere

124 3192 275 3249 Dominum
290 3192 397 3260 sitiunt,
412 3194 469 3263 jam
484 3193 519 3250 de
542 3193 603 3265 ejus
626 3192 857 3263 contemplatione
879 3207 924 3248 sa·
974 3200 1173 3270 desperationis
1197 3198 1343 3255 enutritur.

123 3288 190 3342 riari
212 3285 356 3342 eharitatis
380 3286 493 3342 astibus
515 3285 703 3341 inardescunt.
727 3284 781 3341 Sed
807 3286 872 3355 quia
894 3286 922 3341 in
1008 3289 1284 3362 llositaquepeecati
1299 3290 1455 3361 modosqui
1471 3288 1551 3345 ueliu
1577 3290 1658 3344 corde
1674 3289 1764 3344 laten-

123 3378 180 3433 bac
200 3378 259 3433 vita
280 3378 363 3448 positi
390 3378 511 3433 noudum
526 3378 628 3443 ualent,
643 3393 692 3449 per
711 3377 921 3448 praecedentium
973 3390 1015 3436 ter
1028 3381 1106 3448 liunt,
1122 3380 1162 3434 rel
1172 3389 1297 3450 patenter
1316 3381 1344 3434 in
1362 3395 1443 3449 opere
1457 3389 1656 3449 perpetrantur,
1668 3380 1764 3436 beatus

124 3469 237 3524 interim
252 3479 363 3540 patrum
372 3468 495 3540 exempla
511 3477 671 3538 pascuntur.
687 3467 765 3525 Unde
779 3478 807 3525 et
815 3477 878 3540 apte
890 3468 923 3523 ll·
972 3469 1024 3526 lob
1036 3471 1201 3538 considerat,
1214 3481 1240 3528 et
1252 3471 1400 3526 humanum
1413 3487 1500 3541 genus
1524 3472 1551 3525 in
1580 3480 1648 3541 qrrot
1671 3487 1764 3540 peeca-

123 3563 165 3621 lic
175 3572 285 3632 tempus
296 3562 332 3620 de
346 3562 406 3632 ipro
421 3562 541 3617 liliorum
559 3569 640 3633 pastu
653 3561 793 3630 dillinitur,
808 3578 871 3618 cum
884 3562 923 3619 di·
972 3570 1062 3617 torum
1074 3562 1203 3632 gradibus
1215 3563 1253 3619 sit
1264 3564 1381 3633 lapsum,
1401 3562 1524 3633 deplorat
1538 3564 1633 3618 dicens
1647 3582 1654 3617 :
1674 3561 1763 3628 Quare

123 3655 310 3712 citurzllouec
323 3654 422 3722 aspiret
435 3654 503 3720 dier,
517 3663 542 3707 et
553 3652 714 3708 irretirentur
727 3654 837 3709 umbre.
850 3651 919 3708 Tan·
972 3652 1064 3728 neuin
1080 3653 1156 3707 uulua
1170 3661 1289 3707 mortuus
1306 3670 1364 3707 aunt
1380 3655 1393 3707 l
1414 3670 1533 3724 egressus
1557 3670 1589 3708 ec
1615 3663 1687 3708 utero
1711 3670 1762 3708 riou

123 3750 173 3805 diu
185 3747 299 3819 qrridem
311 3746 385 3801 refici
398 3745 537 3815 justorum
549 3746 681 3816 exemplis
695 3746 860 3818 indigemus,
876 3748 923 3803 do
974 3747 1068 3800 rtatim
1083 3745 1176 3813 perii?
1193 3743 1248 3800 Cur
1269 3755 1392 3816 exemtus
1416 3747 1549 3816 genibus?
1572 3744 1663 3799 Prima
1688 3745 1762 3800 euim

123 3839 330 3911 necpeceautis
351 3836 524 3894 mortalitatis
547 3840 659 3894 umbras
675 3849 777 3896 aeterno
792 3840 921 3909 dieaspi·
972 3834 1052 3890 vulva
1068 3836 1256 3904 conceptionis
1277 3836 1328 3891 luit
1349 3837 1442 3907 lingua
1470 3837 1548 3891 malm
1568 3836 1760 3906 suggestionis.

123 3944 206 3990 rante
222 3944 405 3991 transcamus.
419 3935 489 3991 Cum
511 3943 601 3991 autem
617 3933 700 4004 buius
713 3935 921 4005 temporalitatis
973 3925 1026 3983 Sed
1039 3936 1167 3997 peccator
1180 3927 1208 3982 in
1224 3928 1305 3984 uulua
1320 3938 1484 3993 moreretur,
1510 3928 1534 3984 si
1557 3929 1720 3983 moriturum
1732 3943 1763 3984 se

122 4025 226 4080 umbra
247 4035 386 4081 transacta
411 4026 464 4082 bac
484 4026 649 4082 mortalitate
669 4023 752 4080 luerit
773 4025 920 4093 inclinata,
972 4021 1055 4075 bomo
1074 4021 1101 4075 in
1120 4020 1179 4090 ipsa
1197 4022 1372 4093 suggestione
1384 4031 1570 4092 cognosceret.
1594 4019 1646 4087 Qui
1670 4031 1761 4075 tanuen

121 4116 191 4188 quia
219 4117 307 4187 ipsius
329 4117 383 4173 diei
398 4119 536 4174 internum
548 4119 638 4174 lumen
654 4119 803 4186 ceruimus,
819 4134 921 4190 nequa·
970 4131 1004 4170 en
1030 4126 1108 4171 utero
1120 4130 1248 4185 egressus
1268 4124 1320 4180 est,
1334 4116 1398 4186 quia
1413 4124 1558 4185 postquam
1574 4129 1635 4169 eum
1656 4114 1683 4168 in
1698 4128 1763 4183 pce·

121 4223 210 4278 qnam
226 4196 919 4279 jamappetimus,utadamoremejusperaliorum
972 4217 1034 4267 cato
1046 4193 1198 4282 suggerens
1210 4210 1303 4281 lingua
1334 4211 1468 4282 concepit,
1492 4225 1555 4265 mor
1579 4209 1660 4265 etiam
1688 4208 1762 4265 lonas

121 4302 253 4372 exempla
270 4300 426 4372 flagremus.
441 4300 520 4358 Naue
533 4312 636 4368 autem,
649 4301 845 4372 quianondum
856 4318 918 4358 eum
935 4289 1117 4357 Ddelectatio
1131 4303 1233 4373 rapuit.
1249 4300 1316 4358 Post
1340 4303 1524 4372 egressionem
1546 4317 1610 4357 vcro
1632 4311 1763 4371 exceptus

122 4393 228 4449 intueri
243 4409 400 4464 possumus,
417 4408 591 4463 summopere
605 4409 715 4449 necesse
726 4403 767 4450 est
782 4403 918 4450 uteorum
972 4402 1015 4450 est
1031 4395 1156 4465 genibus,
1170 4394 1233 4465 quia
1249 4410 1312 4450 cum
1325 4395 1360 4450 ad
1373 4395 1580 4451 delectationem
1594 4394 1686 4477 caruis
1699 4409 1763 4464 pro·

122 4489 170 4557 qui
189 4487 267 4542 illum
282 4484 499 4557 perlectesecuti
515 4495 580 4542 suut
598 4486 751 4556 conspectis
765 4487 920 4545 actionibus
973 4486 1033 4552 diit,
1052 4487 1183 4542 nimirum
1210 4488 1317 4557 culpam
1339 4503 1387 4557 per
1414 4488 1622 4544 consensionem
1649 4486 1762 4557 spiritus

123 4581 282 4635 incitemur.
975 4577 1106 4648 subjectis
1122 4577 1228 4632 eunctis
1239 4577 1377 4644 sensibus,
1392 4577 1470 4648 quasi
1484 4577 1633 4648 suppositis
1647 4576 1762 4648 genibus

161 4670 285 4725 Uberum
300 4672 412 4726 nomine
427 4673 508 4727 rerba
524 4672 596 4726 sacri
613 4671 714 4742 eloquii
731 4673 919 4745 designantur,

123 4765 200 4821 sictut
219 4780 268 4835 per
293 4763 467 4820 Salomonem
494 4766 615 4822 dicitur:
633 4765 685 4831 Qui
704 4767 810 4836 sortiter
827 4768 922 4838 premit

123 4858 208 4912 ubera
222 4858 259 4911 cd
271 4857 430 4912 eliciendum
455 4858 515 4921 luc,
530 4858 654 4928 exprimit
678 4858 810 4929 butyrum.
825 4859 861 4913 Ε(
875 4860 921 4931 qui

123 4949 291 5004 ulumeuter
317 4948 451 5015 emulget,
469 4946 543 5002 elicit
570 4947 724 5017 sanguinent
739 4947 829 5018 (Pron.
853 4965 918 5015 xxx,

123 5041 183 5111 ³3).
197 5039 317 5110 lleqrrire
329 5041 357 5096 in
369 5042 451 5111 capit.
464 5038 502 5094 lle
522 5039 664 5109 sanguine,
680 5056 773 5110 supra,
793 5056 853 5111 cap.
872 5040 917 5095 55.

161 5133 240 5202 (551)
262 5130 382 5188 Uberum
397 5131 508 5186 nomine
520 5139 682 5204 argumenta
698 5147 784 5186 eassae
796 5131 865 5201 spei,
878 5132 918 5187 vel

123 5220 245 5287 idedun,
267 5223 324 5277 siue
347 5223 455 5278 misene
475 5223 596 5278 lementa
622 5222 821 5293 desperationis
843 5222 919 5279 desi·

124 5323 262 5383 guantur,
280 5315 352 5371 sicut
367 5330 414 5385 per
436 5315 546 5370 beatum
560 5313 612 5370 iob
625 5332 659 5370 ex
674 5329 789 5384 persona
805 5314 918 5370 humani

125 5404 248 5478 generis,
259 5406 302 5461 rel
315 5407 462 5478 cujuslibet
472 5407 633 5477 poenitentis
644 5406 744 5463 dicitur
754 5406 857 5472 :Quare
865 5422 916 5460 non

162 5621 239 5694 (350)
258 5622 297 5678 Et
309 5641 334 5682 c.
352 5640 388 5693 rr,
408 5626 454 5682 lib.
468 5642 531 5682 uxru
548 5626 574 5682 in
591 5617 651 5695 lob,
669 5627 711 5683 lb.

972 4660 1185 4724 consummavit.
1202 4666 1254 4721 Sed
1280 4667 1364 4738 298
1384 4668 1499 4739 genibus
1524 4676 1655 4737 exceptus
1678 4669 1761 4722 etiam

973 4760 1105 4817 uberibus
1115 4769 1157 4815 est
1172 4759 1297 4814 lactatus.
1311 4758 1339 4812 lu
1355 4774 1493 4814 consensu
1510 4759 1583 4813 cuim
1604 4759 1692 4829 eulpae
1714 4759 1762 4814 ad-

972 4853 1038 4909 ditis
1059 4851 1173 4922 spiritus
1197 4851 1326 4907 sensibus
1351 4850 1534 4905 multaeassae
1554 4850 1661 4905 lidueiae
1679 4866 1762 4920 argu·

972 4952 1064 5000 menta
1086 4942 1233 4999 subsecuta
1248 4950 1323 5008 sunt,
1336 4957 1397 5012 quae
1415 4948 1507 4996 natam
1527 4941 1555 4995 iu
1568 4949 1681 5011 peccato
1700 4933 1757 4993 a'ui·

972 5050 1045 5090 mam
1060 5033 1196 5089 virulento
1209 5032 1280 5087 laete
1295 5032 1450 5090 nutrierunt
1463 5049 1470 5098 ;
1486 5038 1513 5087 et
1526 5046 1560 5086 ue
1573 5038 1668 5100 aspera
1687 5043 1760 5081 mor-

972 5125 1008 5182 tis
1034 5123 1166 5195 supplicia
1190 5129 1333 5188 metueret,
1353 5122 1425 5177 hauc
1448 5120 1554 5176 blandis
1575 5116 1761 5174 excusationi·

972 5217 1023 5271 bus
1049 5214 1186 5270 iuuerunt.
1221 5213 1298 5269 Umlc
1312 5222 1339 5269 et
1350 5214 1457 5283 primus
1470 5213 1554 5267 borno
1574 5218 1636 5281 post
1651 5208 1758 5276 culpam

972 5309 1103 5364 audacior
1117 5308 1221 5365 exstitit
1233 5307 1348 5363 dicens:
1367 5305 1465 5359 Mulier
1489 5321 1569 5376 quum
1583 5301 1680 5357 dedisti
1694 5300 1758 5354 utilti

970 5400 1071 5454 socium
1085 5399 1142 5453 iore
1161 5398 1225 5452 utili
1251 5396 1322 5451 dedit
1351 5397 1382 5449 rie
1402 5396 1483 5465 liguo,
1509 5403 1535 5449 et
1561 5392 1661 5448 comedi
1680 5390 1756 5462 (Gerr.

1009 5627 1084 5698 (551)
1104 5625 1143 5681 Ex
1157 5641 1181 5682 c.
1195 5641 1256 5692 xxv,
1273 5625 1291 5680 Ι.
1304 5640 1340 5688 tt,
1355 5623 1380 5678 lu
1396 5623 1455 5690 turb,
1474 5619 1521 5674 27.
1762 5645 1769 5684 g
