3817 6000
329 202 444 260 605

1760 191 2144 250 neiswLAE.

326 315 400 375 B.
427 317 598 374 frater
626 315 691 373 G.
723 312 792 370 de
819 311 1210 382 Ricbersperge
1233 309 1457 367 devotas
1486 308 1761 364 orationes
1783 324 1908 365 cum
1939 315 1985 373 Α
2013 307 2277 376 tionibus,
2315 317 2372 366 et
2413 308 2863 380 oppressionibus
2908 311 3113 372 milites
3163 324 3219 372 et
3264 317 3579 390 scutiferos,

324 413 475 471 fideli
506 408 793 480 obsequio.

2011 411 2280 475 quantum
2319 402 2598 474 praevaleS‚
2624 419 2974 492 compescere
2998 407 3241 477 studeas,
3278 426 3347 466 ne
3391 412 3579 469 iaetitia

398 503 722 573 Quousque,
767 497 1019 571 princeps
1065 493 1425 558 nobilissime,
1490 499 1585 546 tua
1616 489 1911 547 fraudabor
2011 515 2229 572 magna,
2250 516 2374 572 quae
2411 499 2507 556 Dei
2537 501 2709 573 gratia
2739 500 2954 559 favente
2991 518 3090 575 per
3133 513 3186 561 te
3229 502 3373 562 facta
3407 509 3579 565 estin

319 597 524 652 notitia
552 591 718 651 simul
750 599 806 647 et
840 589 1013 662 gratia
1038 587 1134 642 tali
1157 596 1269 642 tam
1305 584 1582 650 familiari,
1613 582 1826 653 qualem
1851 581 1909 637 in

322 696 625 759 conspectu
671 683 843 756 patris
892 681 969 738 tui
997 677 1307 750 habui,qui
1344 691 1429 732 me
1456 675 1713 749 pusillum
1758 674 1905 740 licet,

323 791 480 838 tauta
513 778 776 851 principis
813 775 987 849 gratia
1016 782 1071 830 et
1097 771 1335 828 amicitia
1376 770 1681 841 indignum,
1715 768 1904 838 digna·

319 885 415 932 tus
442 881 526 930 est
554 871 753 927 babere
777 869 919 924 inter
946 875 1133 940 gratos
1159 873 1212 920 et
1244 863 1475 931 amicos,
1522 877 1633 917 non
1661 877 1778 925 eos,
1806 860 1903 931 qui

319 967 635 1024 dilexerunt
664 980 786 1029 sua,
822 978 933 1018 non
960 961 1164 1033 ipsum,
1191 958 1288 1014 sed
1316 972 1431 1024 eos,
1459 956 1554 1029 qui
1585 957 1797 1011 sincere
1819 954 1904 1010 di-

278 1060 572 1116 lexerunt
620 1055 836 1129 ipsum?
882 1052 1012 1111 Inde
1056 1052 1136 1108 illi
1185 1049 1484 1107 familiares
1510 1048 1901 1105 collocutiones

310 1167 538 1209 mecum
567 1150 634 1207 de
662 1149 839 1206 salute
886 1147 1084 1202 animae
1113 1160 1247 1212 suae,
1289 1142 1357 1199 de
1406 1150 1551 1199 statu
1594 1149 1652 1197 et
1692 1141 1902 1196 bonore

311 1253 524 1302 sanctae
544 1241 639 1297 Dei
664 1239 938 1297 Ecclesiae.
976 1235 1114 1292 Nam
1147 1236 1215 1292 de
1238 1233 1594 1291 saecularibus
1618 1231 1687 1288 ad
1718 1231 1895 1302 ipsum

308 1333 717 1410 pertinentibus
753 1331 830 1387 illi
861 1328 1214 1385 abundabant
1242 1325 1567 1392 consiliarii,
1592 1323 1689 1379 mii
1730 1322 1898 1394 bujus

311 1427 501 1486 saecuti
536 1423 918 1497 prudentiores
948 1421 1075 1476 filiis
1119 1419 1257 1475 lucis
1296 1417 1352 1472 in
1385 1415 1735 1488 generatione
1771 1428 1894 1482 sua,

310 1517 778 1590 quemadmodum
810 1523 917 1571 tuae
941 1526 1160 1585 quoque
1188 1508 1453 1565 nobilitati
1482 1506 1692 1563 nobiles
1721 1506 1896 1561 abun-

306 1611 444 1666 dant
461 1608 905 1680 adstipulatores,
921 1620 1154 1677 quorum
1172 1601 1422 1673 prudenti
1447 1599 1679 1657 consilio
1695 1606 1895 1655 tractes

2008 592 2228 666 populo,
2255 602 2496 650 vertatur
2542 593 2599 649 in
2645 593 2941 660 tristitiam,
2975 597 3119 667 quod
3161 595 3306 655 Deus
3333 608 3580 658 avertero

2007 687 2279 759 dignetur,
2309 687 2404 758 qui
2433 695 2486 742 et
2525 687 2618 743 tibi
2644 688 2912 745 vindictas
2929 689 3109 759 iustas
3132 692 3406 747 exercenti
3427 707 3577 748 sem-

2006 795 2103 853 per
2132 780 2202 835 sit
2228 778 2514 850 propitiuS,
2538 787 2593 834 et
2616 778 2855 837 inimicis
2893 781 3003 838 tuis
3050 781 3325 844 inimicus.
3364 762 3576 841 Caitera

2007 869 2312 927 celsitudini
2342 878 2448 926 tuae
2466 885 2563 941 per
2590 885 2766 927 meam
2792 874 3116 943 parvitatem
3140 876 3500 946 suggerenda,
3525 875 3577 932 si

2004 973 2184 1019 tamen
2210 962 2517 1033 dignaberis
2540 977 2626 1019 me
2650 963 2844 1021 audire
2871 980 3025 1021 more
3062 975 3312 1037 paterno,
3346 969 3402 1027 in
3436 977 3576 1025 tem·

2001 1073 2104 1128 pus
2125 1065 2490 1128 opportunum
2519 1073 2758 1115 reservo.

2513 1190 2849 1249 EPtSTOLA
2880 1192 3054 1252 XXV.

1997 1280 2152 1336 Idem
2192 1282 2261 1337 ad
2307 1282 2566 1337 Arbonem
2599 1300 2689 1338 seu
2722 1284 2982 1340 Erbonem
3030 1285 3271 1341 abbatem
3315 1285 3571 1356 prunfin-

2101 1369 2297 1418 emem,
2347 1370 2499 1424 quem
2527 1353 2776 1408 hortatur
2824 1354 2894 1409 ad
2947 1356 3297 1425 mitigandum
3341 1357 3569 1428 episcopi

2117 1423 2487 1487 atisbonemis,
2524 1425 2615 1495 qui
2665 1426 2799 1480 cives
2847 1441 2969 1479 suos
3016 1426 3301 1481 universim
3338 1428 3400 1483 ob
3438 1445 3568 1500 qao-

2066 1494 2315 1548 mindam
2344 1495 2544 1548 crimen
2573 1496 3132 1562 excommunicaverat,
3166 1499 3422 1554 animum.

2069 1608 2375 1666 Venerabili
2410 1608 2764 1667 Bruvinensis
2792 1611 2968 1682 (hodie
3016 1611 3414 1686 Prissingensis)
3453 1630 3569 1671 εω-

303 1703 528 1774 11880113
556 1702 856 1758 mundana·
892 1698 1023 1754 Mihi
1074 1710 1203 1753 11810
1233 1695 1301 1751 de
1337 1694 1513 1750 51111118
1543 1693 1738 1749 1111111118
1765 1703 1890 1758 11118»
1925 1674 1969 1732 Β
1993 1701 2138 1759 nobii
2175 1702 2358 1758 abbati
2399 1703 2490 1770 A„
2517 1701 2685 1759 frater
2706 1701 2770 1759 G.
2795 1703 2864 1760 de
2903 1702 3317 1779 Richersperge,
3340 1707 3565 1765 devotas

301 1797 372 1855 de
401 1805 548 1854 statu
578 1806 633 1853 et
659 1799 867 1851 bonore
915 1802 1119 1850 sanctae
1168 1790 1263 1847 Dei
1293 1787 1554 1846 Ecclesiae
1579 1786 1675 1842 tibi
1703 1785 1886 1857 aliqua

302 1903 597 1962 suggerere
626 1887 937 1959 suggeritur
988 1901 1020 1941 a
1066 1882 1272 1955 Spiritu
1318 1883 1432 1948 illo,
1463 1890 1524 1937 ut
1568 1880 1750 1945 credo,
1791 1878 1886 1950 qui

301 1981 550 2054 suggerit
578 1980 736 2036 nobis
766 1979 977 2043 omnia,
1003 1989 1345 2048 quaecunque
1372 1971 1674 2028 dixerimus
1706 1970 1883 2036 utilia,

300 2073 544 2131 salubria
594 2079 649 2128 et
696 2085 845 2126 vera.
879 2067 948 2124 Et
981 2067 1182 2139 quippe
1229 2064 1466 2136 Spiritus
1493 2062 1761 2129 veritatis,
1788 2061 1884 2133 qui

297 2163 463 2221 docet
493 2178 713 2219 omnem
738 2161 1044 2227 veritatem,
1070 2167 1126 2216 et
1170 2174 1293 2230 quae
1332 2168 1561 2214 ventura
1611 2163 1741 2210 sunt
1763 2157 1882 2226 [an-

298 2255 519 2313 nuntiat
548 2254 605 2309 in
647 2269 708 2310 se
735 2251 1105 2318 credentibus,
1141 2260 1202 2305 ut
1240 2256 1295 2305 et
1331 2247 1434 2319 ipsi
1463 2246 1791 2303 annuntient
1815 2259 1880 2301 ea

298 2362 360 2404 se
383 2347 575 2402 audire
604 2344 932 2401 volentibus.
956 2341 1061 2398 lste
1086 2340 1346 2397 nimirum
1370 2339 1606 2412 Spiritus
1634 2337 1881 2394 veritatis

298 2438 356 2494 in
387 2438 686 2510 Scripturis
707 2437 949 2494 veritatis
972 2435 1318 2493 annuntiavit
1344 2435 1486 2492 bona
1514 2444 1569 2491 et
1598 2434 1740 2491 mala
1782 2450 1881 2506 per

298 2547 460 2604 reges
486 2547 548 2588 ac
572 2531 743 2588 duces
769 2530 945 2587 bonos
973 2529 1059 2586 vel
1093 2529 1265 2586 malos
1303 2527 1563 2584 Ecclesiae
1588 2525 1683 2582 Dei
1713 2541 1880 2582 even·

298 2633 447 2692 tura,
474 2641 594 2697 quae
619 2625 736 2695 jam
767 2623 987 2695 partim,
1021 2622 1165 2679 sicut
1191 2620 1527 2688 audivimus,
1560 2620 1638 2677 ita
1658 2628 1712 2676 et
1738 2618 1879 2675 vidi-

1989 1795 2263 1853 orationes
2291 1811 2415 1851 cum
2445 1795 2587 1850 fideli
2616 1795 2904 1867 obsequio.

2059 1887 2301 1944 Ecclesia
2351 1885 2767 1943 Ratis-bonensis
2830 1895 3089 1960 tanquam
3146 1890 3340 1947 civitas
3397 1905 3566 1962 super

1986 1989 2227 2036 montem
2255 1979 2433 2050 posita
2461 1993 2571 2035 non
2601 1987 2782 2049 potest
2802 1980 3085 2048 abscondi,
3110 1982 3236 2052 quia
3277 1992 3361 2039 est
3389 1985 3564 2041 altum

1985 2073 2394 2141 candelabrum,
2416 2073 2471 2128 in
2501 2089 2613 2144 quo
2634 2073 2810 2145 posita
2836 2074 3080 2142 lucerna,
3110 2076 3226 2132 sive
3246 2078 3414 2145 clare,
3445 2079 3562 2136 sive

1983 2181 2092 2222 non
2131 2167 2276 2222 clare
2300 2166 2498 2233 luceat,
2526 2167 2713 2223 multis
2734 2168 2841 2223 erit
2869 2169 3185 2240 conspicua.
3219 2171 3384 2228 Scitis
3405 2189 3557 2240 vero,

1982 2259 2076 2330 qui
2107 2259 2160 2314 in
2184 2260 2535 2315 tabernaculo
2573 2257 2669 2314 Dei
2697 2275 2826 2316 vasa
2848 2261 3160 2318 candelabri
3188 2279 3356 2320 aurea
3380 2276 3556 2334 erant,

1978 2351 2231 2408 videlicet
2251 2350 2518 2408 infusoria
2564 2351 2669 2409 olei
2699 2361 2754 2408 et
2777 2354 3140 2411 emunctoria.
3199 2355 3364 2414 Scitis
3389 2358 3558 2414 etiam

1979 2444 2111 2516 quid
2135 2445 2239 2502 ista
2277 2445 2602 2517 significent.
2639 2444 2789 2503 Unde
2824 2460 2936 2503 non
2963 2447 3228 2512 doctoris.
3253 2451 3350 2507 sed
3376 2453 3557 2508 moni-

1978 2538 2116 2594 toris
2149 2537 2386 2594 officium
2430 2537 2722 2594 scribendo
2765 2539 2925 2596 vobis
2980 2541 3118 2597 mibi
3167 2557 3414 2610 assumo,
3458 2543 3556 2615 qui

1977 2629 2235 2687 Ecclesia!
2258 2630 2357 2698 itti,
2392 2646 2514 2702 quae
2550 2646 2638 2687 me
2665 2634 2753 2686 elin
2789 2634 2941 2694 aluit,
2981 2650 3210 2706 qua-qur
3254 2654 3338 2690 ini}
3382 2638 3430 2690 in
3466 2654 3554 2690 aa*

293 2734 423 2774 mus
458 2718 511 2773 3¹¹
556 2716 776 2773 0111111118
828 2714 924 2770 Dei
976 2715 1170 2781 nostri,
1221 2713 1351 2769 dum
1407 2712 1659 2784 exempli)
1702 2709 1872 2766 911110
1969 2723 2251 2779 cerdotem
2281 2723 2574 2795 promovit,
2618 2738 2737 2779 earn
2785 2726 3097 2778 fidelitatem
3154 2726 3346 2786 iit-limi,
3398 2738 3450 2778 nt
3506 2726 3550 2782 si

291 2809 463 2880 18815»
493 2806 739 2864 Ι’3288111111
765 2822 830 2863 118
856 2805 1240 2877 305118188οω
1267 2805 1562 2873 0000111111,
1592 2803 1875 2861 8110111181·-
1974 2816 2100 2887 quis
2126 2816 2180 2872 in
2207 2831 2272 2873 ea
2300 2816 2721 2882 scandalizatur„
2769 2830 2821 2870 vt
2845 2835 2945 2886 vgu
2973 2834 3129 2882 uram
3170 2821 3214 2874 si
3242 2822 3366 2890 quis
3398 2818 3550 2874 intir-

289 2917 400 2977 que
426 2901 628 2957 ducum
658 2901 927 2957 bonorum
960 2908 1274 2956 sanctorum
1314 2897 1749 2954 Machabaeorum
1771 2895 1872 2952 Ju-
1978 2917 2185 2978 matur,
2225 2917 2280 2966 et
2335 2925 2435 2982 ego
2481 2908 2745 2967 infirmor.
2793 2910 3033 2967 ,militena
3077 2910 3242 2983 igitur
3297 2910 3550 2967 Ecclesia„-

288 2996 395 3063 dae,
417 2993 685 3064 Jonathae,
713 2995 955 3052 Simonis
982 2994 1205 3067 quidam
1249 3010 1404 3066 reges
1431 3010 1496 3051 ac
1519 2994 1688 3051 duces
1735 3003 1872 3050 tem·
1896 3036 1941 3095 c
1975 3000 2121 3059 illius
2156 3018 2266 3059 nou
2294 3000 2568 3059 modicam
2617 3007 3105 3074 pertin-tintinncm,
3162 3023 3270 3059 nim
3322 3023 3546 3075 possum

286 3090 442 3168 11111111
499 3089 617 3154 Dei·
673 3089 822 3162 1111οᾱ
873 3098 958 3147 851
1010 3087 1279 3157 Ecclesia,
1328 3087 1758 3154 ι101101018111111,
1816 3096 1871 3144 8ῑ
1972 3111 2082 3151 non
2109 3095 2339 3164 turbari,
2378 3103 2543 3167 atque
2581 3095 2628 3153 si
2667 3096 2913 3151 luit-tirum
2945 3099 3200 3151 distantia
3234 3115 3338 3151 timi
3374 3099 3542 3167 impiea

287 3182 539 3255 0¹⁰⁰!le
563 3181 875 3240 5310111011ῑῦ
898 3182 1321 3247 aedificavel'ffllt·
1345 3180 1429 3236 181
1453 3179 1620 3236 etiam
1649 3179 1871 3237 80101118
1970 3188 2131 3256 diret,
2145 3188 2337 3245 vellem
2364 3187 2522 3244 vobis
2550 3191 2869 3259 caeterisque
2905 3191 2953 3243 in
2985 3207 3045 3243 ra
3061 3191 3398 3263 spiritalibus
3418 3188 3546 3247 viris

286 3276 473 3333 aureis
503 3284 835 3333 ornaverunt
863 3274 1058 3332 faciem
1088 3273 1275 3346 templi
1306 3273 1519 3331 sublata
1544 3272 1670 3329 inde
1701 3288 1866 3345 spur·

285 3370 417 3427 citia
439 3368 702 3440 spiritalis
724 3367 1001 3424 Antiochi.

361 3459 753 3516 Verumtamen
782 3459 884 3516 faex
912 3458 1158 3530 ejusdem
1189 3457 1466 3532 spurcitiae
1503 3456 1747 3514 nondum
1782 3465 1869 3514 est

283 3553 584 3610 exinanita.
614 3551 875 3624 Proptera
901 3553 1036 3609 tales
1062 3552 1229 3608 dures
1255 3558 1531 3624 optamus,
1556 3550 1735 3624 qualis
1764 3549 1867 3606 fuit

282 3644 459 3701 ludas
475 3644 914 3701 Macbabaeorum
951 3634 1062 3699 dux
1090 3642 1363 3715 egregius,
1385 3650 1440 3698 et
1464 3641 1724 3713 praedicto
1747 3640 1864 3697 An-

283 3739 472 3797 tioeho
513 3737 627 3810 regi
653 3738 872 3810 penitus
899 3736 1231 3794 contrarius·
1275 3733 1413 3791 Nam
1464 3735 1555 3792 ille
1601 3735 1862 3806 templum

282 3829 380 3886 Dei
431 3828 758 3902 profanavit,
800 3828 904 3884 iste
953 3826 1256 3894 mundavit,
1302 3835 1356 3882 et
1409 3825 1633 3882 coronis
1676 3825 1862 3881 aureis

281 3920 504 3979 ornavit
528 3940 542 3975 ε
568 3919 659 3975 ille
684 3917 1051 3977 sacerdotium
1096 3916 1359 3982 vendidit,
1392 3915 1501 3972 iste
1521 3914 1859 3971 venditorem

279 4013 635 4086 expugnavit,
684 4024 739 4068 et
786 4020 1063 4083 emptores
1090 4009 1157 4066 de
1188 4008 1495 4065 sacerdotio
1529 4005 1863 4064 extermina-

279 4105 360 4159 vit
391 4123 407 4160 ε
435 4119 531 4176 per
557 4104 709 4159 illum
736 4103 1049 4159 ceciderunt
1079 4101 1234 4157 inulti
1250 4100 1318 4157 de
1333 4100 1555 4171 populo,
1569 4114 1665 4170 per
1693 4099 1857 4156 istum

280 4199 425 4257 facta
449 4210 534 4257 cst
554 4200 741 4256 laetitia
778 4215 976 4271 magna
1008 4199 1061 4253 in
1099 4198 1319 4269 populo.
1350 4195 1491 4252 Dum
1532 4206 1585 4252 te
1614 4197 1860 4254 studiose

280 4294 493 4361 intento
528 4293 599 4349 ad
643 4294 935 4350 vindictam
977 4290 1413 4358 malefactorum,
1466 4290 1683 4346 laudem
1727 4304 1859 4345 vero

1970 3282 2164 3339 adesse
2209 3283 2626 3355 praesentialiter
2670 3282 2740 3339 ad
2800 3282 3098 3339 sedandum
3154 3281 3544 3339 offendiculum

1967 3374 2396 3445 perturbationis
2437 3374 2622 3446 liujus,
2664 3373 2810 3445 quod
2856 3371 3425 3430 excommunicatione
3445 3372 3547 3428 do·

1967 3467 2103 3523 mini
2149 3466 2388 3539 episcopi
2451 3475 2725 3533 exortum,
2775 3466 2857 3522 sic
2912 3474 2998 3522 est
3045 3464 3406 3537 mitigandum
3456 3466 3547 3522 vel

1966 3559 2400 3631 temperandum,
2436 3566 2499 3614 ut
2539 3558 2629 3614 ubi
2673 3558 2823 3614 zelus
2849 3556 2970 3628 ejus
2998 3557 3229 3612 nimium
3259 3556 3423 3613 fuerit
3453 3556 3543 3612 in-

1965 3665 2164 3707 census
2184 3649 2271 3705 vel
2296 3663 2581 3715 accensus,
2610 3662 2730 3713 vos,
2763 3646 2858 3718 qui
2907 3647 3182 3717 spiritales
3232 3645 3388 3714 estis,
3421 3654 3544 3702 tan-

1964 3758 2129 3814 quam
2165 3740 2429 3797 infusoria
2469 3741 2538 3797 de
2582 3754 2720 3795 auro
2757 3739 3044 3794 charitatis
3069 3736 3363 3794 fabrefacta
3395 3736 3544 3797 illius

1963 3838 2236 3893 flammam
2258 3851 2356 3907 per
2380 3834 2486 3891 olei
2508 3833 2830 3889 effusionem
2861 3831 3206 3903 temperetis3
3235 3830 3327 3886 ubi
3357 3839 3542 3887 autem

1964 3929 2136 3985 linum
2184 3926 2460 3999 fumigans
2513 3926 2688 3997 ipsam
2730 3925 3005 3980 finitimam
3057 3922 3218 3978 iiiut-is
3258 3922 3538 3986 taliscurnt,

1959 4038 2061 4079 vos
2088 4031 2149 4078 ut
2171 4036 2335 4077 aurea
2356 4020 2698 4077 emunctoria
2721 4018 3041 4086 dem-rpaiis,
3069 4018 3214 4086 {fund
3242 4018 3542 4086 iicet-iprum

1957 4114 2090 4170 dum
2119 4113 2390 4170 videbitur
2437 4112 2614 4179 vobiS,
2647 4112 2702 4167 in
2749 4110 2941 4179 sffitttiltt
2977 4110 3218 4163 lenitatis
3254 4110 3538 4179 agentibus

1960 4221 2084 4262 cum
2115 4205 2235 4275 ipso
2279 4204 2504 4259 domino
2531 4202 2805 4275 episcopo,
2857 4219 3021 4271 quent
3075 4219 3174 4271 egi:
3222 4203 3274 4255 in
3310 4203 3538 4255 veritati-‚e

1959 4294 2147 4367 diligo,
2176 4302 2232 4351 et
2286 4294 2516 4351 libenter
2545 4293 2781 4362 honoro,
2837 4311 2933 4363 pru
2981 4295 3137 4363 cujus
3186 4295 3346 4343 vti-„nn
3402 4291 3534 4343 ilite-

278 4384 555 4443 bonornm
584 4401 690 4456 pax
721 4393 808 4442 est
847 4384 906 4439 in
948 4384 1171 4456 populo.
1202 4380 1307 4438 Per
1334 4382 1570 4453 amplius
1596 4392 1778 4438 autem
1805 4389 1861 4437 et
1888 4394 1934 4450 1)
1963 4386 2143 4443 ctione
2174 4396 2337 4458 atque
2365 4387 2574 4443 honore
2603 4401 2751 4442 nunc
2793 4384 2976 4441 scribo
3023 4383 3203 4452 vobis,
3258 4390 3320 4439 ut
3364 4381 3539 4453 ipsius

279 4478 575 4563 perfectius
595 4479 757 4535 laude
783 4477 1008 4551 dignum
1030 4484 1134 4544 est,
1154 4475 1301 4547 quod
1328 4475 1678 4532 concordiam
1717 4474 1859 4530 inter

279 4573 646 4640 sacerdotium
674 4581 731 4629 et
756 4588 985 4645 regnum
1019 4570 1209 4628 studes
1237 4571 1586 4636 confirmare,
1609 4586 1710 4643 pro
1747 4586 1856 4641 qua

278 4678 445 4729 causa
472 4663 785 4734 diligentius
811 4661 1117 4734 peragenda
1145 4670 1197 4717 te
1226 4669 1476 4728 vocante,
1504 4669 1558 4716 te
1584 4661 1856 4717 mediante

276 4766 543 4822 venerunt
565 4756 725 4829 legati
756 4756 1069 4828 apostolicae
1100 4753 1246 4811 sedis
1268 4764 1527 4826 tanquam
1553 4754 1702 4811 cives
1725 4768 1858 4826 apo-

278 4848 547 4917 stolorum
607 4848 916 4917 illuminare
985 4846 1219 4918 patriam
1238 4887 1255 4914 ,
1306 4854 1589 4916 portantes
1639 4860 1851 4917 pacem.

277 4938 390 4997 Sed
429 4941 531 5014 ipsi
557 4956 667 4997 non
693 4941 1021 4997 invenerunt
1054 4938 1108 4994 in
1137 4938 1225 4994 via
1255 4952 1468 5009 pacem,
1492 4937 1622 5008 quia
1651 4937 1858 4994 incide-

275 5043 408 5105 runt
437 5033 495 5089 iu
536 5049 732 5103 manus
755 5031 1071 5103 praedonum
1102 5030 1427 5099 crudelium,
1471 5038 1663 5087 contra
1691 5044 1853 5102 quos,

274 5138 315 5183 o
338 5125 591 5198 princeps
637 5124 997 5194 nobilissime,
1029 5125 1292 5181 utendum
1336 5123 1436 5179 tibi
1474 5132 1558 5179 est
1597 5138 1660 5179 ea
1702 5133 1859 5193 pote·

276 5229 441 5290 state,
467 5237 632 5292 quam
661 5220 758 5277 tibi
779 5220 924 5291 Deus
947 5220 1181 5288 contulit
1208 5221 1278 5287 ad
1300 5220 1599 5287 vindictam
1630 5217 1855 5276 malefa-

274 5320 515 5369 ctorum.
545 5310 932 5369 Verumtamen
971 5314 1113 5385 quia-
1142 5314 1199 5369 in
1245 5312 1501 5371 omnibus
1526 5313 1771 5383 pavenda
1799 5321 1855 5367 et

275 5394 517 5461 carenda
558 5414 644 5462 est
673 5406 753 5461 ira
780 5404 875 5462 Dei
905 5404 1325 5477 omnipotentis,
1345 5420 1469 5476 quae
1513 5404 1740 5459 omnino
1766 5410 1852 5459 est

273 5495 650 5570 ineffugibilis,
671 5498 778 5556 hoc
804 5508 911 5568 tuae
930 5498 1232 5572 prudentiae
1260 5498 1572 5561 fidelissime
1594 5512 1847 5569 suggero,

274 5589 416 5646 utin
444 5590 695 5648 ducendo
734 5590 999 5660 exercitu,
1026 5592 1355 5649 coemeteriis
1382 5600 1437 5648 et
1461 5590 1709 5648 ecclesiis
1737 5588 1847 5646 Deo

275 5684 511 5748 sacrans
535 5686 759 5744 tutelam
779 5685 1092 5761 provideas,
1120 5694 1282 5758 atque
1311 5701 1340 5741 a
1363 5700 1662 5762 pauperum
1684 5699 1850 5750 vexa·

1960 4480 2231 4538 nobilitati
2262 4479 2587 4552 suggeratis,
2614 4493 2683 4534 ne
2708 4493 2740 4533 a
2770 4486 2966 4550 patruo
3008 4492 3130 4544 suo,
3163 4476 3303 4542 viro,
3346 4484 3405 4531 ut
3439 4489 3540 4531 no·

1956 4574 2204 4642 stis,tam
2232 4571 2431 4628 virtute
2455 4587 2619 4643 quam
2645 4585 2843 4643 genere
2863 4569 3206 4627 nobilissimo
3227 4568 3540 4625 inveniatur

1959 4667 2016 4722 in
2060 4665 2244 4737 aliquo
2287 4664 2621 4736 degenerare
2658 4662 2870 4736 agendo
2909 4661 3117 4733 aliquid
3167 4676 3536 4732 praepropere,

1957 4759 2043 4814 vel
2072 4756 2400 4815 inconsulte.
2447 4755 2681 4812 Poterat·
2713 4755 2862 4811 enim
2912 4770 3079 4827 super
3118 4762 3274 4810 tanto
3316 4752 3537 4825 negotio

1956 4850 2268 4922 incipiendo
2298 4847 2639 4907 consuluisse
2687 4848 2973 4905 dominum
3017 4855 3073 4903 et
3118 4846 3339 4901 Patrem
3371 4860 3535 4902 suum

1957 4942 2452 5013 archiepiscopum,
2502 4948 2843 5013 caeterosque
2895 4938 2998 4995 sibi
3056 4936 3433 5016 fidelissimos,
3486 4933 3534 4990 si

1958 5044 2141 5091 tamen
2168 5042 2350 5091 vestra
2380 5032 2670 5105 prudentia
2713 5032 2769 5090 id
2826 5031 3218 5099 consuluisset,
3267 5045 3335 5086 eo
3385 5026 3535 5099 quod

1956 5129 2100 5184 inter
2120 5142 2251 5185 suos
2275 5126 2608 5184 domesticos
2632 5142 2744 5182 non
2774 5124 3074 5182 invenisset
3100 5121 3392 5179 consilium
3423 5117 3536 5175 suf·

1956 5221 2167 5287 ficiens,
2203 5220 2347 5293 quod
2378 5235 2481 5292 ego
2521 5220 2616 5276 vix
2660 5233 2886 5291 possum
2931 5218 3174 5285 credere,
3202 5215 3251 5272 si
3279 5212 3444 5270 modo
3470 5226 3533 5269 se

1954 5313 2216 5370 voluisset
2243 5312 2489 5370 consiliis
2518 5312 2734 5379 vestris,
2765 5311 3112 5381 aliorumque
3139 5320 3371 5364 suorum
3395 5303 3531 5361 fide-

1955 5408 2087 5463 lium
2113 5406 2354 5464 credere.
2385 5405 2543 5463 Nune
2571 5414 2755 5461 autem
2799 5420 2941 5476 quos
2984 5417 3096 5459 non
3142 5398 3420 5457 consuluit
3460 5397 3531 5455 de

1954 5500 2131 5568 initio,
2164 5500 2355 5556 saltem
2379 5498 2667 5556 consulere
2698 5513 2808 5554 non
2835 5502 3091 5568 gravetur
3125 5494 3194 5550 de
3225 5492 3332 5548 fine
3354 5491 3527 5561 bono,

1951 5591 2097 5647 etde
2119 5591 2354 5648 discreto
2369 5589 2599 5661 judicio,
2625 5606 2736 5662 quo
2762 5605 2872 5645 non
2903 5596 3054 5645 totus
3085 5586 3322 5660 populus
3349 5584 3527 5643 invol-

1950 5693 2126 5753 vatur,
2162 5682 2256 5741 sed
2311 5683 2576 5742 innocens
2620 5697 2651 5739 a
2694 5689 2944 5752 nocente,
2989 5680 3174 5755 justus
3222 5679 3292 5740 ab
3319 5677 3530 5753 injusto
