3817 6000
188 179 253 238 liii
270 189 274 199 '
665 180 820 240 thahath
836 180 1031 238 anffluostrt
1049 182 1323 241 autchunsrttttta.
1739 181 1811 239 {hii

184 301 318 358 auertius
336 315 398 367 oro,
428 309 535 373 quanto
556 302 745 360 vehementius
772 304 976 373 impugnantem
991 314 1013 369 g
1027 312 1088 356 uota
1108 300 1356 372 armatorumque
1376 299 1485 355 reddam
1501 300 1549 354 tihi
1564 299 1661 370 (dccli.
1674 316 1744 365 xrrr,
1756 299 1815 371 at)-

184 396 317 453 sustiaeo.
333 394 393 462 Quo
407 395 489 450 etiam
504 410 647 462 converso,
662 395 705 450 vei
717 396 860 452 humiliato
872 395 973 468 gratia·
1024 394 1092 462 Quia
1107 395 1179 451 enim
1195 412 1216 459 a
1236 403 1341 448 nrortao
1362 394 1429 463 perit
1452 393 1593 463 confessio,
1605 404 1634 447 et
1655 392 1684 446 in
1704 391 1816 447 inferno

184 502 246 544 rum
259 486 377 543 actionis
391 497 454 542 rota
482 486 596 542 libenter
607 487 733 557 persolvo
747 495 823 543 tanto
836 486 972 554 devotius,
1024 488 1116 543 nuilus
1129 486 1301 543 corrdtehitur
1322 485 1383 553 tihi,
1398 500 1450 540 nec
1461 500 1512 556 ego
1533 494 1560 539 tc
1576 483 1730 549 laudarem,
1746 485 1770 539 εἰ
1788 486 1816 539 in

183 587 287 651 quanto
297 577 355 649 ipse
367 578 444 633 dromo
454 578 620 634 conculcans
630 592 684 640 rue,
696 593 745 634 seu
760 578 864 635 bellans
877 586 973 635 contra
1023 587 1112 633 morte
1127 578 1168 633 rel
1182 578 1210 632 iu
1234 577 1342 633 inierno
1366 577 1570 633 remansissem.
1585 573 1666 632 Nunc
1680 585 1775 630 autera
1788 577 1816 629 ia
1892 598 1893 603 ¹

183 689 227 729 me
243 673 294 729 luit
314 673 492 744 periculosior
506 673 645 740 iuimicus,
660 683 688 729 et
711 689 786 731 nunc
796 685 839 731 εει
850 674 974 732 sructuu·
1024 686 1064 725 me
1078 685 1128 741 per
1141 670 1255 743 gmtism
1275 678 1349 725 tuam
1364 670 1472 727 vivente
1488 681 1549 726 sant
1563 680 1625 724 uota
1638 668 1741 736 laudis,
1758 686 1817 733 aare

183 767 243 823 sior
256 768 373 834 amicus,
388 768 435 839 qui
452 766 521 824 iuste
540 770 574 824 de
589 767 674 824 Sauln
687 769 776 825 iactus
803 780 844 826 est
859 769 971 827 Paulus.
1024 761 1134 818 reddam
1147 761 1205 816 tihi.
1894 830 1895 851 Χ

183 858 238 915 Pro
262 861 418 932 hujusmodi
446 861 488 916 rei
506 861 709 926 convertendis.
736 870 767 916 ut
790 863 906 934 prosint,
930 863 973 919 rel
1060 851 1143 910 Vilis·
1169 853 1213 908 ¹5·
1237 852 1371 919 (limam
1391 852 1516 921 ‘filiiflii'
1537 852 1655 907 ΝΜ
1679 866 1769 904 mem
1784 849 1817 904 ‘st

183 952 349 1021 auertendis,
376 967 411 1007 ne
433 951 535 1020 obsint,
553 961 618 1009 rota
641 953 791 1024 gratiarum
815 953 931 1010 audonis
945 963 974 1010 ει
1024 957 1118 1011 morte,
1137 956 1162 1000 et
1184 946 1260 1016 pedet
1280 958 1350 1000 ”³⁶⁰⁸
1363 946 1396 1001 dt
1410 943 1498 1017 litata,
1515 960 1587 1016 qllae·
1603 953 1696 1001 “¹¹¹0ss
1709 943 1816 1012 elssillt’

183 1043 348 1100 laudationis
365 1043 503 1100 multoties
526 1044 653 1117 promisi,
672 1053 699 1101 ει
715 1046 896 1102 nuncderute
909 1053 973 1104 rota
1023 1037 1052 1093 in
1067 1037 1121 1095 ¹¹0⁰
1143 1037 1243 1094 ⁵1⁰⁰¹¹¹⁰
1262 1047 1351 1110 ssoePld
1372 1055 1425 1095 ¹¹⁰⁰
1447 1038 1696 1104 ⁰⁰⁰⁵¹¹mffl²hil¹¹t2
1718 1037 1773 1092 ⁰1⁵1
1789 1037 1816 1090 1¹¹

184 1136 242 1192 hec
254 1136 388 1206 persolvo,
399 1138 463 1208 quia
474 1136 558 1193 homo
571 1138 800 1206 concuicausme,
811 1153 858 1194 sea
869 1138 973 1195 bellans
1024 1145 1108 1204 ιθιῐιθ
1120 1138 1179 1197 ῑιιθ,
1191 1129 1248 1186 Re¹
1265 1130 1434 1198 Judaetmtm.
1449 1130 1530 1202 euius
1542 1145 1656 1202 ratitum
1673 1138 1817 1200 manat

183 1237 278 1285 contra
294 1229 420 1296 meliert
432 1230 551 1301 potuerit
565 1228 673 1287 auferre
685 1229 810 1301 quadarn
824 1230 972 1295 exteriora,
1024 1225 1053 1279 in
1066 1233 1209 1280 awanam.
1220 1222 1261 1280 Ad
1274 1225 1347 1296 qaod
1361 1240 1474 1297 regnum
1486 1238 1542 1279 non
1561 1224 1673 1280 rocahis
1687 1222 1817 1295 papale·

182 1335 274 1382 tamen
287 1324 320 1379 ad
333 1322 463 1379 interiora
476 1323 587 1380 cellaria
601 1323 734 1394 raptrices
752 1339 851 1380 manus
862 1325 904 1380 eis
917 1339 972 1379 nun
1023 1316 1098 1389 lunge
1111 1334 1129 1372 o
1144 1318 1244 1372 sanctis
1259 1316 1370 1389 laetam,
1384 1317 1432 1374 sed
1445 1316 1585 1388 populum,
1598 1325 1678 1371 tuum
1693 1325 1741 1370 tua
1755 1330 1819 1385 pas·

150 1453 155 1463 ·
182 1425 375 1488 pervenerunt,
390 1415 423 1471 ad
436 1415 532 1472 ceilam
542 1415 677 1471 vinariam
691 1415 805 1481 scilicet,
818 1415 845 1469 in
859 1429 912 1485 qua
924 1428 974 1484 po-
1024 1411 1102 1468 sione
1110 1411 1140 1465 in
1150 1410 1219 1466 tituli
1230 1410 1408 1482 inscriptione
1416 1408 1818 1472 sanctiticatumsicutorasti,

183 1518 244 1565 tens
255 1518 297 1565 εει
313 1509 467 1579 depositam
487 1523 579 1564 meum
604 1522 714 1564 serrare
737 1506 819 1570 heus.
843 1507 870 1562 iu
889 1521 971 1576 quem
1026 1504 1120 1560 dicens
1135 1523 1142 1559 t
1157 1504 1211 1560 s'Et
1224 1502 1326 1574 procis
1339 1518 1390 1575 ego
1401 1501 1542 1559 sanctifico
1555 1500 1704 1571 meipsum,
1721 1509 1756 1555 ut
1765 1499 1820 1553 sint

183 1594 274 1672 spero.¹
292 1598 343 1656 Cui
356 1600 438 1655 etiam
459 1600 559 1656 dehac
574 1600 632 1671 ipsa
652 1601 720 1655 celia
741 1599 888 1655 intrinseca
908 1613 973 1670 per-
1024 1603 1053 1650 et
1066 1596 1117 1667 ipsi
1132 1596 1219 1652 sancti
1242 1595 1271 1650 in
1291 1595 1406 1651 veritate
1425 1593 1516 1666 (ioan.
1540 1609 1608 1659 aru,
1630 1592 1711 1661 ihi.»
1735 1590 1820 1646 Dahis

183 1693 288 1748 solvere
303 1692 400 1747 studeo
413 1699 475 1747 rota
493 1707 564 1760 mea,
578 1701 689 1763 propter
702 1691 777 1763 quod
790 1691 866 1746 dico:
989 1679 1090 1759 Berge
1104 1688 1207 1744 sanctis
1220 1687 1278 1744 tuis
1294 1688 1383 1743 locum
1396 1688 1568 1742 nominatum
1586 1686 1614 1741 in
1624 1699 1712 1757 regno
1729 1683 1820 1740 Patris

219 1781 302 1839 tens.
321 1783 363 1839 ιι.
386 1782 470 1840 lame
488 1784 631 1839 santDeas
649 1794 709 1838 auto
725 1793 781 1849 raa,
793 1800 853 1855 qaae
866 1782 974 1839 reddam
1023 1781 1063 1836 tui
1077 1790 1105 1836 ει
1129 1790 1186 1849 tuo,
1202 1782 1249 1838 uhi
1269 1796 1321 1836 nec
1341 1780 1432 1835 anima
1454 1779 1594 1851 peccando
1616 1779 1751 1843 moritur,
1769 1791 1821 1832 acc

183 1875 351 1931 laudationes
373 1876 431 1930 tihi.
453 1875 487 1930 la
508 1892 558 1940 me,
587 1876 615 1932 id
637 1885 680 1931 est
698 1876 833 1931 inanima
856 1891 926 1941 mea,
945 1876 974 1929 in
1023 1871 1821 1944 ocrrlisuamaladeliehunt,uecpedes,idestaiiectiuuss

182 1969 351 2024 conscientia
366 1982 434 2039 pura
445 1969 565 2038 reposita
583 1976 645 2023 sant
668 1977 739 2031 rota,
760 1984 823 2040 quas
845 1968 894 2024 tihi
908 1967 975 2024 ode·
1023 1968 1158 2034 labentur,
1173 1969 1237 2038 qnia
1254 1982 1308 2023 non
1323 1966 1375 2022 erit
1388 1962 1577 2022 ihi'luhricum
1592 1965 1760 2020 tentationis
1770 1972 1820 2019 ast

182 2074 254 2123 ram,
268 2058 436 2115 sacridciunr
449 2058 575 2115 videlieet
586 2059 648 2116 adei
663 2068 690 2115 ει
702 2059 771 2129 spei,
782 2059 974 2130 quaecharitas
1023 2057 1108 2113 ullum
1129 2058 1281 2128 periculum
1307 2057 1416 2122 mortis,
1434 2067 1534 2127 quatu
1557 2072 1602 2113 me
1623 2071 1698 2111 nune
1717 2056 1749 2110 irr
1771 2069 1821 2125 spe
1894 2112 1895 2133 χ

183 2151 213 2205 in
235 2166 282 2206 ara
299 2151 390 2208 cordis
406 2152 532 2208 accendit
554 2152 589 2207 ad
611 2150 720 2207 laudem
741 2151 860 2207 nominis
877 2151 927 2206 tui.
943 2150 973 2206 ln
1022 2146 1184 2218 perduxisti,
1200 2155 1228 2203 et
1241 2146 1332 2203 adhuc
1346 2146 1480 2217 perduces
1494 2147 1522 2202 in
1542 2161 1582 2211 rc,
1598 2144 1761 2215 atplaeeanr
1772 2160 1820 2197 e·-

183 2244 277 2299 luturu
292 2252 383 2299 autern
394 2252 518 2300 cessante
531 2244 583 2300 tide
597 2260 630 2300 ac
646 2260 694 2314 spe
703 2244 761 2301 sola
774 2244 974 2315 charitasque
1023 2256 1081 2294 ram
1093 2238 1147 2294 Deo
1158 2238 1238 2295 Patre
1249 2248 1306 2307 tuo,
1318 2255 1381 2296 eum
1400 2238 1545 2295 tradideris
1558 2238 1587 2293 ei
1607 2252 1738 2309 regnum
1755 2233 1823 2289 Pla-

182 2344 275 2391 manet
287 2352 469 2408 nonunquam
483 2337 600 2405 excidet,
615 2335 783 2392 laudationes
796 2337 845 2392 tihi
872 2344 973 2393 etrota
1023 2346 1111 2392 ccam.
1134 2330 1206 2399 dico,
1234 2331 1286 2387 soli
1311 2333 1375 2400 Deo,
1396 2346 1451 2388 nun
1473 2330 1585 2402 populo,
1600 2329 1648 2401 qni
1674 2328 1822 2384 ιεεεειίε

182 2428 327 2498 persolvet.
342 2425 389 2483 Vel
406 2438 467 2484 rota
485 2428 650 2484 laudationis
663 2439 719 2497 tao,
732 2430 759 2486 id
774 2439 816 2485 εει
829 2429 876 2485 tihi
891 2429 972 2496 lacta,
1023 2422 1170 2494 longeest,
1195 2422 1259 2493 quia
1284 2423 1310 2480 si
1336 2423 1437 2479 talihus
1468 2421 1628 2477 hominihus
1655 2421 1821 2491 plaoeteffl.

182 2521 225 2575 rei
238 2530 295 2586 tao,
307 2521 333 2575 id
347 2529 417 2576 esta
433 2529 459 2576 te
472 2521 615 2591 inspiratu,
627 2522 739 2576 reddam
751 2522 888 2593 tihisquid
898 2523 972 2577 enim
1022 2513 1125 2571 Christi
1147 2529 1242 2571 sersus
1266 2530 1322 2570 non
1344 2530 1444 2582 essem,
1458 2524 1486 2571 et
1513 2514 1604 2585 equis
1623 2513 1729 2569 taiihus
1751 2512 1822 2566 shu-

182 2611 247 2666 honi
267 2611 364 2679 haheo,
380 2612 423 2669 rel
441 2612 508 2683 quid
525 2612 699 2668 laudabiliter
718 2628 816 2669 rovere
832 2613 880 2668 tihi
894 2612 973 2683 potui
1023 2606 1143 2662 minibus
1155 2607 1273 2676 placent,
1286 2607 1397 2665 contusi
1415 2619 1491 2674 sunt,
1505 2606 1635 2677 quoniam
1651 2604 1726 2661 Deus
1739 2619 1823 2675 spre-

182 2719 215 2759 ac
229 2713 335 2775 potero,
351 2705 405 2761 nisi
428 2706 501 2776 quod
523 2722 539 2761 a
562 2715 589 2760 te
610 2705 680 2761 mihi
697 2705 758 2760 esti
773 2705 893 2760 Reddam
907 2720 973 2776 ergo
1021 2698 1061 2753 rit
1071 2712 1120 2753 eos
1132 2697 1220 2769 (Psoi.
1233 2714 1282 2767 ιιι,
1291 2698 1351 2771 hh·
1368 2697 1426 2771 Ego
1440 2707 1532 2756 autem
1551 2697 1687 2769 «placebo
1699 2694 1823 2750 Domina

183 2796 232 2851 tihi
246 2795 281 2851 de
302 2797 357 2853 tuis
371 2797 443 2853 datis
459 2799 576 2854 hostiam
594 2797 776 2868 iubilationis,
800 2806 828 2853 et
840 2807 899 2851 rota
912 2799 974 2851 tan·
1023 2790 1051 2845 in
1068 2791 1181 2862 regione
1198 2791 1323 2848 virorum
1340 2792 1428 2863 (Psal.
1445 2808 1519 2859 crrr,
1534 2791 1594 2863 ili.»
1612 2791 1640 2844 in
1660 2789 1764 2844 lamiae
1777 2788 1823 2841 ri-

182 2890 311 2955 dations's,
322 2891 452 2960 quoniam
467 2891 711 2961 quadriremem
725 2899 777 2957 est,
789 2890 836 2961 qui
850 2898 878 2945 et
890 2890 972 2944 vitam
1023 2885 1138 2940 rentiam
1150 2900 1160 2948 s
1174 2886 1202 2940 in
1228 2885 1281 2941 huc
1294 2886 1394 2941 lamine
1415 2894 1467 2952 εει,
1487 2885 1534 2956 qui
1547 2884 1633 2955 gratis
1648 2882 1737 2937 Deum
1753 2882 1823 2937 colit

182 2983 273 3052 primo
289 2980 398 3049 dedisti,
414 2990 442 3038 et
463 2981 598 3053 perditam
615 2981 757 3039 reddidisti
771 2991 867 3038 auctor
881 2991 909 3038 et
925 2996 971 3038 re·
1023 2986 1050 3032 et
1064 2984 1149 3043 aurat,
1161 2976 1233 3048 quud
1256 2977 1348 3034 lumen
1369 2993 1450 3035 uerno
1464 2978 1526 3046 seit,
1540 2977 1595 3033 nisi
1609 2976 1686 3033 solus
1700 2973 1778 3030 tiens
1792 2982 1823 3029 et

183 3084 293 3145 parator
306 3074 369 3131 ritae
384 3090 461 3142 meae,
482 3075 613 3147 quoniam
632 3075 731 3131 dedisti
751 3075 819 3130 mihi
838 3074 970 3141 animam,
984 3044 1006 3101 C
1022 3070 1054 3136 is,
1069 3068 1116 3139 qui
1135 3068 1215 3125 hoca
1235 3068 1292 3125 Deo
1313 3070 1422 3141 accipit.
1438 3068 1493 3126 Pro
1512 3068 1628 3125 minimo
1642 3068 1737 3139 itaque
1749 3065 1822 3122 mihi

183 3181 246 3236 quae
255 3168 381 3238 corporis
393 3167 448 3223 rita
461 3176 513 3235 est,
526 3175 555 3222 et
575 3167 692 3239 gratiam
709 3174 783 3223 tuam
796 3182 858 3237 quae
873 3166 973 3222 anime
1022 3168 1074 3225 est.
1086 3160 1108 3215 si
1122 3160 1251 3231 populea
1269 3161 1372 3217 sanctis
1386 3162 1466 3232 longe
1490 3160 1563 3216 sacto
1577 3158 1755 3229 dlspliceam.
1769 3155 1823 3227 (tul

183 3257 238 3311 rita
253 3264 304 3312 est.
327 3256 380 3313 Sed
403 3259 495 3313 anima
525 3273 584 3314 mea
607 3258 746 3329 perdenda
766 3258 880 3330 gratiam
897 3265 972 3313 tuam
1023 3252 1141 3323 populus
1153 3261 1196 3308 εει
1208 3253 1236 3307 in
1248 3253 1367 3309 tenebris
1378 3251 1723 3310 occultisetinteriurihus
1734 3265 1823 3313 auras:v

183 3363 233 3419 por
252 3359 394 3421 peecatum
413 3350 470 3406 vita
491 3365 542 3407 sua
566 3349 656 3406 caruit
673 3357 701 3405 et
723 3357 841 3404 mortem
865 3348 972 3405 incidit.
1023 3353 1086 3416 post
1103 3344 1155 3401 hae
1179 3344 1329 3402 mittendus
1348 3345 1376 3400 in
1394 3346 1521 3402 tenebras
1540 3344 1702 3409 exteriores,
1729 3342 1823 3398 idest

185 3436 261 3494 lianc
281 3440 378 3496 arrimae
399 3449 514 3496 mortem
527 3448 569 3507 tu,
582 3437 646 3496 iesu
661 3436 812 3503 Nazarene,
831 3437 974 3494 moriendo
1025 3435 1196 3504 manifestas,
1210 3436 1359 3494 dummodo
1378 3438 1497 3509 placeam
1509 3453 1600 3493 eoram
1612 3435 1667 3491 lieo
1677 3437 1706 3490 in
1717 3435 1823 3489 leniae

185 3529 344 3587 destruxisti
359 3532 387 3586 in
406 3531 586 3603 inscriptione
601 3531 683 3600 tituli,
701 3545 785 3600 super
799 3537 882 3602 caput
893 3540 971 3585 tuum
1025 3529 1176 3584 virentium.

185 3625 213 3680 in
225 3640 307 3682 eruce
319 3625 410 3696 positi,
426 3633 455 3681 et
471 3626 554 3681 ritum
569 3625 694 3696 corporis
714 3623 883 3695 resurgendo
894 3605 974 3695 repa:
1062 3619 1155 3676 Gloria
1170 3620 1246 3675 Patri
1259 3611 1366 3686 Peo,'in
1378 3636 1434 3692 quo
1448 3622 1565 3678 laudabo
1577 3620 1711 3688 Peritum,
1726 3619 1823 3675 Gloria

185 3716 262 3772 rasti.
280 3715 313 3771 Et
326 3717 398 3782 ideo,
409 3716 539 3787 quoniam
554 3715 594 3772 sic
608 3724 654 3770 tua
673 3722 760 3769 morte
778 3713 901 3784 eripuisti
913 3713 975 3768 ani·
1027 3709 1099 3766 Filio
1111 3712 1162 3783 ipsi
1184 3710 1277 3768 Verho.
1290 3712 1382 3767 Gloria
1403 3711 1518 3768 Sairs'tai
1532 3722 1627 3768 saresta
1644 3711 1778 3777 Domina,
1791 3712 1822 3765 in

186 3823 258 3862 mam
278 3824 367 3865 meam
376 3810 411 3866 de
426 3819 524 3877 morte,
543 3808 572 3863 in
595 3815 725 3874 mesum,
746 3806 828 3873 Deus,
843 3816 904 3860 uota
916 3815 974 3873 tua,
1026 3820 1081 3875 quo
1099 3821 1243 3860 sermonem
1251 3804 1377 3861 laudato.

918 3962 1811 3985 *Ἥ-

788 4104 1053 4197 Panthus
1087 4107 1208 4198 LVI.

225 4433 347 4488 Miserere
364 4430 426 4496 mei,
451 4428 532 4496 Pers,
556 4429 677 4483 maerere
700 4428 763 4494 mei,
778 4437 829 4484 etc.
845 4425 952 4484 Titulus
967 4444 974 4481 s
990 4425 1070 4489 nrel
1083 4433 1112 4481 tu
1125 4426 1294 4497 quicunque,
1317 4442 1347 4481 ne
1367 4442 1521 4496 corrumpas
1545 4425 1648 4496 aliquid
1673 4426 1702 4480 in
1719 4431 1823 4483 insere
1894 4491 1895 4504 χ

187 4523 281 4597 (Vens.
295 4522 333 4592 l.)
345 4538 370 4577 ru
387 4537 478 4583 stara.
492 4536 526 4575 nu
541 4535 695 4588 ursorunrs,
709 4533 976 4576 transcurramus
1025 4521 1113 4591 ptione
1133 4519 1216 4586 titali,
1229 4518 1300 4574 iacta
1321 4520 1373 4590 ipsi
1397 4517 1495 4586 Dauid,
1518 4518 1545 4575 id
1564 4527 1606 4574 est
1620 4518 1747 4584 Christo,
1759 4538 1824 4574 m

222 4631 302 4672 usura
319 4630 344 4670 ιιι
356 4630 448 4669 arrum
460 4627 716 4680 insanissimamque
731 4627 852 4668 ruaanar
868 4627 884 4666 a
898 4626 975 4666 racia
1025 4613 1125 4685 [ageret
1140 4610 1352 4683 circissariis,
1367 4612 1393 4667 id
1409 4622 1451 4668 εει
1472 4628 1488 4667 a
1503 4611 1660 4681 cogititione
1672 4612 1780 4668 diaboli
1796 4623 1825 4667 et

222 4724 288 4764 aaut
303 4722 330 4762 ut
345 4723 506 4762 sescuncia.
1024 4703 1192 4771 iudeorum,
1207 4705 1234 4758 in
1254 4703 1404 4774 speluncam
1416 4704 1507 4760 carnis
1525 4703 1583 4758 sire
1604 4703 1738 4773 sepulcri.
1748 4703 1823 4759 Gar·

223 4800 333 4873 Legitur
348 4801 374 4856 in
395 4799 464 4854 lihro
484 4798 600 4871 Regum,
617 4798 691 4870 quod
710 4796 806 4865 David,
821 4813 883 4854 cum
897 4813 975 4869 qua·
1026 4807 1164 4869 rumperet
1177 4807 1267 4854 autem
1292 4802 1317 4855 si
1331 4800 1393 4871 quis
1407 4814 1441 4853 ex
1454 4814 1498 4866 eo,
1514 4799 1587 4869 quod
1603 4801 1768 4856 incarnatus
1778 4811 1825 4859 est

186 4900 293 4949 rerctur
314 4906 330 4945 a
347 4888 439 4956 Saule,
457 4888 527 4960 iugit
547 4889 582 4945 ad
596 4890 656 4945 loca
678 4889 817 4945 tutissima
838 4887 974 4960 Engaddi,
1024 4903 1053 4947 et
1065 4906 1173 4962 passus,
1189 4890 1290 4963 Regem
1305 4899 1426 4963 negaret.
1450 4890 1538 4958 Quam
1554 4892 1729 4963 prophetiam
1745 4893 1825 4950 rit»

187 4985 233 5039 ulti
249 4983 425 5039 absconditus
439 4982 517 5035 latuit
531 4980 557 5034 in
570 4981 699 5050 spelunca
715 4979 758 5054 (il
771 4981 835 5052 lieq.
857 4996 924 5043 surr,
939 4981 950 5034 l
965 4997 973 5047 ;
1025 4991 1069 5040 tus
1083 4984 1245 5054 implendam
1260 4984 1429 5054 significans,
1444 4984 1497 5039 ait:
1513 4984 1607 5052 «Quod
1620 4985 1736 5055 scripsi,
1749 4985 1828 5043 seri-

190 5092 263 5140 ssrr,
277 5074 316 5144 i).
332 5072 473 5146 Signilicat
487 5081 577 5129 autent
589 5072 741 5140 Christum,
765 5073 812 5144 qui
833 5084 860 5130 ct
887 5083 974 5131 ιεειιιε
1025 5074 1067 5144 psi
1081 5072 1172 5142 (ioan.
1187 5091 1244 5143 xrs,
1260 5075 1316 5145 ᾖ).
1332 5093 1341 5126 s

187 5183 280 5232 earne,
294 5176 322 5222 et
341 5167 446 5238 positus
470 5165 497 5220 in
523 5166 648 5236 sepulcro
671 5165 760 5231 latuit,
786 5181 828 5226 nc.
842 5181 858 5221 a
872 5165 974 5223 iudeis
1060 5165 1111 5223 Hic
1124 5166 1207 5238 igitur
1227 5167 1350 5237 psalmus
1370 5165 1404 5222 de
1425 5165 1553 5237 passione
1567 5175 1594 5221 et
1613 5163 1826 5223 resurrectione

188 5259 325 5313 rideretur
339 5256 420 5313 Deus.
433 5255 538 5315 ⁴Nullas
553 5267 644 5313 autem
664 5257 761 5313 titulus
773 5266 815 5312 est
825 5256 975 5327 inscriptus
1025 5257 1127 5315 Christi
1147 5256 1260 5329 quintus
1272 5255 1390 5310 breviter
1401 5271 1485 5326 agens
1499 5256 1549 5311 lroc
1564 5254 1690 5319 intendit,
1705 5269 1745 5310 ne
1755 5253 1826 5327 quis

189 5349 285 5412 itarid,
304 5350 478 5419 qucmrellct
494 5350 558 5405 Saul
578 5364 764 5420 corrumpere.
787 5347 839 5406 Sed
854 5348 974 5414 Christo,
1027 5351 1106 5407 titulo
1116 5349 1230 5416 Christi,
1252 5348 1298 5419 qui
1314 5357 1415 5404 nostrae
1427 5347 1672 5405 consummationis
1685 5347 1826 5412 tiniam,
1894 5375 1895 5378 ¹

189 5441 293 5507 quiesi
309 5448 370 5508 post
391 5439 475 5494 David
493 5442 589 5496 titulus
612 5441 762 5510 inscriptus
775 5448 817 5496 cst
837 5456 853 5494 a
875 5438 975 5507 Pilato,
1027 5442 1206 5514 contradicat.
1225 5440 1359 5511 Loquitur
1381 5451 1471 5496 atatem
1493 5441 1519 5496 in
1544 5441 1597 5495 hoc
1619 5437 1729 5510 psalmo
1743 5447 1828 5496 tutus

194 5546 275 5596 quem
287 5532 403 5600 pupulus
413 5531 567 5586 iudaeorum
578 5549 753 5601 corrumpere
767 5532 861 5599 ruluit,
876 5533 977 5603 quihus
1027 5533 1165 5596 Christus,
1177 5541 1203 5586 ει
1218 5530 1306 5600 primo
1316 5530 1393 5601 quasi
1408 5531 1495 5586 latens
1509 5530 1536 5585 in
1551 5531 1681 5600 spelunca
1692 5537 1759 5586 ont
1769 5543 1827 5601 με

194 5635 240 5687 pur
256 5621 385 5690 Spiritum
410 5621 543 5692 Propheta
568 5625 698 5692 loquitur,
709 5625 805 5681 diceus
821 5644 827 5678 ι
842 5642 858 5680 o
880 5624 976 5692 Pilato,
1030 5640 1078 5678 aaa
1090 5621 1260 5689 liberatione,
1274 5621 1449 5678 inimicorum
1464 5622 1608 5692 opprobria
1623 5619 1745 5677 ureriter
1756 5627 1828 5678 tn·
