3817 6000
74 237 122 293 tlt
658 238 923 300 onndoatauttu.
942 271 977 283 -
995 241 1058 299 litt.
1080 241 1122 299 bt.
1657 248 1708 303 lid

72 350 171 407 nortis
200 351 368 423 supplicium
393 368 476 409 marro
503 352 695 426 Redempturis
719 355 823 427 adjuta,
835 356 869 413 ad
884 377 908 430 ,q
922 357 1006 412 tantis
1018 357 1164 413 virtutibus
1179 358 1281 427 pollere
1298 368 1433 425 comatur,
1449 360 1531 421 etiam
1546 368 1601 415 tam
1613 376 1704 432 repro⁴

72 442 182 499 seriam
200 443 343 500 redonum
364 446 515 516 superavit.
535 446 588 504 Sed
617 456 708 504 tamam
732 459 869 507 coarctata
920 449 963 504 his
987 448 1093 505 actibus
1109 448 1275 518 inquinetur.
1294 446 1340 506 Sic
1362 449 1493 506 nimirum
1514 452 1605 507 omnis
1624 453 1708 524 hypo

72 552 185 594 msam
210 536 321 604 tolerat,
336 538 401 610 qnia
432 554 558 611 superate
586 555 696 612 quoque
719 541 871 613 disciplinae
920 539 990 595 orita
1009 539 1087 611 tigris
1096 549 1149 605 cst,
1167 540 1230 609 qnia
1245 539 1310 595 dum
1333 541 1708 599 mananseotoroissnnnta·

73 630 195 687 nubas
213 630 399 702 cingitur,ne
419 647 468 702 per
482 632 574 690 earnis
591 632 725 690 desideria
746 645 868 707 vagetur.
920 632 996 689 tione
1018 632 1148 699 ducitur,
1174 632 1302 688 vitiorum
1328 633 1469 705 nigredine
1494 635 1710 704 interrumpente

73 723 139 792 onae
149 737 221 794 ergo
233 732 333 793 sponte
346 738 397 778 sna
412 723 441 779 in
464 722 556 781 luvam
568 725 676 793 oeoidit,
691 728 725 782 ad
736 742 819 784 auras
837 727 870 783 li·
921 726 1054 783 variatur.
1079 726 1156 798 Saepe
1179 727 1252 781 enim
1275 727 1340 781 dum
1363 726 1396 781 de
1417 727 1552 783 castitatis
1575 726 1709 781 munditia

74 816 154 871 boras
168 814 265 869 clausa
280 814 360 881 redit,
370 814 435 886 qnia
449 826 477 872 et
493 831 543 887 per
560 816 711 875 libertatem
723 818 829 877 arbitrii
841 820 870 875 in
920 818 1068 884 extollitur,
1075 819 1155 875 sorde
1168 818 1289 874 avaritiae
1300 816 1428 873 laedatur.
1446 818 1523 890 Saepe
1533 818 1599 874 dum
1611 818 1645 873 de
1658 818 1709 872 vir·

73 914 184 982 wpam
197 909 322 975 eomuit3
339 917 367 965 et
384 917 475 965 tamen
493 925 510 964 a
527 911 586 969 suis
605 911 726 968 motibus
739 910 867 969 Condito
922 919 979 966 tute
994 909 1129 983 largitatis
1140 912 1281 981 speciosus
1294 910 1458 979 ostenditur,
1469 912 1584 967 turtulae
1594 909 1709 967 mactatis

73 1003 219 1075 risgratia
238 1011 362 1061 maetam
378 1003 571 1075 nolentemque
583 1003 734 1075 restringit.
751 1003 818 1061 Post
829 1003 871 1060 lo·
921 1003 1091 1074 inquinatur.
1121 1004 1197 1075 Saepo
1222 1005 1287 1060 dum
1312 1005 1446 1061 castitatis
1469 1013 1551 1075 atque
1575 1003 1709 1074 largitatis

73 1110 152 1155 m
173 1095 270 1167 itaque
282 1110 393 1153 caveam
413 1096 601 1167 petitumque
619 1104 754 1153 erectaex
768 1105 870 1155 aeterno
923 1096 1002 1168 137
1015 1096 1115 1155 decore
1128 1097 1254 1163 vestitur,
1269 1098 1344 1154 velut
1357 1113 1390 1153 ex
1405 1098 1463 1152 zelo
1479 1096 1592 1167 justitia
1608 1095 1709 1151 crude

73 1188 212 1261 supplicio
231 1203 354 1260 apravae
376 1189 526 1245 voluntatis
550 1188 671 1245 mortibus
689 1189 870 1247 subcoelestis
921 1187 1005 1244 litatis
1020 1188 1164 1247 atrocitate
1183 1187 1316 1244 fuscatur.
1331 1187 1408 1259 Saepo
1423 1189 1556 1260 largitato,
1573 1188 1708 1253 castitate,

75 1280 188 1337 artideis
203 1280 410 1351 dispensatione
425 1281 566 1353 religatur.
579 1279 662 1337 Recte
673 1296 739 1353 ergo
749 1281 868 1339 dieitur:
921 1278 1020 1350 pietate
1038 1295 1072 1335 oa
1094 1280 1208 1349 pulchra
1223 1279 1329 1336 visione
1353 1280 1486 1343 induitur,
1513 1280 1561 1335 sod
1576 1278 1708 1335 interfusa

76 1370 111 1426 Et
125 1382 238 1442 propter
256 1374 407 1443 supertiam
427 1374 507 1445 quari
518 1372 630 1431 leoeaens
642 1373 729 1443 capies
741 1390 792 1439 me,
805 1376 869 1447 qnia
920 1368 1088 1425 obscuritate
1110 1369 1247 1439 superbiae
1267 1378 1387 1424 notatur.
1412 1368 1511 1439 Sicquo
1526 1370 1555 1425 lit
1580 1379 1610 1425 ut
1625 1370 1709 1424 intor-

76 1475 103 1519 et
120 1464 351 1536 libcrbomoper
368 1466 460 1521 eibum
474 1464 527 1523 sibi
542 1477 660 1523 mortem
676 1466 777 1531 intulit,
790 1475 870 1523 aare·
920 1462 1011 1518 mistis
1031 1462 1180 1519 vitiisdum
1197 1464 1327 1519 mundam
1349 1479 1377 1517 m
1393 1478 1421 1518 se
1436 1464 1553 1533 speciem
1568 1462 1708 1535 hypocrita

76 1556 174 1612 dactus
184 1556 223 1613 ad
236 1556 358 1625 veniam,
368 1558 421 1614 sub
437 1556 582 1629 disciplina
593 1557 692 1614 melius
706 1558 817 1614 clausus
830 1559 870 1614 vi·
920 1569 975 1609 non
990 1555 1120 1623 ostendit,
1134 1557 1214 1627 quasi
1228 1572 1314 1611 uuum
1327 1556 1446 1613 colorem
1459 1556 1536 1627 tigris
1549 1556 1649 1611 habore
1663 1571 1709 1609 no·

77 1649 124 1704 rit.
135 1647 224 1716 Quasi
235 1649 321 1707 ieaena
338 1665 404 1722 ergo
417 1650 695 1722 proptersuporbiam
709 1659 867 1721 captusest,
920 1663 1058 1719 quaquam
1073 1649 1169 1719 possit.
1185 1648 1252 1717 Quae
1265 1650 1390 1705 videlieet
1403 1649 1481 1720 tigris
1495 1649 1707 1719 rapityuaedam,

77 1741 140 1811 qnia
160 1756 238 1796 nnnc
262 1742 327 1798 inde
352 1757 415 1799 enm
437 1741 582 1813 disciplina
607 1758 665 1798 suar
686 1743 870 1814 corruptionis
886 1731 907 1787 Β
921 1753 984 1796 cum
1000 1741 1113 1797 humani
1126 1741 1178 1797 sibi
1194 1740 1296 1801 fauoris
1311 1751 1424 1812 usurpat
1435 1741 1560 1812 gloriam.
1572 1739 1624 1807 Qui
1635 1739 1707 1794 enirn

77 1828 214 1899 deprimi,
223 1829 554 1904 undetramgressioorm
563 1833 690 1904 praempti
704 1849 758 1888 non
771 1834 871 1890 timeris
919 1842 997 1903 rapta
1018 1834 1100 1891 lande
1118 1834 1268 1896 extollitur.
1283 1834 1363 1906 quasi
1385 1835 1475 1904 praeda
1491 1833 1615 1888 satiatur.
1638 1831 1709 1887 iletre

76 1920 206 1978 audam
219 1922 248 1977 iu
263 1921 371 1979 loveam
386 1923 486 1980 saltum
500 1924 584 1981 dedit.
919 1933 1011 1981 antem
1038 1926 1241 1998 hypocritarum
1267 1926 1329 1981 laus
1352 1925 1443 1997 praeda
1466 1924 1577 1978 dieitur.
1615 1922 1708 1979 Praeda

108 2011 203 2069 Sedsi
222 2027 322 2083 parom
334 2028 384 2084 per
399 2013 527 2070 obtutum
550 2014 677 2071 mentisa
690 2015 769 2086 culpa
782 2016 866 2086 primi
919 2017 1021 2087 quippe
1035 2025 1086 2083 ost,
1103 2032 1165 2072 eum
1181 2017 1271 2072 ahena
1285 2014 1601 2072 violenterauloruntur.
1615 2012 1710 2069 Oninis

75 2106 200 2174 parentis
214 2105 375 2173 avertimus,
387 2122 438 2164 uos
450 2106 540 2163 adhuc
550 2106 675 2177 qnotidie
688 2116 719 2162 ut
728 2108 812 2163 leaena
824 2123 870 2164 ca·
920 2117 1012 2165 autom
1028 2108 1179 2180 hypocrita,
1195 2108 1260 2179 quia
1283 2108 1366 2165 vitam
1387 2108 1502 2178 justitiae
1520 2108 1654 2164 simulans
1664 2108 1708 2178 ju·

73 2198 169 2268 piper
190 2197 290 2253 vitium
310 2197 441 2255 elationis
463 2198 630 2254 invenimus.
651 2197 729 2268 Saepe
752 2213 870 2270 namque
920 2208 1026 2255 storum
1042 2198 1093 2254 sibi
1118 2198 1227 2255 laudem
1242 2199 1358 2271 arripit,
1378 2201 1499 2256 alienum
1523 2200 1646 2272 prolecto
1666 2208 1709 2255 cst

74 2287 161 2343 homo
187 2288 306 2359 acceptis
332 2286 479 2345 virtutibus
496 2288 530 2350 ,in
554 2289 696 2345 audaciam
720 2304 777 2345 suar
801 2304 871 2360 prae-
920 2291 994 2363 quod
1008 2291 1087 2348 tollit.
1101 2290 1216 2362 Elipbas
1230 2292 1333 2364 itaquo,
1348 2293 1395 2363 qui
1412 2293 1521 2348 beatum
1538 2293 1590 2347 lob
1606 2291 1711 2347 incoln-

75 2379 245 2452 smnptionis
255 2379 381 2453 erigitur,
393 2380 441 2437 sed
456 2381 525 2436 mira
536 2381 740 2453 dispensatione
750 2382 869 2453 pietatis,
920 2382 1025 2440 anitatis
1040 2398 1097 2439 suae
1111 2390 1237 2453 tempore
1250 2383 1388 2441 laudanda
1401 2385 1491 2455 egisse
1505 2385 1634 2457 cognovit
1649 2399 1709 2455 por·

76 2482 139 2530 anto
152 2473 219 2543 eius
231 2472 329 2529 oculos
345 2488 389 2530 res
400 2474 538 2545 quelibet,
555 2474 582 2529 in
598 2489 652 2546 qna
669 2484 779 2529 corruat
796 2473 870 2530 ordi·
920 2476 1050 2533 cussiono
1062 2476 1247 2547 subsequente
1260 2478 1312 2533 hoe
1323 2475 1399 2533 illum
1414 2479 1536 2533 tenuisse
1555 2492 1604 2547 per·
1625 2477 1710 2548 hypo·

74 2572 168 2620 natur.
191 2562 320 2635 {lamque
343 2579 393 2635 per
406 2564 513 2635 colpam
539 2563 643 2636 aliquid
663 2565 781 2636 appetit,
803 2566 868 2637 quid
920 2569 1014 2626 crisim
1036 2569 1389 2642 credidit,dioous:Tiqria
1405 2572 1503 2640 periit,
1520 2570 1635 2641 eoquod
1657 2586 1709 2623 nort

75 2656 151 2712 aliud
164 2671 253 2728 mam
261 2656 381 2728 predam
390 2656 418 2711 iu
428 2655 506 2712 lovea
516 2655 765 2728 eoncupiscitlSua
773 2667 870 2728 sponte
920 2663 1026 2719 luberet
1048 2663 1179 2733 predam.
1203 2664 1243 2722 de
1258 2665 1282 2721 si
1305 2675 1399 2737 aperte
1417 2666 1499 2723 dicat.
1519 2664 1641 2722 Varietas
1658 2674 1710 2720 tuae

77 2751 190 2805 5⁰5ssss
215 2748 301 2817 (Μῆ,
322 2748 370 2805 ⁸0⁶
391 2749 450 2806 ⁸⁰5⁸
465 2749 570 2805 11ΐὶ11118
594 2765 707 2823 turgere
720 2766 774 2805 non
788 2750 867 2806 valel-
920 2755 1105 2813 simulationis
1125 2757 1259 2814 exstincta
1270 2768 1322 2824 est,
1343 2758 1408 2828 qnia
1426 2766 1453 2813 ot
1475 2758 1597 2814 adulatio
1622 2757 1710 2813 landis

77 2842 129 2911 Qui
145 2858 211 2899 cam
232 2857 264 2899 se
281 2842 320 2898 nd
334 2856 368 2897 ex
392 2857 423 2898 se
444 2857 505 2898 esse
524 2840 689 2909 considerat,
707 2841 788 2899 discit
805 2859 870 2915 pro·
921 2844 1023 2913 ablata,
1039 2845 1136 2916 etjam
1157 2856 1204 2901 tna
1227 2847 1381 2918 hypocrisis
1402 2848 1521 2918 predam
1545 2847 1709 2914 nonhabet,

77 2937 120 2991 cnl
134 2935 224 2991 dnbio
240 2935 322 3006 cnjus
344 2933 508 3006 adjutorium
520 2933 652 3006 requirat.
668 2934 754 3002 Quem
777 2947 868 2992 tamen
920 2934 986 3007 quia
998 2950 1131 3007 percussa
1147 2936 1280 2992 divinitus
1294 2937 1422 2993 humanis
1435 2936 1575 2995 latoribus
1589 2944 1674 2991 earet.

77 3044 198 3101 superna
209 3028 355 3084 miseratio
366 3036 447 3098 captu
458 3027 538 3098 quasi
553 3026 633 3102 133
646 3042 663 3083 a
678 3026 756 3083 lovea
767 3029 868 3096 evehit,
896 3091 900 3098 .
961 3028 1035 3098 (168)
1056 3026 1149 3084 Potest
1161 3038 1253 3086 autem
1266 3027 1373 3101 tigridis
1389 3029 1500 3086 nontine
1524 3028 1650 3084 diabolus
1665 3028 1711 3083 do-

77 3125 141 3195 quia
165 3125 242 3180 bone
263 3121 422 3180 indemitate
445 3123 554 3195 cognita
577 3121 737 3178 adveniam
756 3121 870 3177 reducit.
923 3118 1036 3190 signari.
1052 3116 1129 3175 Unde
1142 3118 1253 3190 Eliphas
1268 3120 1320 3176 sub
1341 3135 1458 3191 persona
1474 3120 1662 3176 hereticorum
1678 3121 1711 3175 do

77 3212 658 3288 Loenaeitaquemorcproptersuperbiam
670 3213 705 3270 ad
718 3212 872 3284 superiores
922 3208 1067 3268 sanctitate
1086 3211 1149 3266 vitae
1169 3210 1259 3266 elatus
1274 3210 1339 3266 dicit
1358 3230 1365 3265 :
1382 3210 1470 3281 Tigris
1483 3210 1573 3281 periit,
1589 3226 1618 3267 ro
1641 3211 1711 3282 qrrort

78 3317 173 3380 partes
185 3307 214 3362 in
227 3322 313 3364 eavea
328 3315 433 3363 remeat
446 3306 504 3377 qui,
519 3305 554 3362 do
573 3304 674 3362 virtute
684 3319 749 3361 cum
765 3305 874 3360 extollia
921 3320 974 3358 non
989 3302 1094 3358 interes
1115 3304 1245 3372 prodam.
1270 3303 1354 3359 Satan
1369 3303 1470 3375 quippo
1494 3311 1603 3373 propter
1618 3303 1711 3358 multia

78 3411 135 3466 tar,
163 3400 259 3472 lapsus
285 3399 320 3455 ad
343 3398 480 3456 desideria
503 3397 531 3454 in
553 3396 707 3454 bumilitate
732 3385 871 3468 religatu'r.
922 3394 1140 3453 lormisastutiae
1153 3397 1311 3452 varietatem
1333 3411 1388 3451 non
1411 3395 1561 3467 incongrue
1573 3395 1650 3468 tigris
1664 3412 1710 3448 vn·

79 3492 149 3560 Quia
175 3492 252 3548 enim
277 3492 356 3563 prius
383 3490 494 3562 propria
525 3489 736 3562 praesumptione
757 3489 874 3560 perierat
923 3487 1567 3561 catur.Modonamquose,sioutestperditus,
1583 3487 1710 3543 huumnis

79 3585 151 3640 mira
169 3583 273 3655 pietate
285 3582 387 3655 agitur,
409 3589 439 3638 ut
460 3580 626 3638 intlrmitatis
638 3595 695 3640 suae
705 3579 763 3651 jam
778 3579 874 3636 notitia
923 3579 1052 3636 sensibus
1059 3577 1163 3650 objicit,
1177 3578 1259 3638 modo
1269 3578 1349 3650 quasi
1362 3579 1488 3650 angelum
1501 3577 1571 3634 lucis
1581 3578 1710 3643 ostendit,

79 3677 199 3732 ebusus
222 3673 303 3730 virat.
314 3671 393 3743 ouon
404 3674 469 3746 quia
484 3681 596 3730 sanctus
608 3673 651 3728 vir
666 3671 762 3728 crebro
784 3672 873 3728 homi·
923 3672 1007 3727 modo
1018 3672 1163 3729 stultorum
1182 3681 1289 3729 mentes
1305 3670 1448 3726 blandiens
1460 3671 1618 3741 persuadet,
1632 3671 1712 3724 ruodo

80 3768 168 3824 aitrus
187 3766 312 3824 aecidme
335 3766 482 3838 conspicit,
498 3765 587 3823 nostri
608 3765 638 3821 in
660 3780 690 3821 se
702 3763 814 3835 periculi
827 3778 875 3819 vo
924 3763 958 3820 ad
982 3763 1091 3834 culpam
1114 3764 1241 3821 terrendo
1262 3763 1396 3833 pertrahit
1417 3763 1499 3818 modo
1517 3763 1632 3819 suadere
1648 3762 1712 3816 vina

80 3845 243 3917 emanarit
256 3866 287 3915 ut
298 3872 362 3918 cunt
373 3856 496 3928 nosejns
516 3856 597 3918 fletus
614 3855 800 3930 agnoscimus,
814 3870 875 3928 quae
926 3866 1020 3927 aperte
1034 3856 1131 3913 nititur
1143 3856 1227 3912 modo
1241 3856 1268 3910 in
1279 3855 1339 3911 suis
1353 3855 1573 3926 suggestionibus
1588 3855 1639 3912 sub
1656 3855 1712 3909 vir·

81 3951 110 4008 in
126 3949 211 4010 nohis
221 3949 391 4019 suntdanda
405 3948 556 4008 discamus.
925 3948 992 4006 tutis
1006 3963 1082 4019 spem
1106 3948 1244 4020 palliatur.
1265 3946 1335 4016 Quia
1349 3963 1414 4021 ergo
1429 3957 1503 4004 tanta
1518 3949 1649 4004 varietate
1669 3964 1714 4004 ros

377 4040 493 4100 carba
511 4040 582 4098 xlx.
925 4041 1064 4113 peragitur
1093 4041 1156 4111 iure
1182 4039 1309 4097 diabolus
1332 4040 1409 4112 tigris
1434 4050 1557 4098 vocatur.
1589 4038 1713 4094 Haeretici

395 4151 429 4191 nn
447 4150 567 4190 rrcsrnn.
926 4147 1045 4202 namque
1068 4133 1133 4203 quia
1155 4132 1189 4187 de
1210 4131 1365 4188 sarrctitatis
1385 4132 1597 4203 presumptione
1616 4147 1713 4202 super·
1767 4117 1770 4120 ‘

83 4230 116 4286 ln
132 4229 279 4301 Scriptmo
289 4245 367 4284 ruera
384 4227 488 4300 tigridis
501 4226 605 4282 nentina
617 4224 875 4297 aliquandoqoilihet
927 4225 1005 4280 biunt
1018 4224 1097 4294 quasi
1110 4224 1278 4281 exsultantes
1288 4224 1398 4281 dicunt:
1410 4224 1495 4296 Tigris
1505 4226 1594 4294 periit,
1604 4241 1634 4280 eo
1645 4224 1714 4295 quod

164 4300 319 4372 *dimisisti
333 4299 478 4369 1111111140
489 4296 611 4353 “laidi“
626 4297 790 4367 1031160111·
928 4334 980 4372 raon
994 4316 1099 4373 lederet
1117 4318 1247 4387 predam.
1261 4317 1301 4373 ho
1312 4316 1335 4374 si
1346 4326 1439 4388 aperto
1451 4317 1543 4373 dicant
1558 4337 1564 4370 ε
1580 4315 1715 4372 Vetustis-

115 4413 196 4487 (tor)
220 4411 342 4485 Tigridis
356 4411 466 4467 nombre
478 4411 618 4483 hypocrita
629 4410 744 4482 quilibet
754 4409 878 4482 designa·
892 4421 914 4477 1)
929 4411 1017 4466 simus
1038 4410 1213 4465 adversarius
1243 4410 1271 4464 in
1294 4410 1373 4466 uobis
1400 4409 1518 4480 praedam
1545 4424 1599 4463 non
1623 4409 1714 4473 habet,

82 4517 135 4564 tur.
161 4504 242 4563 Unde
252 4502 364 4575 Eliplaas
379 4503 489 4560 beatam
502 4499 554 4558 lob
568 4510 697 4573 tanquam
708 4502 824 4557 maculis
836 4501 875 4557 si·
926 4503 1003 4574 quia,
1013 4510 1146 4573 quantum
1159 4501 1193 4558 ad
1204 4513 1298 4558 nostra
1310 4500 1410 4566 studia,
1424 4501 1482 4570 jam
1499 4500 1678 4568 victnsjaoos.

81 4596 247 4657 monis
267 4595 375 4652 varium
396 4609 514 4666 arguens
530 4595 596 4650 dicit
611 4614 618 4650 :
632 4594 718 4666 Tiqris
741 4594 830 4665 periit,
846 4610 876 4648 eo
1177 4592 1258 4665 133
1274 4589 1390 4648 CAPUT
1409 4588 1468 4644 xx.

81 4692 151 4763 qaod
165 4706 223 4746 noar
235 4688 343 4744 smeret
361 4686 481 4758 prudens
495 4684 556 4758 (lob
571 4685 678 4758 rull).
693 4685 779 4753 Quem
795 4701 876 4741 nam·
1246 4701 1279 4742 ns
1302 4699 1397 4740 ranno.

81 4799 136 4855 que
149 4780 269 4838 maniae
281 4778 399 4854 tigridis,
411 4777 464 4834 nisi
476 4778 585 4834 boatum
595 4775 649 4833 lob
662 4786 725 4834 raota
738 4776 877 4832 varietatis
966 4776 1041 4850 (169)
1062 4775 1145 4832 Pardi
1162 4775 1274 4832 nomine
1295 4783 1470 4846 peccatorum
1486 4774 1601 4829 maculis
1624 4775 1717 4828 rarius

81 4876 185 4947 signat,
201 4872 249 4928 vel
271 4886 414 4944 aspersum
433 4869 549 4929 maculis
563 4867 768 4928 simulationisl
782 4867 877 4926 Omnis
929 4870 1099 4942 designatur,
1113 4869 1186 4924 sicut
1196 4881 1245 4938 per
1261 4865 1360 4924 isaiam
1375 4866 1408 4923 do
1419 4865 1611 4924 convertendis
1622 4879 1717 4935 pocca-

82 4979 206 5036 namque
217 4962 364 5020 simulator
377 4960 415 5017 iu.
427 4975 460 5017 eo
472 4961 546 5033 qnod
561 4960 647 5017 videri
657 4969 750 5017 rectus
764 4960 876 5031 appetit,
931 4963 1036 5019 toribus
1050 4962 1151 5019 dicitur
1168 4981 1174 5015 ι
1192 4960 1299 5015 Pardus
1311 4960 1387 5016 hedo
1400 4958 1540 5014 accubabit
1551 4956 1620 5029 (lan.
1634 4972 1665 5024 u,
1677 4959 1715 5024 6).

85 5051 221 5108 mundum
235 5065 268 5105 se
283 5049 436 5119 peremnia
454 5049 585 5116 ostendit,
602 5049 667 5121 quia
682 5049 747 5104 dum
764 5051 878 5104 virtutos
928 5053 1000 5122 Quid
1014 5052 1088 5110 enim
1102 5067 1151 5123 per
1165 5051 1300 5124 pardum,
1316 5051 1369 5108 nisi
1384 5050 1503 5121 peccatis
1524 5049 1609 5108 variis
1620 5064 1714 5119 asper·

85 5143 221 5214 quasdam
242 5155 294 5213 per
316 5140 485 5214 hypocrisim
502 5141 636 5206 assumit,
659 5150 686 5197 et
709 5142 814 5197 occulte
834 5158 878 5197 so-
929 5144 1049 5200 sumlet
1059 5144 1126 5217 quid
1137 5159 1185 5215 per
1199 5143 1320 5209 haedum,
1335 5141 1388 5197 nisi
1407 5156 1480 5208 enm,
1492 5140 1539 5212 qui
1552 5150 1717 5211 sepeooato-

85 5240 237 5310 metipsum
250 5235 326 5293 vitiis
340 5234 464 5306 subjicit,
476 5235 602 5307 quadam
621 5235 734 5292 latentia
748 5235 814 5290 vitia
834 5251 877 5290 re·
930 5252 987 5293 rem
999 5236 1140 5292 humiliter
1156 5235 1308 5307 cognoscit,
1321 5233 1492 5305 accipimus?
1506 5231 1610 5290 Pardus
1625 5240 1717 5287 autem

85 5342 168 5403 poam
177 5329 321 5388 infaciem
333 5337 490 5398 erumpant,
501 5339 529 5384 et
543 5327 715 5398 superductae
730 5326 880 5384 sinrulatio·
929 5345 996 5386 cum
1010 5328 1088 5384 haedo
1102 5328 1227 5392 accubat,
1243 5343 1305 5384 cum
1318 5327 1341 5382 is
1354 5326 1402 5398 qui
1416 5333 1589 5397 peccatorum
1602 5336 1716 5388 suorum

85 5426 130 5482 ais
138 5422 224 5498 qnasi
236 5421 353 5479 visionis
366 5420 471 5477 corium
485 5436 519 5476 ex
532 5421 695 5478 admistione
708 5436 757 5476 sua
772 5420 877 5476 varium
931 5423 1047 5480 umcuhs
1065 5422 1158 5479 varius
1168 5420 1230 5489 luit,
1246 5436 1308 5477 oum
1326 5435 1360 5476 eo
1373 5421 1419 5490 qui
1435 5434 1465 5475 se
1482 5417 1595 5488 despicit
1608 5424 1637 5470 et
1657 5430 1718 5486 pec·

85 5515 249 5580 adamant,
266 5522 297 5569 nt
310 5513 471 5584 plerumque
490 5512 591 5570 mirum
605 5512 640 5568 sit
654 5528 704 5570 cur
724 5512 817 5579 honio,
831 5511 877 5581 qui
929 5525 1050 5585 catorem
1065 5513 1175 5581 latetur,
1191 5511 1487 5569 humiliarocousontit.

122 5636 189 5706 (tot
217 5633 257 5690 Ea
270 5633 319 5689 lih.
336 5650 350 5687 v
365 5634 392 5689 in
402 5632 463 5701 lob,
479 5649 503 5688 e.
523 5649 560 5702 rt,
574 5634 614 5689 16.
968 5631 1042 5698 (too)
1059 5629 1095 5686 Ex
1120 5630 1194 5684 hom.
1218 5629 1250 5682 16
1267 5629 1294 5683 in
1313 5626 1411 5682 Enoch.
1431 5623 1600 5697 longiusculo
1614 5621 1717 5694 apciu-

123 5707 189 5770 (168
216 5705 299 5762 lixo.
316 5721 371 5761 svn
389 5705 509 5788 ejusdl.
931 5703 1011 5771 cipio.
