3817 6000
79 240 163 307 ibis
393 242 671 304 continuanium
690 242 724 302 tii
742 245 913 307 assinos,
931 281 967 292 -
984 247 1074 309 PARS
1093 249 1128 308 i.
1146 280 1182 295 -·
1198 249 1296 310 esni.
1314 252 1397 313 titt.

622 368 630 385 ,
710 373 714 382 .

689 574 952 670 Psitnltts
986 582 1128 673 xiv.

124 972 195 1028 liert
212 980 299 1027 noster
320 971 461 1042 rettqr‘trn,
478 980 503 1025 et
518 971 675 1033 detracto.
705 968 911 1028 Anneedcnsd
962 966 1087 1023 Psalmus
1100 968 1127 1024 in
1141 977 1197 1025 tres
1215 982 1307 1039 partes
1330 971 1442 1041 perduc
1454 973 1633 1044 diapsalmata
1656 975 1716 1040 ‹its-

81 1063 212 1134 psalmua
221 1063 330 1133 nuptias
344 1063 415 1133 regis
428 1069 456 1117 et
469 1061 568 1132 reginae
583 1060 683 1117 celebri
695 1060 803 1132 plausui
813 1075 875 1131 per⁴
925 1060 1067 1131 tinguitur.
1092 1059 1121 1115 ln
1141 1062 1230 1132 prima
1252 1077 1301 1133 pro
1315 1062 1425 1121 Christo
1439 1065 1629 1122 tribulatorum
1650 1082 1716 1126 cun·

84 1155 204 1211 sonuit:
220 1154 265 1210 bic
279 1169 344 1210 vero
358 1153 480 1210 invitatis
492 1150 526 1208 ad
539 1153 646 1223 nuptias
663 1152 775 1223 plaudit,
787 1160 814 1208 et
826 1150 874 1223 qui
924 1153 1041 1220 solatio;
1055 1154 1082 1208 in
1100 1154 1220 1210 secontia
1241 1154 1359 1211 eititatis
1382 1166 1408 1212 ct
1427 1154 1473 1211 bei
1496 1158 1658 1227 laetilrcatio;
1688 1161 1716 1216 in

83 1246 144 1302 siut
156 1246 272 1312 inritati,
284 1245 326 1301 rel
341 1260 389 1317 per
401 1260 472 1316 quos
482 1244 570 1301 vocati
585 1244 650 1310 sint,
664 1244 748 1300 canit.
773 1241 822 1299 llic
832 1253 875 1299 est
923 1246 1004 1301 tertia
1018 1244 1152 1300 bellorum
1166 1244 1269 1302 ablatio
1281 1246 1454 1303 describitur.
1471 1247 1530 1305 ilua
1553 1263 1594 1306 est
1614 1252 1642 1306 in
1664 1251 1715 1308 tri·
1824 1309 1828 1315 ,

81 1336 315 1409 quadragesimus
329 1337 451 1407 quintus,
473 1335 546 1407 quod
560 1334 706 1406 quinquies
724 1331 874 1391 noremtrel
923 1336 1063 1392 bulatione
1080 1352 1130 1406 pro
1142 1336 1249 1408 justitia
1266 1357 1273 1393 z

82 1428 184 1484 nonies
196 1427 317 1500 quinque
329 1436 402 1483 sunt.
422 1424 475 1482 Per
489 1427 645 1497 quinarium
663 1427 784 1497 quinque
808 1442 874 1497 pru-
959 1427 1042 1485 Vens.
1062 1429 1089 1485 Ξ.
1110 1428 1181 1484 Dent
1200 1438 1291 1484 noster
1314 1430 1456 1501 resupinus,
1482 1441 1507 1486 et
1533 1432 1716 1490 laborantium

81 1520 183 1575 denus
201 1516 318 1590 rirqiues
329 1519 529 1589 exprimuntur,
544 1519 617 1590 quod
631 1534 727 1575 omnes
740 1519 818 1575 electi
831 1519 875 1574 in·
922 1520 1007 1573 uittas
1022 1519 1158 1589 :adjutor
1175 1520 1205 1573 in
1231 1518 1458 1587 tribulationibus,
1481 1536 1541 1591 que
1563 1524 1716 1578 inverterunt

81 1610 257 1683 telliquntur,
277 1611 400 1683 quicum
416 1609 586 1681 lampadibus
606 1608 739 1666 bodorum
761 1626 872 1682 operum
923 1628 971 1666 noa
985 1611 1074 1667 nimia.
1088 1610 1189 1667 Plenus
1203 1620 1246 1666 est
1260 1612 1380 1668 mundus
1396 1611 1527 1668 aerumnis
1541 1622 1622 1684 atque
1636 1630 1715 1686 pret·

82 1714 346 1775 sponsoetsponsae
358 1703 536 1774 adjudicium
550 1711 702 1771 occurrent,
720 1711 747 1759 et
760 1703 873 1760 cumeis
923 1705 1008 1761 suris.
1027 1703 1056 1759 ln
1072 1703 1116 1761 iris
1141 1713 1206 1760 suot
1219 1702 1321 1760 iudaeis
1336 1714 1364 1760 et
1377 1704 1491 1777 paganis
1513 1705 1649 1775 adjutoria
1668 1720 1716 1763 ra·

81 1796 120 1852 ad
135 1805 252 1852 aeternas
265 1795 374 1867 nuptias
396 1794 546 1850 intrabunt.
562 1792 620 1850 ilex
633 1793 810 1851 novenarium
821 1808 873 1849 no·
923 1810 987 1866 qum
1003 1796 1119 1851 virtutes
1140 1795 1305 1865 potentium,
1319 1794 1424 1868 relugia
1440 1795 1591 1852 civitatum.
1608 1795 1716 1857 Fideles

82 1902 148 1943 vern
175 1886 286 1944 ordines
315 1886 472 1957 angelorum
497 1885 621 1957 expressi
650 1895 725 1954 sunt,
755 1885 802 1957 qui
828 1884 874 1955 ju·
922 1895 1025 1955 auum,
1039 1888 1086 1958 qui
1097 1887 1131 1944 de
1144 1887 1292 1943 civitatein
1307 1886 1444 1944 civitatem
1460 1889 1495 1944 ab
1506 1888 1598 1959 impiis
1611 1889 1717 1960 pellun-

82 1977 155 2050 giter
182 1977 276 2033 laudes
311 1976 339 2032 in
369 1975 413 2033 bis
440 1976 543 2048 nuptiis
574 1975 733 2032 concinunt.
766 1973 873 2031 Titulus
923 1988 980 2046 tur,
1001 1979 1030 2035 in
1054 1978 1130 2035 nullo
1152 1977 1214 2034 loco
1239 1978 1292 2034 tuti
1320 1993 1381 2036 esse
1402 1978 1542 2048 sinuntur,
1569 1980 1712 2037 clamant:

79 2080 149 2127 est:
922 2069 994 2126 Deus
1007 2079 1094 2125 noster
1108 2069 1240 2142 nesapium
1257 2078 1282 2124 et
1296 2069 1390 2125 uirtus.
1417 2068 1487 2126 Coro
1513 2085 1564 2126 nos
1588 2070 1715 2130 homiues

82 2160 181 2234 (Vens.
204 2159 243 2232 1.)
262 2174 288 2215 ur
306 2174 387 2215 rrnsu
406 2174 485 2215 rrtns
502 2173 570 2216 cona
587 2172 638 2213 rao
654 2171 776 2224 metuis,
794 2171 873 2213 astt-
922 2161 1044 2220 exterius
1055 2162 1267 2220 adversitatibus
1280 2162 1423 2230 tribulant,
1437 2162 1575 2222 demones
1588 2166 1715 2223 tentatio-

340 2268 391 2309 rrus
409 2268 489 2309 narro
507 2252 593 2323 (117).
923 2259 1005 2315 nibus
1014 2258 1135 2329 pulsant,
1152 2257 1222 2314 Deus
1234 2266 1334 2325 notter,
1355 2258 1461 2315 scilicet
1473 2257 1610 2329 Christus,
1634 2274 1717 2331 quern

120 2343 315 2402 Doniddicitur
327 2345 532 2415 monteniaci
543 2344 678 2417 siqnisscat
692 2346 752 2402 illos
766 2340 870 2420 lideles,
887 2316 1049 2413 Bcolimus,
1079 2347 1211 2418 nesapium
1237 2348 1317 2405 nobis
1335 2355 1389 2406 est.
1415 2348 1484 2405 Cum
1509 2350 1632 2422 corporis
1656 2359 1716 2408 tor-

81 2436 180 2507 quide
194 2435 330 2508 primitiva
345 2434 465 2493 Ecclesia
479 2448 667 2495 rentanseraat
688 2440 717 2498 in
737 2442 830 2503 iudaea
843 2448 871 2504 in
921 2448 1012 2494 1¹¹0¹¹¹²
1025 2451 1074 2508 per
1082 2436 1252 2507 liminum,
1266 2437 1365 2495 inimi!
1373 2447 1542 2505 lessfflfflessli
1552 2455 1716 2512 8111111111ΰὸ

82 2530 205 2586 maxima
214 2529 339 2601 angustia
355 2529 485 2601 apostolis
499 2534 703 2591 transeuntibus
715 2536 748 2592 ad
764 2548 869 2610 pentes.
921 2545 971 2601 per
987 2530 1195 2597 &humillimi
1210 2528 1337 2588 Christus
1362 2531 1418 2588 ΜΘ
1438 2542 1466 2588 el
1486 2532 1631 2590 dileclione
1647 2533 1717 2591 Dent

81 2622 126 2677 Ab
137 2621 180 2677 his
192 2621 300 2677 canitur
316 2621 360 2679 bic
376 2621 493 2694 hymnus
509 2621 573 2693 liliis
591 2623 667 2691 dore,
683 2627 709 2682 id
723 2639 765 2684 est
778 2630 870 2688 imita.
921 2629 1010 2675 neuter
1022 2618 1111 2677 iactus
1124 2619 1206 2674 rietur
1217 2628 1309 2679 nostra
1320 2630 1372 2679 est.
1382 2619 1464 2679 tiana
1476 2623 1564 2692 maior
1575 2633 1617 2680 est
1628 2624 1717 2679 trihu·

83 2713 191 2771 toribus
205 2713 340 2785 passionis
359 2713 473 2782 Christi,
494 2724 524 2771 ut
544 2714 600 2772 sint
619 2730 825 2788 perseuerantes
842 2724 870 2780 in
921 2710 999 2778 tatia,
1013 2726 1095 2782 quam
1116 2710 1276 2768 dii⁰⁰¹⁰¹l¹¹¹1
1295 2712 1477 2771 θθῦὓῡὶθῐῑῑῑθ·
1504 2713 1715 2770 Trilllali'vflm

83 2808 214 2879 patientia
227 2809 253 2862 tn
266 2809 366 2878 finem.-
381 2817 515 2880 quatenus
529 2810 556 2865 in
571 2812 626 2868 fine
645 2813 795 2883 percipiant
807 2831 872 2887 qau-
919 2812 948 2859 et
964 2801 1085 2858 dolorem
1100 2802 1183 2858 bomo
1197 2804 1310 2869 invenit,
1323 2803 1391 2862 dum
1405 2806 1487 2874 mala,
1497 2822 1559 2877 quae
1571 2808 1716 2864 conscien-

84 2902 159 2958 diurn
172 2902 231 2958 sine
241 2902 294 2959 line
310 2919 317 2957 ε
331 2902 499 2973 compositus
511 2919 558 2974 pro
577 2905 694 2974 arcanis,
714 2906 798 2963 idest
818 2923 870 2979 pro
920 2898 957 2954 lii
969 2905 1090 2964 mviii,
1105 2897 1266 2968 poenitentia
1279 2899 1367 2970 ponit.
1400 2899 1596 2958 Triltlalt'onrt
1624 2912 1715 2959 aulem

82 2995 209 3060 occultis,
224 2994 297 3067 quod
311 2993 442 3050 [lominus
460 2995 552 3066 gloriae
567 2994 595 3053 in
609 3013 691 3054 carne
701 2997 791 3068 latuit,
802 3010 830 3058 et
841 3012 870 3058 ut
920 2989 1000 3045 nimii
1020 2989 1107 3059 ipsum
1128 2988 1300 3059 inuenerunt,
1324 2991 1394 3049 (¹¹⁸1ss
1417 3003 1553 3051 l⁰f¹¹¹⁰¹¹¹²
1575 2994 1714 3067 5¹¹⁰lil¹¹⁸¹²

82 3088 155 3144 latro
169 3088 203 3143 ab
218 3086 307 3156 impiis
326 3086 454 3143 occubuit
469 3105 476 3142 t
494 3096 522 3143 et
535 3089 638 3159 probis
658 3092 783 3159 occultis,
796 3094 869 3165 quod
920 3098 999 3139 saelae
1012 3082 1188 3140 wnwiessllae
1207 3084 1347 3156 ingruunt·
1368 3083 1401 3141 ἸΙΙ
1424 3086 1467 3143 hit
1494 3097 1553 3142 triti
1572 3086 1644 3144 Deus
1671 3104 1715 3143 re·

84 3178 170 3234 iudai
188 3177 336 3234 secundum
351 3192 460 3234 cartrern
475 3176 576 3233 Christi
596 3181 705 3251 cognati
716 3197 730 3237 a
743 3184 869 3239 convivio
920 3177 1024 3247 [nullm
1041 3176 1183 3244 euadendi,
1201 3177 1287 3232 ”illiti
1306 3177 1465 3248 ‘eiiiilessdii
1490 3179 1599 3250 “lilii’'
1619 3179 1716 3236 delfin·

84 3278 150 3326 sunt
160 3266 272 3338 repulsi,
295 3266 396 3324 ethnici
418 3266 577 3323 idololatriae
591 3267 757 3337 intromissi;
775 3278 802 3327 et
818 3287 869 3343 pro
919 3266 1007 3324 cendi.

84 3358 309 3430 ordinisquod
339 3358 404 3429 iusti
433 3357 525 3415 multis
556 3359 775 3418 tribulationibus
805 3372 870 3420 sunt
955 3355 1077 3413 Vens-5·
1096 3355 1240 3427 Propterea
1263 3366 1354 3413 auten
1386 3358 1481 3430 (quod)
1497 3357 1569 3415 neus
1583 3359 1619 3415 sit
1638 3356 1714 3417 relu-

84 3454 186 3523 pressi;
202 3452 282 3522 pauci
295 3452 367 3507 eninr
394 3451 546 3522 intelligunt
560 3452 593 3507 ad
613 3452 678 3524 quid
700 3453 769 3523 iusti
784 3454 870 3510 tribu·
918 3449 1006 3522 qiuut,
1020 3450 1119 3517 uirtus,
1136 3450 1254 3521 adiutor,
1270 3467 1321 3504 non
1333 3452 1497 3517 titneirhnua,
1513 3452 1576 3506 dunt
1592 3449 1714 3507 tnrlolri·

83 3547 182 3602 lentnr.
204 3543 257 3600 Sed
271 3559 339 3600 crux
354 3543 434 3613 hujus
444 3543 537 3599 arcani
550 3543 634 3599 claris
646 3542 706 3608 luit,
718 3561 779 3615 quae
790 3547 868 3604 nobis
919 3551 964 3596 tnr
981 3550 1062 3610 tene,
1084 3541 1111 3598 id
1126 3553 1169 3599 est
1188 3544 1253 3597 dum
1268 3557 1333 3598 cito
1358 3552 1451 3600 nostra
1475 3543 1672 3606 tribulabitur:
1687 3553 1718 3603 et

84 3637 114 3694 in
134 3638 261 3709 passione
281 3636 383 3693 Christi
399 3637 451 3692 hoc
464 3647 599 3693 secretum
625 3639 767 3695 reserarit.
792 3637 902 3708 Undec
919 3634 1112 3704 transferentur
1122 3644 1222 3690 montet
1237 3636 1265 3690 r'n
1276 3649 1324 3689 err
1340 3637 1432 3704 ntnnt,
1444 3636 1496 3694 hoc
1513 3646 1555 3695 est
1568 3639 1633 3695 durn
1655 3636 1719 3695 lor·
1796 3701 1800 3712 ,

83 3739 111 3788 et
128 3730 216 3786 velum
234 3730 350 3785 scissum
369 3740 421 3796 est,
441 3729 513 3800 quod
531 3730 637 3785 occulta
655 3730 761 3786 velavit.
918 3726 1019 3785 tissimi
1035 3737 1193 3785 sanctorum
1212 3730 1240 3783 irr
1257 3743 1334 3783 meru
1352 3730 1541 3801 angustiarum
1554 3732 1717 3788 truduntur,

119 3821 231 3879 blateria
241 3821 337 3893 psalrni
350 3832 392 3879 est
402 3823 521 3893 gentium
534 3824 567 3877 ad
582 3822 685 3880 Christi
696 3825 805 3894 nuptias
820 3841 869 3882 to·
919 3815 1002 3872 Tem
1017 3833 1127 3890 quoque
1143 3818 1213 3875 iudi
1229 3832 1343 3874 l⁰¹¹101⁸⁹
1360 3818 1428 3891 liiii
1447 3821 1531 3889 culta,
1554 3837 1628 3876 male
1646 3837 1718 3878 left>

84 3916 165 3983 catio,
183 3912 339 3971 Juriaeorum
362 3914 491 3985 repulsio.
515 3914 630 3972 intentio
647 3925 689 3973 est
710 3932 744 3972 ne
764 3918 791 3973 in
819 3919 868 3975 tri·
917 3909 1361 3984 uenlililtlitlbfldeliltifflmm·
1377 3909 1524 3967 flaeclma
1538 3920 1581 3969 eil
1593 3912 1717 3980 ”libasti

86 4005 224 4063 bulatione
237 4005 407 4072 deliciamur,
426 4005 474 4061 sed
502 4005 536 4061 ad
556 4005 702 4062 Dominum
726 4008 868 4080 coniugia·
918 4004 984 4060 duru
995 4002 1129 4073 sapientia
1143 4001 1191 4058 Dei
1203 4001 1276 4058 teuit
1289 4000 1444 4060 incarnata.
1460 4002 1581 4060 Audiens
1595 4019 1718 4076 namque·

86 4111 155 4159 mus,
177 4109 257 4167 quem
273 4093 415 4151 nobiscum
430 4095 458 4150 itt
473 4095 617 4151 aliiictione
631 4097 760 4154 sciamus.
779 4097 867 4156 Verba
919 4095 1146 4153 lierotiernorum
1159 4111 1249 4163 repent
1260 4105 1371 4162 natutn,
1387 4095 1509 4151 turbetur
1521 4102 1570 4160 ert,
1585 4105 1611 4150 et
1625 4097 1717 4152 amau.

85 4194 190 4256 sumpta
205 4183 310 4241 suutde
320 4185 383 4242 liliis
393 4183 487 4252 lsrael,
501 4201 570 4258 quos
584 4187 772 4246 tribulationes
785 4190 867 4247 nimis
915 4184 1082 4257 Juotolqma
1098 4202 1158 4240 eunt
1174 4184 1222 4239 itlo
1239 4182 1354 4257 (liciti.
1370 4201 1401 4253 rr,
1417 4184 1456 4255 i).
1476 4182 1540 4242 llaec
1552 4185 1635 4241 etiam
1651 4194 1711 4241 tur·

85 4275 243 4335 inuenerunt
256 4280 321 4336 durn
335 4276 516 4350 eosAEqyptli
532 4280 865 4352 praviteroppresserunt,
916 4278 993 4346 bata,
1007 4277 1074 4335 dunt
1099 4277 1167 4334 ridii
1187 4276 1328 4333 Christum
1359 4275 1492 4334 miracula
1519 4275 1664 4334 lactentem
1683 4286 1714 4334 et

86 4365 135 4423 Sed
160 4384 214 4425 non
238 4370 399 4434 timuerunt,
414 4370 479 4426 dum
495 4381 612 4439 montes,
631 4372 658 4429 id
672 4381 714 4429 est
728 4372 868 4447 AEqyptio·
914 4370 1047 4445 populum
1060 4384 1124 4427 eum
1137 4378 1307 4441 sequentem,
1333 4368 1418 4425 ualde
1445 4367 1552 4424 turbata
1570 4377 1623 4436 est,
1644 4369 1709 4425 dum

83 4474 153 4523 runt,
169 4460 305 4532 principes
319 4462 406 4518 iactu
423 4465 506 4520 maris
518 4462 605 4519 iiubri
621 4465 744 4522 translati
754 4475 829 4534 sunt,
839 4474 867 4522 et
915 4479 979 4519 eum
992 4470 1055 4535 post
1072 4470 1187 4519 mortem
1204 4461 1349 4526 revixisse,
1367 4470 1396 4518 et
1415 4459 1500 4517 multa
1515 4462 1593 4528 siqna
1604 4460 1632 4518 in
1650 4460 1711 4533 ejus

84 4565 159 4620 aqua
171 4560 331 4620 sonuerunt,
343 4553 408 4609 duur
420 4568 503 4624 super
516 4552 650 4625 fugientes
669 4568 792 4611 ruerunt.
810 4554 866 4611 lm·
915 4556 1026 4612 nomine
1037 4570 1086 4626 per
1097 4554 1234 4625 apostolos
1250 4553 1308 4608 lieri
1333 4552 1412 4620 vidit,
1433 4561 1461 4608 et
1481 4567 1578 4609 omnes
1589 4553 1649 4623 ejus
1663 4567 1709 4610 se·

84 4651 160 4712 petus
171 4649 261 4698 autem
272 4642 393 4699 huminis
405 4645 439 4701 de
450 4653 526 4716 petra
540 4645 630 4702 educti
643 4645 772 4703 liberatos
795 4647 865 4703 laeti·
914 4661 1016 4720 quaces
1028 4644 1140 4717 perdere
1150 4644 1245 4700 veluit.
1270 4641 1353 4700 iunio
1365 4653 1465 4698 montet
1481 4643 1598 4714 apostoli
1618 4644 1653 4698 ab
1668 4644 1709 4700 eis

83 4731 181 4798 ilcarit,
198 4740 226 4788 et
237 4731 369 4789 Dominus
392 4735 596 4790 tabernaculum
618 4750 634 4790 a
654 4734 747 4807 iioyse
764 4736 864 4795 lactum
914 4737 1021 4810 expulsi
1034 4737 1064 4790 in
1085 4752 1130 4791 ror
1153 4736 1246 4801 maris,
1272 4734 1299 4790 id
1321 4742 1369 4791 est
1391 4734 1420 4789 in
1442 4733 1619 4805 gentilitatem
1644 4742 1711 4791 suut

85 4826 268 4883 satietiiioarit.
290 4826 390 4884 Gentes
400 4825 618 4885 chananeorum
632 4828 668 4884 ab
691 4829 731 4884 eis
754 4839 865 4887 coutur—
915 4828 1051 4886 trauslati.
1072 4824 1288 4883 Etrunciideies
1308 4840 1328 4880 a.
1353 4825 1508 4882 turbatione
1532 4824 1606 4881 illius
1629 4832 1709 4881 terrae

84 4916 150 4976 bata
161 4928 234 4986 sunt,
246 4934 329 4991 regna
346 4917 387 4991 Oq
396 4928 424 4975 et
434 4917 506 4975 Seon
529 4935 622 4992 requrn
636 4919 764 4977 inclinata
788 4931 862 4978 sunt.
914 4938 970 4979 non
986 4921 1146 4987 timuerunt,
1158 4919 1204 4990 qui
1215 4917 1298 4972 Deum
1311 4920 1535 4993 resumantsuuut
1546 4926 1709 4988 posuerunt,

85 5007 211 5067 Dominus
227 5011 357 5066 uirtutum
368 5028 431 5068 cum
447 5013 487 5070 eis
500 5010 561 5080 luit,
572 5013 620 5084 qui
630 5012 670 5069 eis
683 5022 782 5069 terram
797 5029 864 5086 gen·
878 4986 901 5042 Β
915 5013 1038 5087 Apostoli
1056 5027 1105 5083 per
1119 5011 1208 5068 simile
1231 5010 1296 5066 dicti
1318 5021 1383 5068 sunt
1409 5020 1520 5073 montet,
1548 5008 1613 5081 quia
1635 5008 1706 5072 sicut

86 5101 147 5158 tium
170 5102 288 5159 tradidit.
312 5100 454 5175 Siquilicat
470 5115 561 5162 autem
578 5105 708 5177 populum
721 5105 865 5178 primitive
915 5116 1024 5164 montes
1037 5105 1129 5162 lumen
1145 5103 1258 5161 orientis
1276 5104 1346 5161 solis
1366 5103 1516 5173 excipiunt,
1542 5109 1570 5157 et
1589 5099 1708 5160 taililtua

85 5190 217 5261 Ecclesiae,
231 5208 312 5265 quem
337 5195 525 5253 tribulationes
540 5194 669 5254 aiudaeis
694 5196 777 5255 nimis
790 5196 865 5253 inue-
915 5198 1121 5266 transiundunt,
1136 5196 1176 5254 sic
1193 5195 1314 5268 apostoli
1337 5195 1432 5253 aterni
1450 5203 1550 5249 moriter
1577 5190 1706 5264 splendo-

86 5295 188 5355 nerurri,
203 5287 267 5343 duur
282 5296 389 5344 montes
401 5289 517 5359 apostoli
533 5290 560 5346 in
574 5304 623 5346 cor
638 5289 723 5346 uraris
742 5290 864 5362 gentium
915 5311 974 5353 rem
1001 5294 1069 5352 solis
1102 5293 1217 5366 justitiae
1239 5293 1412 5366 excipientes
1439 5289 1556 5346 uallibus
1585 5286 1706 5360 gentium

87 5379 258 5445 transierunt,
270 5393 340 5451 quos
358 5379 477 5437 lluminis
498 5382 615 5453 impetus
639 5379 756 5452 Spiritus
777 5381 864 5438 sancti
916 5388 1136 5446 transmiserunt.
1156 5384 1210 5443 Cor
1224 5384 1532 5457 moriasuntprincipes
1545 5381 1707 5455 etphiloau-

86 5470 313 5536 lntidcavii,dum
333 5472 539 5529 tabenraculnor
556 5490 638 5531 suurn
661 5473 810 5533 Ecclesiam
829 5474 864 5532 de
915 5483 963 5557 piri
974 5481 1142 5555 gentilitatis,
1164 5495 1181 5536 a
1202 5480 1305 5553 quibus
1319 5479 1419 5554 pagani
1434 5478 1473 5537 ita
1495 5477 1642 5536 constituta
1667 5471 1707 5535 ri«

87 5563 204 5636 gentibus
216 5564 329 5622 llurnina
348 5563 519 5637 baptismatis
533 5565 722 5626 sancticavit.
915 5570 996 5633 rendi
1013 5575 1282 5660 acceperuntsicut
1298 5575 1423 5636 membra
1447 5574 1570 5651 corporis
1586 5573 1707 5654 rigorem

116 5679 188 5751 iiii)
210 5679 322 5762 Vulgata
332 5681 432 5739 omittit
443 5680 538 5738 Dauid.
