3817 6000
430 145 568 201 1287

1383 144 1692 205 (tt-:numu
1729 143 2122 210 PRAErost'rt
2159 145 2708 206 Retettssnspssnc.

3516 160 3626 218 ms

503 265 565 323 In
579 265 799 338 justitia
844 275 937 321 tua
965 264 1133 320 libera
1156 262 1324 319 mede
1361 273 1556 319 morte.
1588 262 1802 318 lactine
1824 264 1895 318 ad
1923 278 2006 319 me
2034 267 2081 326 Α
2105 265 2294 323 derunt
2343 269 2495 324 milri.
2541 266 2642 325 Hie
2682 268 2915 326 affirmat
2960 269 3364 328 liberationem.
3412 274 3637 349 Laqueum

430 377 612 416 aurem
638 371 808 426 mant,
838 358 894 414 id
937 369 1022 414 est
1069 374 1156 413 me
1193 356 1459 414 humilem
1488 358 1688 413 exaudi
1718 359 2005 427 proximus

431 454 567 509 mibi
597 468 694 524 per
723 452 947 507 verbum
994 450 1143 522 quod
1171 450 1384 505 unitum
1413 460 1500 506 est
1524 449 1700 506 carni.
1731 448 2002 515 Accelerat,

432 558 488 601 ut
531 562 689 601 erues
738 561 841 612 me,
902 544 958 600 id
994 552 1218 600 estnon
1263 542 1484 599 differas
1526 543 1793 614 usquein
1841 541 2004 598 ssuem

434 645 618 703 saeculi
676 658 764 699 me
808 657 841 696 a
876 638 1255 712 peccatoribus
1280 649 1586 711 segregare,
1612 647 1667 693 et
1698 636 1910 693 animas
1937 636 2007 693 ab

435 736 647 792 inferno
690 735 919 806 eripere.
971 731 1130 799 Quod
1176 743 1236 786 ut
1281 731 1388 795 sit,
1441 739 1554 785 esto
1597 728 1726 784 milti
1757 728 1820 784 in
1837 727 2007 784 Deum

437 841 793 897 preterini-vni,
826 829 1074 893 {strunium
1106 833 1158 877 tu
1190 842 1244 879 ra*
1265 823 1520 893 fortitudo
1541 838 1656 875 mea
1678 821 1745 878 ad
1774 820 2008 877 toleran-

437 924 533 977 ιΙιιῆ
585 933 1002 993 ΙιιεΓειιΨιιι.ιιι-ι’3;
1046 929 1090 969 et
1142 914 1401 986 refrtqiatm
1451 928 1621 968 mettm
1650 911 1719 969 ad
1770 912 2009 969 derelin-

437 1013 681 1081 qui-mins
709 1013 758 1065 ἱιι
793 1021 962 1065 turarii}
982 1013 1002 1065 ’ἒ
1038 1009 1102 1061 Ei
1130 1016 1342 1077 prepter
1373 1022 1559 1062 nometi
1593 1016 1762 1072 tuum,
1803 1021 1898 1077 pet·
1922 1020 2010 1061 m.

437 1105 886 1161 inrauteseenrlum
950 1105 998 1157 in
1046 1101 1335 1173 grauibus,
1388 1100 1574 1154 educes
1628 1114 1730 1165 me,
1765 1098 1851 1153 vel
1894 1096 2009 1154 dux

441 1198 569 1254 inihi
597 1198 725 1262 eris,
765 1198 814 1250 iil
834 1206 914 1250 est
938 1214 1030 1266 per
1050 1198 1230 1250 niunia
1245 1207 1449 1264 sequar
1464 1191 1797 1248 voluntatem
1814 1198 1965 1245 tuam
1990 1206 2005 1244 ε

437 1302 485 1342 ri
513 1294 741 1344 munirier*
785 1306 890 1350 rite,
954 1290 1210 1358 ῙιιιιιΙιιιιΙΠ
1245 1285 1589 1358 aggregando
1613 1283 1746 1339 mihi
1789 1291 2012 1341 sanctos

437 1384 757 1450 alumniam-3
814 1398 1010 1454 rnrpus
1070 1396 1268 1434 inunum.
1331 1378 1536 1433 Educet
1571 1393 1656 1431 me
1702 1376 1767 1431 de
1795 1378 2007 1447 laqueo,

441 1478 517 1526 wi
549 1478 613 1526 ιΙίἸ.
645 1478 962 1542 ΠιιιῇιῑηιιιΙᾱ,
994 1494 1146 1546 qnam
1174 1472 1553 1526 a-slsscouderunt
1578 1469 1729 1536 milti,
1760 1468 1813 1524 id
1837 1477 1924 1524 est
1938 1466 2010 1523 ab

439 1570 673 1633 insidiiS,
704 1582 842 1636 quas
869 1570 1283 1621 occultaverunt
1313 1564 1481 1630 mihi,
1511 1562 1697 1619 educes
1736 1561 2035 1617 suscitan-‘

435 1660 538 1726 do,
584 1667 637 1716 et
677 1657 747 1714 ad
792 1672 1031 1729 superna
1080 1655 1345 1713 elevando
1391 1653 1666 1711 frustratis
1692 1651 2006 1710 Judaeorum

438 1752 703 1808 consiliis.
744 1748 900 1805 Unde
917 1750 1032 1820 jam
1059 1757 1185 1803 ante
1216 1747 1535 1803 Passionem
1559 1746 1864 1801 commendo
1894 1745 2009 1814 spi-

439 1845 604 1899 ritum
650 1859 822 1898 meum
865 1842 918 1895 iu
963 1858 1151 1895 manua
1196 1849 1338 1906 tuas,
1389 1839 1441 1895 iu
1490 1847 1575 1894 est
1620 1846 1727 1893 tuae
1756 1835 2010 1907 potestati

438 1936 744 1991 commendo
769 1935 877 1990 citu
892 1941 1211 2004 recepturus
1226 1946 1371 1986 eum.
1391 1927 1516 1986 llaec
1542 1937 1671 1985 sunt
1690 1928 1872 1994 verba,
1890 1942 2013 1999 quae

440 2026 497 2082 in
525 2041 688 2083 cruce
714 2025 871 2093 dixit,
903 2025 1052 2081 unde
1090 2025 1254 2080 docet
1296 2038 1356 2079 se
1391 2023 1444 2078 in
1485 2022 1592 2078 hoc
1615 2020 1834 2078 Psalmo
1861 2021 2013 2076 locu-

440 2128 557 2175 tum
602 2133 763 2176 esse:

509 2210 793 2267 Redemisti
840 2227 940 2279 me,
966 2217 1070 2266 etc.
1122 2204 1246 2264 Haec
1299 2206 1461 2263 verba
1512 2206 1709 2278 populo
1754 2204 2016 2262 Passione

441 2305 722 2375 redempto
786 2301 1141 2359 conveniunt.
1217 2298 1336 2356 Nun
1405 2301 1552 2356 enim
1626 2298 1971 2371 Redemptor-i
1997 2341 2013 2366 ,

440 2396 540 2453 sed
588 2396 787 2469 pupulo
838 2396 1119 2467 redempto
1145 2394 1329 2451 dicere
1376 2392 1677 2466 congruit:
1726 2390 2015 2447 Redemisti

439 2506 548 2549 me.

515 2579 754 2636 Possunt
776 2576 938 2634 etiam
980 2575 1341 2650 praecedentia
1378 2575 1446 2633 de
1472 2575 1665 2633 eodem
1687 2575 1890 2647 populo
1914 2589 2014 2631 ac-

444 2674 584 2745 cipi,
601 2673 695 2744 qui
727 2672 781 2727 in
801 2671 1003 2727 exstasi
1032 2685 1257 2741 pavenS,
1287 2685 1318 2725 a
1350 2685 1445 2741 spe
1481 2678 1663 2725 tamen
1688 2666 1879 2739 incipit
1903 2668 2017 2723 ita:

449 2765 495 2823 0
525 2764 771 2832 Βοηιὶιιε,
799 2764 1002 2836 speravi
1047 2764 1100 2818 iu
1127 2770 1196 2829 te,
1229 2776 1340 2817 non
1369 2761 1426 2816 in
1448 2776 1556 2816 me.
1584 2756 1705 2816 Non
1730 2768 1817 2817 est
1844 2774 2020 2832 pavor

446 2858 567 2914 sine
613 2855 1011 2919 misericordia,
1058 2853 1189 2926 quia
1247 2859 1432 2924 sperat
1476 2852 1715 2908 humana
1755 2859 1953 2907 natura
2001 2868 2015 2907 :

2105 369 2264 417 vocat
2295 360 2434 417 duas
2468 371 2676 432 pertas,
2717 376 2815 433 per
2856 376 2995 432 quas
3035 363 3300 421 diabolus
3338 373 3517 435 tentat,
3541 388 3636 442 (με

2105 462 2235 511 sunt
2276 453 2545 526 cupiditas
2599 463 2656 511 et
2702 454 2887 511 timor.
2938 454 3041 512 Per
3097 458 3418 527 cupiditatis
3461 473 3636 531 portam

2105 544 2257 617 prius
2285 545 2512 602 tentavit
2537 544 2828 601 Dominum
2865 545 3040 603 tribus
3068 548 3276 612 modis,
3305 549 3500 606 seilicet
3521 555 3638 625 gula,

2104 637 2353 702 avaritia,
2379 652 2522 692 vana
2547 637 2741 708 gloria.
2780 636 2899 705 Qua
2921 648 3074 709 porta
3105 640 3298 696 clausa
3329 645 3539 699 tentavit
3569 663 3644 716 per

2106 728 2356 784 timorem
2379 727 2682 786 Passionis.
2703 728 2809 787 Per
2833 732 3048 788 easda-
3075 742 3273 804 portas
3299 741 3464 791 tentat
3489 752 3643 794 omnes

2106 818 2380 888 homines,
2426 820 2548 877 ideo
2579 830 2757 877 tantm
2797 837 3000 894 eorpus
3043 823 3184 881 dicit
3216 841 3234 880 ε
3268 824 3468 884 Edam
3502 846 3572 885 ne
3592 834 3643 889 de

2106 908 2292 981 laqueo
2317 910 2600 983 hoc,quem
2634 912 3021 968 absconderunt
3055 914 3220 980 mihi,
3257 915 3471 974 Christo
3494 920 3645 977 dieen-

2107 1010 2190 1057 tes
2220 1020 2237 1060 t
2268 1001 2543 1075 Magister,
2570 1005 2788 1072 seimus,
2817 1007 2944 1075 quia
2971 1022 3138 1062 veras
3159 1024 3238 1073 ea,
3269 1017 3322 1063 et
3344 1011 3476 1065 οἱαιιι
3500 1011 3582 1067 Dei
3599 1016 3643 1068 ὶιι

2107 1096 2327 1150 veritate
2352 1096 2505 1151 dom
2534 1096 2728 1169 (Marc.
2761 1114 2864 1167 ιιι,
2897 1099 3008 1171 u).
3047 1098 3207 1156 Talia
3232 1102 3433 1173 quippe
3452 1103 3643 1161 dicendo

2108 1188 2241 1243 mihi
2273 1186 2518 1261 loqueum
2558 1188 2964 1260 absconderunt,
2992 1201 3054 1249 ut
3099 1193 3151 1250 si
3193 1208 3442 1267 negarem
3477 1198 3642 1256 tributa

2106 1279 2310 1337 Caesari
2359 1282 2559 1351 danda,
2605 1283 2732 1340 inde
2772 1300 2861 1341 me
2906 1295 3237 1343 accusarent
3271 1289 3426 1359 quasi
3452 1288 3644 1348 (ἰωή,

2108 1372 2570 1442 adversarium,et
2588 1375 2872 1432 inimicum
2894 1375 3132 1435 Romani
3163 1378 3398 1452 imperii.
3415 1380 3469 1437 Si
3493 1393 3642 1440 autem

2108 1466 2284 1522 danda
2311 1468 2684 1537 concederem,
2706 1469 2866 1540 quasi
2896 1479 3086 1527 contra
3118 1471 3421 1529 libertatem
3447 1483 3497 1529 et
3519 1477 3643 1531 nobi-

2111 1558 2314 1616 litatem
2337 1560 2625 1632 peculiaris
2653 1560 2747 1618 Dei
2771 1563 2958 1634 populi
2986 1564 3198 1620 doeens
3216 1564 3468 1622 offensam
3494 1566 3641 1624 ineur-

2108 1666 2306 1707 rerem.
2338 1651 2408 1707 At
2441 1667 2543 1724 ego
2575 1653 2804 1709 eductus
2831 1669 2955 1710 sum
2991 1655 3060 1711 de
3091 1655 3198 1713 hoc
3229 1655 3420 1728 laqueo
3441 1657 3602 1714 diceus
3627 1675 3638 1712 :

2109 1744 2328 1800 Reddite
2361 1760 2479 1815 quoe
2502 1752 2624 1799 suut
2660 1743 2888 1800 Coesaris
2928 1744 3157 1816 Coeaari,
3193 1756 3245 1803 et
3283 1764 3399 1819 quoe
3430 1758 3538 1803 suat
3563 1747 3641 1804 Dei

2111 1836 2242 1893 Deo.
2275 1836 2427 1907 ltem,
2459 1852 2583 1893 cum
2612 1838 2679 1894 ad
2715 1854 2805 1894 me
2823 1840 3110 1897 duxissent
3138 1840 3419 1897 mulierem
3441 1842 3490 1897 in
3515 1840 3639 1895 adul-

2113 1929 2252 1985 terio
2302 1929 2694 2001 deprehensam
2716 1971 2735 2001 ,
2792 1931 3034 2004 loqueum
3093 1933 3261 1989 talem
3310 1932 3640 1988 abseommnt

2113 2021 2271 2089 mihi,
2304 2030 2365 2077 ut
2393 2022 2440 2078 si
2469 2036 2592 2078 eam
2627 2022 2970 2094 lapidandam
3003 2024 3244 2081 dicerem
3274 2023 3549 2081 secundum
3580 2023 3639 2078 le·

2113 2113 2199 2185 gis
2241 2114 2640 2181 austeritatem,
2680 2115 3011 2187 divulgatam
3057 2116 3130 2173 de
3171 2131 3262 2173 me
3304 2115 3637 2173 misericordia

2113 2203 2316 2260 samam
2350 2207 2653 2277 perderem.
2684 2205 2742 2261 Si
2771 2218 2950 2264 autem
2981 2224 3108 2264 eam
3135 2208 3489 2275 defenderem,
3513 2208 3636 2279 quasi

2116 2297 2250 2370 legis
2280 2305 2651 2372 transgressor
2677 2302 2876 2357 samam
2898 2300 3127 2372 justitiae
3146 2300 3440 2373 perderem.
3458 2301 3548 2357 Sed
3573 2310 3633 2365 tu,

2120 2388 2261 2447 Deus
2298 2388 2487 2459 P'ater,
2525 2393 2760 2449 eduxisti
2797 2411 2880 2449 me
2914 2395 2979 2448 de
3014 2393 3116 2448 hoe
3154 2397 3356 2465 laqueo,
3395 2409 3525 2466 quent
3543 2392 3636 2446 aba·

2118 2483 2403 2539 condet-unt
2428 2486 2575 2542 milui.
2603 2485 2723 2542 Dixi
2749 2487 2930 2543 enim:
2963 2486 3069 2554 Qua·
3099 2489 3217 2543 siue
3244 2495 3446 2559 peccato
3468 2494 3535 2540 est
3573 2500 3635 2539 ve-

2117 2581 2309 2641 strum,
2333 2574 2535 2644 primus
2564 2575 2619 2630 t‘n
2650 2575 2803 2631 illum
2830 2576 3061 2647 lapidem
3102 2578 3304 2633 mittat.
3331 2575 3395 2632 Et
3415 2576 3475 2631 ad
3500 2576 3632 2647 ipsam

2118 2666 2402 2722 mulierem
2437 2667 2550 2723 dixi
2584 2684 2599 2720 z
2647 2666 2818 2725 Nemo
2851 2679 2899 2726 te
2939 2670 3324 2736 condemnauit,
3369 2665 3633 2723 mutiam

2118 2758 2209 2813 illa
2233 2777 2253 2815 z
2285 2757 2476 2826 Nemo,
2505 2760 2749 2817 Domine.
2786 2760 2899 2817 Nec
2934 2779 3027 2834 eqo
3075 2773 3148 2831 te,
3178 2763 3413 2835 inquam,
3434 2759 3630 2816 condon-

2119 2850 2256 2906 uubo
2283 2867 2303 2905 .·
2332 2853 2479 2921 eade,
2507 2862 2559 2908 et
2585 2854 2814 2925 amplius
2836 2855 2954 2926 jum
2981 2856 3090 2911 noli
3127 2873 3337 2927 peceare
3359 2853 3517 2929 (loon.
3542 2866 3630 2913 vni·

450 2948 573 3008 Nou
627 2948 924 3019 confundor
969 2948 1025 3003 iu
1068 2956 1343 3003 oeternum.
1380 2942 1499 3002 Non
1531 2945 1610 3003 ait
1652 2943 1972 3017 simpliciter
2002 2963 2018 3002 ι
2048 2965 2091 3024 c
2126 2941 2158 2995 7
2177 2943 2406 3016 etseq.).
2435 2942 2526 3000 Sic
2551 2944 2840 3018 loquendo,
2867 2948 3023 3005 etsie
3053 2948 3305 3006 faciendo
3323 2948 3523 3004 eductus
3539 2958 3631 2999 sum

452 3042 575 3098 Non
600 3040 920 3111 confundar,
946 3039 1075 3112 quia
1096 3039 1165 3095 de
1192 3038 1431 3110 peccatis
1450 3038 1517 3093 ad
1546 3038 1735 3093 horam
1759 3036 2022 3094 eolisundi

448 3134 584 3190 utile
610 3142 728 3202 est;
763 3133 857 3190 sed
886 3132 1007 3189 ait:
1047 3130 1173 3187 Nou
1212 3132 1586 3202 confundariu
1632 3140 1909 3188 oeternum.
1935 3131 2022 3198 Et,

449 3226 581 3300 quia
608 3241 715 3282 non
747 3235 928 3282 statuo
957 3240 1132 3281 meam
1150 3224 1444 3295 iustitiam,
1469 3223 1524 3280 in
1574 3239 1683 3296 qua
1708 3223 2021 3288 damnares,

451 3323 510 3376 in
544 3331 638 3376 tua
657 3319 853 3391 justia,
903 3334 1026 3390 quae
1068 3326 1152 3374 est
1184 3333 1325 3385 mea,
1378 3332 1409 3372 a
1449 3326 1502 3373 te
1539 3316 1689 3385 data,
1725 3314 1895 3372 libera
1918 3333 2021 3373 me.

455 3413 595 3473 Ecce
627 3426 752 3482 oro,
1904 3458 1915 3466 .

529 3507 693 3563 Vens.
721 3507 775 3562 5.
821 3503 1029 3561 Inclina
1064 3504 1134 3558 ad
1157 3519 1240 3558 me
1263 3519 1443 3560 aurem
1474 3515 1643 3572 tuom,
1674 3500 1727 3560 id
1752 3513 1836 3560 est
1864 3504 2029 3561 mise-

454 3596 751 3659 ricordiam
788 3613 802 3650 z
840 3595 894 3650 in
928 3593 1191 3650 mittendo
1225 3592 1421 3649 Filium
1451 3594 1707 3651 accelera.
1746 3592 2031 3667 Significat

458 3705 520 3749 se
541 3689 878 3755 exauditum,
905 3684 999 3742 sed
1025 3700 1235 3740 moram
1268 3683 1469 3741 timens
1507 3685 1561 3740 in
1605 3682 1780 3756 ipsius
1802 3685 2031 3741 exaudi-

458 3781 627 3838 tionis
652 3779 840 3835 effectu
883 3777 1056 3834 dicit:
1093 3776 1338 3832 Accedere
1374 3786 1432 3831 ut
1469 3793 1627 3832 eruas
1659 3792 1742 3831 me
1770 3792 1800 3831 a
1838 3791 2033 3847 pecca·-

460 3877 553 3932 tis.
581 3872 710 3929 Esto
738 3872 868 3927 mihi
906 3872 960 3926 in
996 3869 1158 3926 Deum
1196 3879 1559 3941 protectorem,
1588 3869 1639 3925 id
1667 3878 1752 3926 est
1787 3878 2030 3940 protege,

460 3979 511 4027 et
540 3976 648 4022 esto
687 3967 745 4020 in
779 3967 992 4019 domum
1028 3964 1240 4035 resuqii.
1286 3962 1488 4019 Servus
1518 3962 1588 4017 ab
1628 3962 1769 4016 irato
1807 3960 2033 4016 domino

463 4060 620 4131 fugit,
666 4058 758 4113 ubi
793 4074 903 4112 non
949 4065 1033 4112 est
1080 4055 1337 4111 dominus
1389 4070 1554 4123 suus;
1594 4054 1686 4110 sed
1730 4071 1762 4109 a
1806 4052 1917 4109 Deo
1953 4053 2034 4108 su·

462 4157 639 4227 giens,
682 4168 1011 4225 quocunque
1040 4152 1291 4217 divertat,
1339 4150 1510 4206 Deum
1559 4151 1760 4206 iratum
1804 4151 2030 4206 invenit.

2123 3032 2191 3089 de
2238 3033 2433 3106 laqueo
2484 3052 2698 3104 eorum,
2745 3055 2923 3110 neque
2967 3040 3019 3095 in
3073 3040 3369 3107 Caesarem,
3411 3052 3557 3108 neque
3590 3035 3632 3088 in

2125 3123 2295 3181 Deum
2324 3127 2620 3198 peccando,
2648 3131 2956 3203 pariterque
2977 3134 3270 3204 justitiam,
3295 3141 3348 3189 et
3377 3129 3630 3187 miseriem·-

2124 3213 2269 3270 diam
2309 3218 2596 3274 servando.
2639 3217 2776 3275 Nam
2797 3221 2942 3292 quod
2973 3223 3086 3279 dixi
3117 3240 3133 3277 ε
3164 3223 3395 3289 Reddite,
3421 3234 3522 3292 qaoe
3540 3223 3632 3269 snat

2127 3303 2378 3374 Coesartae,
2419 3305 2642 3376 Coesori,
2674 3325 2704 3365 a
2748 3310 2981 3369 Caesaris
3025 3313 3236 3371 oflensa
3264 3328 3347 3369 me
3378 3305 3631 3369 custodivit.

2126 3396 2274 3466 quod
2299 3397 2438 3453 dixit
2469 3417 2482 3453 ε
2512 3416 2630 3471 quoe
2653 3398 2753 3455 Dei
2765 3413 2906 3471 suut,
2932 3403 3040 3459 Deo
3063 3403 3262 3479 (Uare.
3293 3420 3383 3468 xn,
3406 3400 3502 3471 Π),
3521 3394 3633 3453 ιῦἀ

2128 3486 2332 3545 offensa
2354 3489 2583 3547 liberum
2614 3492 2883 3551 exhibuit.
2922 3495 3051 3552 ltem
3090 3498 3240 3569 quod
3269 3495 3374 3552 dixi
3399 3495 3459 3550 ad
3483 3491 3633 3547 mulie·

2131 3596 2244 3636 rem
2270 3599 2286 3637 ε
2317 3579 2482 3638 Nemo
2513 3593 2564 3639 te
2595 3586 2980 3656 condemnavit,
3007 3589 3239 3646 mulier?
3267 3605 3355 3645 uec
3372 3603 3454 3660 eqo
3478 3593 3518 3639 te
3536 3598 3631 3637 eon·

2130 3673 2406 3743 demnabo,
2440 3676 2827 3734 misericordiae
2868 3683 3201 3752 praeconium
3237 3682 3354 3746 suit,
3396 3692 3501 3750 quae
3525 3676 3632 3730 inter

2130 3772 2218 3820 me
2261 3765 2664 3824 misericordem
2711 3779 2767 3826 et
2809 3769 2955 3826 illam
3005 3773 3260 3831 miseram
3307 3767 3551 3827 mediatrix
3593 3769 3632 3816 et

2132 3857 2471 3914 conciliatrix
2492 3869 2610 3915 erat
2635 3879 2649 3916 :
2678 3861 2822 3932 quod
2845 3874 3026 3919 autem
3055 3866 3168 3921 dixi
3193 3863 3386 3922 Judaeis
3408 3879 3421 3917 :
3444 3859 3532 3926 Qui
3546 3856 3630 3910 siue

2131 3959 2342 4020 peccato
2377 3961 2464 4007 ert
2488 3961 2745 4021 vestrum,
2772 3957 2974 4026 primus
3008 3958 3064 4012 ιἰι
3101 3973 3219 4014 eam
3244 3957 3456 4029 lapidem
3476 3952 3628 4009 mittut,

2136 4042 2372 4113 itemque
2399 4047 2543 4116 quod
2592 4047 2804 4103 mulieri
2856 4048 2968 4104 dixi
3007 4067 3021 4104 z
3052 4050 3292 4124 Amplius
3326 4046 3427 4104 uolt·
3447 4054 3626 4114 peccare,

2129 4131 2354 4201 justitiae
2401 4132 2505 4190 suit
2557 4137 2880 4207 enuntiatio,
2931 4156 3052 4211 quae
3104 4159 3214 4199 non
3258 4141 3403 4197 aliter
3444 4130 3630 4199 indulsset

465 4248 741 4305 Placatum
796 4262 921 4301 vero
965 4245 1170 4301 invenit
1212 4244 1525 4315 quicunque
1570 4244 1761 4299 volens
1805 4241 2035 4298 evadere
2135 4233 2353 4294 P⁸⁰⁰²¹³
2377 4228 2666 4296 Pl'ae‘effia·
2699 4231 2807 4286 ⁰5⁵5
2834 4231 2902 4287 de
2932 4233 3066 4303 iistis
3089 4235 3347 4297 doleatur·
3372 4227 3497 4286 ²²⁶²
3520 4222 3628 4276 ‘'¹¹⁸¹'‘

466 4339 635 4398 neum
674 4337 812 4409 fugit
852 4338 920 4391 ad
959 4337 1158 4406 ipsum,
1206 4334 1327 4405 lpse
1374 4336 1518 4391 enim
1563 4344 1647 4391 052
1691 4336 1952 4407 nsum-um
1980 4337 2032 4392 5„
2065 4303 2111 4360 Ῑ)
2140 4318 2217 4374 ris
2240 4321 2450 4375 cautela
2486 4332 2751 4379 teneatur.
2796 4324 2887 4381 Sic
2914 4326 3131 4399 laqueus
3169 4322 3507 4385 insidiantium
3528 4309 3627 4370 mibi

466 4433 653 4495 dome,
679 4444 803 4500 quae
836 4437 918 4484 est
950 4427 1208 4494 Ecclesia,
1235 4427 1287 4481 in
1319 4441 1427 4498 qua
1453 4427 1734 4483 salvantur
1762 4428 2032 4497 homineS,

467 4523 610 4579 sicut
653 4521 705 4574 in
753 4533 878 4574 arca
916 4516 1048 4573 Noe.
1098 4517 1252 4573 Unde
1296 4517 1540 4588 sequitur
1572 4537 1584 4573 ε
1619 4516 1686 4573 Ut
1725 4517 1929 4574 salvum
1958 4535 2039 4574 me

471 4614 661 4685 [eseias.
697 4608 819 4666 ldeu
841 4619 1021 4665 autem
1053 4619 1124 4676 te,
1157 4625 1265 4665 non
1300 4609 1467 4664 alium
1498 4623 1683 4680 quaero
1713 4625 1728 4662 z

541 4702 705 4758 Vens.
746 4703 799 4758 t.
840 4701 1102 4767 Quoniam
1138 4711 1195 4756 tu
1233 4719 1316 4769 ea,
1352 4716 1462 4757 non
1489 4703 1629 4758 alius
1658 4711 1743 4758 est
1781 4700 2038 4770 fortitudo

470 4810 607 4860 mea,
629 4802 677 4848 et
705 4793 964 4863 resuqium
989 4807 1181 4846 meum.
1213 4791 1279 4846 Et
1303 4792 1519 4863 quidem
1551 4806 1659 4848 non
1690 4806 1811 4847 sum
1842 4790 2042 4863 dignus

467 4900 590 4958 ego,
614 4883 708 4940 sed
736 4892 947 4954 propter
973 4896 1160 4936 nomen
1184 4891 1355 4948 tuum,
1386 4890 1445 4936 ut
1470 4881 1675 4939 scilicet
1699 4880 2039 4953 glorificeris,

469 4978 692 5034 deduces
721 4993 829 5042 me,
861 4989 928 5031 ne
961 4975 1206 5031 aberrem
1245 4990 1276 5029 a
1310 4985 1380 5042 te,
1407 4983 1458 5029 et
1482 4976 1712 5030 enutries
1740 4991 1843 5029 me.
1887 4972 2041 5029 Unus

470 5080 554 5128 est
581 5071 757 5134 cibuS,
787 5083 947 5139 quem
977 5075 1031 5124 et
1060 5075 1212 5137 pater
1230 5076 1284 5122 et
1312 5077 1483 5123 mater
1498 5067 1694 5139 trajicit
1719 5068 1773 5123 in
1798 5080 2040 5135 carnem,

472 5173 525 5219 et
557 5162 758 5219 facttum
790 5162 873 5217 lac
910 5160 1169 5232 parvulus
1204 5159 1430 5231 accipit,
1462 5160 1556 5231 qui
1598 5168 1684 5216 est
1718 5167 2044 5230 accepturus

474 5255 530 5310 in
555 5269 763 5311 mensa.
812 5253 903 5308 Sic
945 5251 1209 5309 Dominus
1244 5262 1305 5307 ut
1343 5265 1497 5306 suam
1529 5250 1849 5322 sapientiam
1885 5249 2044 5305 nobis

477 5342 679 5399 iaceret
722 5343 824 5409 lac,
860 5342 1083 5398 indutus
1128 5352 1211 5398 est
1248 5357 1413 5398 carne
1454 5350 1511 5397 et
1559 5341 1664 5397 hoc
1707 5340 1847 5396 lacte
1876 5340 2047 5396 nutrit

478 5450 599 5501 uns,
626 5447 684 5490 ut
709 5435 924 5490 tandem
960 5447 1143 5490 eseam
1163 5434 1491 5506 validi„qua
1520 5443 1819 5505 pascuntur
1845 5433 2045 5506 angeli,

480 5526 891 5581 manducemus·

555 5618 716 5675 Vens.
749 5621 802 5678 5.
845 5621 1043 5678 Educet
1073 5639 1154 5678 me
1178 5624 1241 5678 de
1275 5622 1460 5689 laqueo
1493 5620 1609 5688 hoe,
1636 5634 1787 5691 quem
1823 5618 2046 5676 abscon-

2139 4411 2408 4466 contritus
2429 4421 2533 4479 est,
2564 4421 2620 4469 et
2645 4428 2747 4487 ego
2768 4415 2953 4485 justus
2986 4420 3265 4491 comparui
3292 4427 3392 4473 tam
3417 4425 3522 4481 erga
3543 4403 3628 4460 ce

2138 4516 2313 4560 sarem
2357 4522 2521 4578 quam
2565 4522 2694 4579 erga
2722 4505 2914 4576 Deum,
2956 4511 3264 4585 pariterque
3301 4510 3516 4564 inventus
3537 4508 3627 4552 sum

2135 4597 2319 4668 justus
2355 4608 2410 4654 et
2450 4600 2781 4658 misericors·
2823 4600 2934 4659 Nec
2963 4604 3161 4660 mirum
3201 4602 3337 4676 quod
3359 4592 3627 4668 030104200'

2139 4706 2327 4747 eorum
2355 4694 2525 4749 evasi.
2558 4692 2615 4749 si
2649 4696 2794 4751 enim
2834 4697 3038 4768 [tustra
3057 4698 3263 4768 jacitur
3295 4703 3390 4749 rete
3413 4695 3513 4742 ante
3533 4693 3625 4734 Μ·

2140 4783 2217 4839 [σε
2261 4796 2609 4854 perminor-um
2654 4787 2834 4860 (Pron.
2878 4789 3061 4862 1,17),
3109 4797 3311 4863 quanto
3354 4779 3504 4851 magis
3535 4777 3627 4826 ²1¹oe

2141 4880 2329 4936 oculos
2380 4881 2575 4950 aquilae
2625 4881 2839 4937 acutius
2881 4884 3148 4940 videntis?
3188 4883 3293 4950 Ego
3340 4883 3495 4933 autem
3537 4874 3624 4919 ιω

2142 4973 2345 5044 aquila.
2370 4982 2424 5029 et
2458 4975 2613 5030 electi
2662 4975 2767 5030 inei
2809 4986 2934 5031 ante
2971 4992 3035 5032 ac
3085 4986 3228 5034 retro
3270 4981 3387 5031 sunt
3414 4956 3626 5022 oculatiet

2143 5064 2384 5134 undique
2428 5065 2667 5134 pennati.
2718 5064 2892 5134 Unde,
2936 5074 2993 5123 tu
3044 5067 3222 5136 Pater,
3265 5063 3350 5137 qui
3390 5057 3542 5114 σάω*
3570 5056 3625 5098 '¹¹‘

2146 5156 2322 5225 ipsum
2347 5157 2411 5211 de
2438 5156 2644 5229 laqueo,
2668 5159 2832 5214 etiam
2856 5175 2972 5228 eos,
2999 5162 3093 5233 qui
3123 5163 3226 5218 mei
3248 5164 3380 5222 sunt,
3399 5148 3472 5206 vel
3490 5144 3625 5200 erunt.

2144 5250 2328 5305 educes
2361 5252 2423 5306 de
2448 5251 2653 5323 laqueo.

2215 5345 2274 5400 ln
2331 5345 2556 5403 Hebraeo
2598 5348 2793 5420 legitur
2834 5365 2849 5402 t
2889 5350 2959 5405 Et
2996 5352 3181 5409 educes
3210 5365 3286 5408 me
3309 5346 3369 5403 de
3405 5338 3504 5397 reti,
3524 5334 3623 5421 2¹¹⁰(-

2147 5437 2526 5494 absconderunt
2556 5442 2703 5496 milei.
2736 5439 2920 5513 ltaque
2947 5445 3058 5500 sive
3080 5456 3204 5513 rete,
3228 5445 3330 5502 sive
3352 5437 3549 5504 laqueum
3568 5416 3620 5519 tlh

2147 5531 2566 5588 absconderunt.
2615 5532 2718 5588 Sed
2766 5543 2844 5603 tu,
2886 5537 2978 5607 qui
3006 5538 3156 5595 vides
3185 5534 3370 5593 omnia,
3393 5534 3438 5580 et
3467 5523 3621 5573 υιιιιιιι.

2148 5638 2269 5706 9338
2293 5624 2396 5702 Vi&
2423 5634 2595 5706 potes,
2612 5626 2806 5707 ρᾷηοεε
2831 5644 2931 5698 me,
2961 5643 3025 5686 ac
3049 5644 3196 5688 meos
3220 5629 3278 5683 de
3301 5624 3458 5688 latim
3473 5597 3619 5665 ⁵⁵⁰³&
