3817 6000
298 220 412 279 3391

1265 214 1576 274 effluent
1616 211 2008 271 PRAEPOSlTl
2048 211 2595 274 REICBERSPERG.

3458 217 3565 275 592

309 332 595 400 Audberti,
622 330 757 388 alias
802 338 952 387 tanta
998 328 1324 409 scripsimus
1347 329 1417 384 ad
1458 345 1553 385 vos
1585 336 1640 383 et
1673 335 1887 384 vestros
1917 334 1963 392 Α
1984 326 2167 399 iectus
2195 326 2365 382 bomo
2406 325 2572 395 Deus,
2602 324 2699 383 Dei
2726 324 2921 397 Filius,
2949 327 3203 400 nunquid
3244 340 3428 386 tannen
3459 330 3564 386 ista

313 424 543 483 elericos
567 423 818 480 valenter
864 423 1157 489 litteratos,
1207 422 1379 477 uthie
1418 421 1668 477 videatur
1698 434 1893 490 super·

308 516 480 574 fluum
553 515 698 572 dicta
751 525 1032 585 repetere,
1084 529 1211 569 cum
1262 511 1555 584 praedictus
1605 512 1894 584 episeopus

298 606 591 663 *Gilhertus
624 615 753 662 tune
774 605 941 662 suerit
964 621 1061 678 per
1080 622 1179 662 vos
1206 614 1262 662 et
1289 613 1501 662 vestros
1530 620 1657 676 erga
1686 620 1774 660 me
1802 621 1895 660 ve-

313 699 616 757 risimiliter
657 709 971 766 excusatus,
998 700 1144 771 quod
1168 715 1274 755 non
1306 700 1380 757 ita
1428 700 1682 765 senserit,
1715 708 1779 755 ut
1803 698 1894 754 ille

311 790 664 858 Ambrosius,
689 791 849 860 cuius
878 790 1001 848 ideo
1029 790 1169 847 sorte
1194 791 1520 847 sententiam
1545 789 1749 861 posuit,
1762 790 1891 860 quia

309 902 429 938 flam
461 886 509 938 in
549 882 746 950 gli-,issia
778 886 1180 954 :reliquiarium-a
1219 882 1456 953 positam
1507 881 1733 937 invenit.
1784 879 1893 937 Sed

313 978 401 1030 isti
437 978 553 1044 ujtffi
585 978 866 1042 diffundi,
918 978 1010 1046 qul
1058 975 1282 1046 gloriam
1312 984 1366 1031 el.
1408 975 1639 1046 gratiam
1682 982 1893 1030 naturae

313 1070 565 1122 humanm
605 1066 657 1118 in
705 1066 792 1118 [uzi
830 1066 1022 1122 Filium
1074 1078 1366 1138 assumptae
1395 1068 1603 1138 absque
1632 1082 1891 1123 mensura

313 1162 519 1226 datam,
553 1158 802 1226 redigunt
830 1162 1236 1214 sternutabant
1267 1158 1334 1215 ad
1362 1173 1675 1214 mensuram
1705 1159 1891 1231 gloriae

313 1254 393 1306 tel
429 1258 742 1306 sanctorum
782 1254 1058 1306 ltffl’ninuut
1102 1248 1447 1319 depravando
1476 1247 1765 1315 Hilarium,
1804 1249 1891 1305 vel

313 1355 629 1399 sanctoruni
665 1347 978 1415 :iugulorum
1010 1339 1356 1407 deni-:wando
1375 1338 1765 1409 Augustinum,
1790 1339 1893 1396 sk>-

313 1435 449 1491 utin
477 1435 1030 1507 praesules-*isapp-arnt,
1066 1435 1166 1483 nisi
1190 1439 1630 1501 compescantur,
1660 1429 1885 1498 faciunt,

309 1543 369 1583 ut
397 1531 449 1583 ῑιι
485 1531 806 1583 alemaniam
834 1531 1014 1583 redeat
1046 1522 1306 1595 iniquitas
1331 1522 1580 1594 magistri
1608 1537 1800 1579 eorum
1832 1523 1887 1577 in

305 1631 601 1691 ιῑῡιιεμῡιῖιιι
651 1623 886 1683 firmum,
942 1627 994 1671 rt
1046 1623 1249 1671 saun-tm
1300 1612 1561 1670 Romanae
1608 1610 1885 1679 Ecclesiae,

1997 417 2267 489 subiectio
2313 418 2404 489 pia
2446 428 2506 475 et
2531 419 2838 478 voluntaria
2887 419 3197 492 deputanda
3247 431 3333 478 est
3379 420 3458 476 illi
3495 422 3567 479 ad

1995 510 2396 581 ignominiam?
2410 510 2600 567 Absit!
2650 511 2787 569 Dicit
2814 512 2961 569 enirn
2990 522 3213 571 sanetus
3238 512 3568 572 Ambrosius

2001 601 2057 657 in
2087 601 2228 658 libro
2253 602 2449 673 quinto
2478 601 2549 658 ad
2579 601 2898 661 Gratianum
2930 603 3310 676 imperatorem
3335 622 3350 659 ε
3389 622 3411 658 ι
3446 603 3568 662 Sic·

1995 703 2056 750 ut
2085 694 2142 750 in
2172 693 2395 751 Christo
2443 709 2542 766 per
2589 709 2831 765 carnem,
2861 712 2984 767 quae
3010 706 3097 754 est
3121 697 3321 770 pignus
3362 705 3567 754 nostrae

1994 784 2210 855 salutis,
2258 785 2449 842 sedere
2485 801 2588 844 nos
2633 786 2689 844 in
2733 787 3044 847 coelestibus
3073 787 3367 860 Apostolus
3403 789 3563 860 dixit,

1994 878 2187 949 utique
2209 894 2317 936 non
2347 880 2599 938 sedentes
2633 897 2647 935 t
2680 880 2760 937 sic
2799 889 2855 936 et
2882 881 2973 937 ille
2999 897 3094 952 per
3124 889 3326 940 nostrae
3348 897 3567 940 assum·

1991 970 2236 1042 ptionem
2269 980 2477 1027 naturae
2498 972 2701 1029 dieitur
2726 973 3004 1044 subJectus
3036 974 3091 1029 in
3121 974 3297 1033 nobis,
3324 992 3344 1027 ι
3375 973 3510 1032 ltem
3545 993 3562 1032 ε

1998 1083 2018 1116 ι
2051 1063 2441 1135 scriptumest
2466 1085 2479 1118 :
2511 1065 2640 1138 quia
2682 1081 2801 1121 cum
2827 1068 3023 1123 mortui
3052 1084 3280 1124 essemus
3309 1069 3565 1139 peccatis,

1990 1159 2378 1229 convivificavit
2412 1174 2504 1213 nos
2535 1159 2590 1213 in
2631 1156 2862 1226 Christo,
2890 1159 3044 1230 cujus
3070 1162 3245 1232 qratia
3286 1163 3412 1217 estis
3451 1164 3567 1217 sal·

1992 1251 2103 1306 vati
2130 1248 2348 1321 (Epltes.
2384 1249 2469 1321 ιι),
2518 1259 2571 1307 et
2596 1247 2762 1306 simul
2789 1252 3096 1320 suscitavit,
3138 1251 3411 1325 simulque
3437 1253 3569 1310 l'ecit

1990 1345 2179 1404 sedere
2207 1346 2263 1402 in
2293 1345 2608 1402 eoelestibus
2635 1346 2692 1403 in
2713 1344 2932 1403 Christo
2951 1345 3103 1402 Jesu.
3142 1346 3395 1419 Agnosco
3423 1349 3565 1406 scri-

1988 1446 2163 1508 ptum,
2201 1437 2296 1494 sed
2320 1453 2432 1493 non
2459 1446 2521 1494 ut
2545 1437 2800 1496 homines
2828 1439 3017 1495 sedere
3046 1439 3113 1499 ad
3145 1439 3427 1499 dexteram
3454 1441 3560 1498 sibi

1988 1531 2228 1601 patiatur
2290 1529 2461 1597 Dens,
2505 1531 2599 1587 sed
2657 1541 2720 1587 ιιι
2770 1531 2825 1587 in
2873 1531 3096 1589 Christo
3153 1533 3377 1601 sedere,
3432 1534 3564 1607 quia

1990 1621 2108 1692 ipse
2152 1621 2401 1679 omnium
2436 1621 2853 1679 fundamentum
2891 1631 3083 1690 est..et
3125 1624 3243 1698 ipse
3281 1635 3368 1682 est
3399 1636 3566 1699 caput

305 1711 465 1779 eujus
509 1715 858 1783 pantini-ihus
906 1711 1146 1779 ιιιιιῐηιιίῇ
1194 1713 1249 1761 el
1296 1704 1456 1761 novis
1481 1703 1752 1761 contraria
1803 1713 1889 1760 est
1918 1683 1960 1739 B
1986 1711 2266 1782 fflclesiae,
2306 1714 2360 1769 in
2390 1729 2500 1786 quo
2523 1713 2834 1773 communis
2858 1715 3162 1776 secundum
3199 1731 3422 1774 carnem
3464 1734 3566 1774 na..

305 1802 424 1859 baec
448 1801 697 1859 doctrina
724 1811 835 1857 tam
861 1814 1130 1872 perversae
1151 1798 1425 1854 novitatis.

375 1895 712 1967 Argumenta
760 1908 892 1950 vero
922 1907 1115 1948 eorum
1160 1891 1293 1947 satis
1330 1888 1518 1945 mirari
1543 1904 1653 1944 non
1684 1903 1884 1960 possu-

304 2002 450 2055 mus,
483 1988 540 2043 in
566 1988 767 2059 quibus
794 1986 1126 2042 Arianorum
1150 1984 1406 2057 dogmata
1437 1998 1504 2039 ex
1530 1992 1685 2053 parte
1709 1982 1885 2038 susci-

297 2081 409 2136 tari
436 2080 935 2152 deprehendimus;
985 2080 1143 2135 alunt
1170 2080 1316 2133 enim
1372 2077 1443 2132 ad
1469 2077 1795 2149 dignitatem
1830 2084 1884 2131 et

297 2174 533 2246 gloriam
567 2174 871 2246 majestatis
902 2188 1068 2243 quam
1095 2172 1392 2243 plurimum
1417 2171 1709 2243 pertinere,
1735 2170 1881 2242 quod

293 2270 430 2343 quis
451 2275 765 2324 remunerat
788 2263 1150 2333 obedientem,
1181 2266 1405 2321 exaudit
1429 2265 1877 2335 interpellantem,

308 2359 609 2436 postulanti
644 2358 867 2430 subjicit
894 2356 1099 2425 omnia,
1131 2357 1353 2428 subjicit
1381 2357 1484 2412 sub
1507 2355 1755 2428 pedibuS,
1800 2355 1883 2411 ol*-

298 2452 563 2510 lerentem
594 2448 885 2515 benedicit,
915 2462 1077 2503 nemo
1107 2462 1335 2519 prorsus
1360 2446 1466 2501 nisi
1500 2461 1610 2500 non
1659 2444 1886 2501 catholi-

299 2561 423 2614 cus,
453 2543 547 2616 qui
592 2542 804 2615 ignoret
850 2550 912 2596 ut
938 2539 1177 2614 gentilis,
1209 2539 1304 2612 qui
1339 2545 1498 2610 neget
1536 2545 1597 2593 ut
1642 2537 1878 2607 iudaeus,
1923 2581 1926 2584 .

300 2637 395 2712 qui
420 2637 664 2695 demutet
696 2643 757 2690 ut
780 2632 1369 2698 antichristus,audeat
1390 2630 1639 2687 inficiari.
1667 2629 1880 2687 Etenim

300 2743 564 2805 tanquam
593 2727 864 2785 sacerdoti
895 2742 1115 2798 magno,
1146 2724 1307 2795 cujus
1341 2723 1496 2794 origo
1523 2737 1555 2777 a
1584 2721 1763 2789 Patre,
1795 2722 1883 2777 in-

300 2822 627 2884 enarrabilis
649 2822 797 2877 dedit
817 2818 979 2875 Pater
1008 2817 1444 2874 benedictionem
1476 2815 1720 2871 omnium
1749 2829 1882 2886 gen-

300 2916 459 2972 tium.
498 2912 635 2982 Quis
661 2921 844 2968 autem
878 2908 1052 2981 major
1092 2916 1195 2976 est,
1228 2908 1325 2980 qui
1350 2906 1642 2972 benedicit,
1672 2920 1742 2960 an
1782 2905 1878 2977 qui

305 3010 638 3066 lmziediuitur
662 3010 682 3058 ’ἒ

369 3102 714 3154 assuritanus
766 3098 878 3150 ista:
930 3094 1202 3166 quondam
1245 3092 1468 3149 suerunt
1519 3090 1873 3159 Arianorurn,

303 3194 497 3246 Filium
525 3190 682 3246 Patre
710 3190 976 3246 minari-m
997 3187 1375 3254 asserentium,
1403 3195 1456 3242 et
1488 3200 1520 3241 a
1549 3184 1754 3241 sanctis
1770 3183 1878 3240 Pa-

301 3291 477 3343 tribus
509 3287 902 3343 rationabiliter
930 3283 1035 3339 illis
1053 3282 1330 3338 obviatum
1350 3288 1453 3347 est,
1480 3293 1548 3336 eo
1570 3278 1716 3349 quod
1740 3277 1874 3333 obe·-

305 3379 506 3435 dientia
541 3379 870 3439 voluntaria,
914 3390 1019 3431 non
1050 3372 1302 3430 coactitia
1330 3386 1430 3442 pro
1464 3370 1741 3427 salvandis
1769 3369 1875 3425 bo-

301 3475 545 3529 minibus
573 3471 810 3523 exhibita
850 3466 1054 3523 liuniini
1077 3466 1157 3522 sie
1187 3464 1461 3522 obedienti
1501 3462 1675 3535 magis
1705 3462 1877 3532 depu-

300 3569 448 3621 tatur
489 3561 558 3617 ad
600 3560 831 3631 gloriam
876 3573 1041 3630 quam
1088 3556 1157 3612 ad
1201 3554 1574 3627 ignominiam.
1631 3551 1875 3622 Denique

298 3664 524 3728 propter
544 3654 647 3709 hoc
673 3650 815 3707 Deus
839 3650 994 3705 illum
1019 3647 1298 3715 exaltavit,
1319 3655 1368 3703 et
1398 3646 1542 3701 dedit
1562 3644 1643 3699 iun·
1663 3660 1871 3712 nomen,

296 3747 438 3822 quod
462 3754 716 3817 estsuper
738 3760 889 3799 omne
911 3739 1276 3812 »tomenfflu'h
1303 3739 1388 3811 n),
1410 3748 1621 3810 propter
1632 3738 1729 3792 hoc
1750 3737 1875 3792 sub-

292 3841 424 3912 jecit
466 3838 645 3894 omnia
685 3834 781 3892 sub
812 3834 1030 3906 pedibus
1078 3832 1193 3904 ejus
1234 3830 1448 3902 (Ephes.
1483 3832 1545 3901 ι).
1602 3828 1728 3885 Haee
1755 3829 1875 3899 ipsa

300 3931 610 3989 obedientia
634 3927 737 3984 ruit
757 3926 1079 3999 postulatio,
1110 3926 1165 3982 in
1197 3940 1307 3997 qua
1334 3922 1437 3980 tuit
1464 3922 1662 3994 dignus
1705 3936 1874 3977 exau·

299 4025 406 4081 diri
436 4038 537 4096 pro
558 4038 659 4079 sua
688 4020 1024 4086 reverentia;
1059 4032 1161 4088 pro
1191 4032 1312 4082 sua,
1343 4014 1592 4086 inquam,
1620 4028 1873 4069 reveren-

296 4119 394 4186 tia,
422 4117 480 4173 in
509 4131 618 4187 quo
647 4114 796 4170 nulla
827 4111 934 4167 luit
958 4110 1138 4180 culpa,
1173 4121 1452 4179 quemque
1479 4105 1563 4161 sic
1595 4103 1873 4175 postulare

297 4228 407 4269 non
440 4208 621 4281 coegit
649 4203 949 4262 necessitas
977 4201 1212 4273 propriae
1256 4199 1513 4265 miseriae,
1559 4196 1655 4252 sed
1697 4196 1870 4268 pietas

299 4303 697 4364 misericordiae
720 4302 827 4356 boe
853 4296 1053 4368 exegit,
1077 4303 1139 4350 ut
1167 4294 1250 4351 sic
1273 4292 1482 4365 perdita
1512 4298 1864 4347 restauraret.

1986 1813 2110 1862 tura
2162 1806 2577 1877 praerogativam
2629 1804 2777 1862 sedis
2820 1807 3063 1869 eoelestis
3112 1807 3363 1869 emeruit.
3407 1806 3579 1870 Sicut.

1983 1912 2116 1969 ergo
2147 1912 2251 1953 nos
2279 1896 2335 1952 in
2367 1896 2462 1953 illo
2492 1897 2747 1955 sedemus
2776 1913 2874 1970 per
2896 1912 3172 1970 corporeae
3209 1901 3562 1958 communio·

1983 2003 2110 2044 nem
2139 1997 2370 2052 naturae,
2403 1987 2476 2044 ita
2508 1997 2565 2044 et
2596 1989 2706 2056 ille,
2740 1988 2832 2060 qui
2874 2003 2971 2060 per
3007 1989 3409 2059 susceptionem
3453 2006 3560 2047 no-

1985 2078 2314 2136 straecarnis
2344 2080 2692 2137 maledictum
2736 2095 2840 2151 pro
2881 2082 3043 2137 nobis
3073 2080 3250 2140 faetus
3272 2091 3376 2149 est,
3429 2099 3571 2140 cum-

1984 2171 2335 2227 maledietum
2374 2172 2563 2242 utique
2607 2172 3037 2231 in.benedictum
3081 2172 3277 2229 Filium
3310 2173 3405 2230 Dei
3447 2191 3570 2232 non.

1984 2263 2175 2330 eadat;
2202 2264 2299 2331 ita,
2323 2264 2572 2336 inquam,
2599 2274 2654 2321 et
2677 2266 2770 2322 ille
2808 2281 2905 2336 per
2925 2265 3288 2323 obedientiam
3311 2268 3557 2325 omnium

1981 2357 2087 2412 erit
2114 2355 2393 2426 subjectus
2420 2356 2474 2412 in
2503 2357 2682 2424 nobis,
2711 2373 2838 2415 eum
2862 2357 3080 2429 gentilis
3099 2358 3408 2426 crediderit,
3430 2375 3558 2416 eum

1980 2446 2202 2503 tudaeus
2230 2448 2532 2520 agnoverit,
2555 2463 2719 2519 quem
2744 2447 3037 2517 crucifixit,
3059 2463 3184 2506 eum
3225 2447 3558 2506 hlanichaeus

1981 2545 2305 2613 adoraverit,
2343 2560 2508 2616 quem
2536 2545 2591 2600 in
2619 2559 2786 2602 carne
2804 2544 3018 2605 venisse
3033 2559 3143 2601 non
3168 2544 3559 2614 eredidit,eum

1980 2637 2218 2695 Arianus
2256 2638 2687 2710 omnipotentem
2728 2636 3017 2696 consessus
3045 2636 3229 2707 suerit,
3258 2653 3420 2709 quem
3456 2652 3558 2693 ne-

1982 2732 2160 2803 gavit:
2193 2747 2318 2788 eum
2355 2740 2636 2802 postremo
2688 2733 2743 2789 in
2790 2731 3051 2789 omnibus.
3091 2731 3255 2788 suerit
3287 2729 3561 2802 sapientia

1980 2825 2110 2893 Dei,
2152 2824 2386 2896 justitia,
2428 2840 2554 2896 pax,
2595 2825 2856 2891 ebaritas,
2915 2825 3262 2882 resurrectio.
3315 2824 3555 2882 Conclu-

1981 2918 2193 2975 sionem
2238 2916 2404 2989 igitur
2429 2917 2600 2973 totius
2639 2917 3002 2974 absolutionis
3049 2917 3284 2973 breviter
3330 2916 3558 2988 colliga·

1983 3027 2127 3069 mus.
2163 3011 2360 3068 Unitas
2390 3013 2680 3083 potestatis
2717 3011 3030 3083 opinionem
3059 3010 3340 3082 injuriosae
3367 3009 3551 3081 subje-

1979 3104 2176 3162 ctionis
2200 3104 2456 3164 excludit.
2496 3124 2521 3157 v
2561 3103 2706 3160 ldem
2740 3123 2753 3159 :
2787 3122 2807 3156 ι
2834 3104 2991 3172 Quod
3023 3106 3073 3161 si
3106 3105 3329 3177 quaeris,
3355 3119 3552 3175 quem-

1978 3198 2275 3255 admodum
2308 3198 2380 3254 sit
2432 3198 2710 3269 subjectus
2741 3197 2797 3252 in
2826 3198 3006 3265 nobis,
3038 3198 3154 3269 ipse
3182 3197 3419 3261 ostendit
3461 3195 3550 3251 di-

1975 3304 2144 3347 cens:
2175 3290 2234 3346 ln
2274 3303 2494 3346 carcere
2535 3303 2707 3355 eram,
2736 3295 2790 3344 et
2819 3287 3153 3344 convenistis
3188 3287 3255 3343 ad
3293 3302 3421 3354 me;
3462 3286 3550 3342 in-

1974 3381 2168 3438 firmus
2220 3397 2394 3448 eram,
2438 3388 2494 3436 et
2535 3379 2799 3435 visitastis
2832 3394 2954 3448 me;
2984 3379 3040 3437 in
3077 3394 3144 3438 eo
3176 3379 3448 3447 iniit-mus,
3490 3378 3549 3433 in

1975 3489 2088 3546 quo
2118 3474 2397 3545 subjectus
2421 3472 2638 3543 (Mattio.
2674 3472 2825 3541 xxv).
2864 3490 2890 3528 ι,

2045 3564 2171 3622 Hinc
2197 3566 2408 3621 dicente
2444 3563 2754 3631 Ambrosio,
2783 3571 2929 3622 recte
2955 3562 3316 3634 intelligamus
3343 3562 3545 3622 Filium

1973 3659 2122 3716 Patri
2175 3656 2570 3729 subjiciendum
2619 3658 2675 3712 in
2726 3655 3010 3722 membris,
3059 3671 3182 3711 cum
3224 3664 3442 3725 peracta
3488 3664 3546 3713 et

1972 3760 2350 3809 consummata
2392 3748 2555 3806 tuerit
2583 3748 2848 3819 subiectio
2876 3747 3242 3806 membrorum
3274 3747 3540 3818 ipsorum.

1972 3842 2129 3910 Quod
2161 3842 2207 3898 si
2251 3841 2413 3896 etiam
2460 3840 2517 3894 in
2554 3856 2670 3896 suae
2711 3855 2958 3910 persona}
2987 3839 3321 3896 liunnanitate
3354 3836 3541 3898 sutura

1970 3944 2056 3993 est
2102 3935 2192 3991 illa
2240 3933 2529 4004 subjectio,
2569 3948 2734 4004 quam
2777 3930 3146 4002 consequitur,
3175 3939 3236 3986 ut
3282 3930 3353 3986 sit
3396 3928 3542 3985 Deus

1971 4028 2154 4084 omnia
2179 4027 2234 4081 in
2264 4026 2539 4091 omnibus,
2575 4039 2683 4079 non
2727 4032 2904 4080 tamen
2933 4023 3240 4082 arbitranda
3274 4033 3359 4078 est
3391 4021 3540 4094 inju-

1970 4119 2136 4184 riosa,
2169 4118 2262 4174 sed
2303 4117 2560 4190 gloriosa.
2600 4115 2735 4172 Nam
2776 4116 2831 4171 in
2867 4116 2982 4187 ipsa
3004 4130 3222 4185 quoque
3250 4113 3540 4172 Divinitate

1968 4211 2198 4284 legimus
2217 4209 2412 4265 Filium
2436 4208 2584 4265 Patri
2607 4208 2932 4278 subiectum,
2962 4222 3062 4264 nee
3084 4216 3264 4263 tamen
3294 4208 3414 4264 ideo
3441 4207 3538 4262 mi·

1969 4318 2159 4359 norem
2207 4302 2291 4357 vel
2337 4300 2650 4357 inferiorem
2708 4300 3008 4371 putandum
3061 4299 3142 4355 vel
3200 4299 3534 4355 habendum.

295 4395 453 4467 Quod
477 4394 667 4466 mique
691 4408 831 4465 09⁰⁸
853 4388 1271 4447 oe³²³⁰m¹3⁰⁰l⁵
1298 4402 1405 4443 ⁰⁰¹¹
1424 4394 1508 4442 0⁵²
1528 4384 1712 4441 minus
1738 4399 1869 4455 098·
1897 4400 1943 4454 D
1970 4394 2108 4451 Hinc
2133 4396 2189 4450 in
2219 4394 2467 4465 exemplo
2500 4393 2645 4461 lidei,
2677 4392 2880 4449 Sirmio
2910 4392 2978 4448 ab
3006 4389 3369 4449 Orientalibus
3399 4406 3536 4448 con-

295 4505 356 4547 re
383 4486 702 4546 creationis.
737 4483 853 4540 lmo
875 4482 1242 4539 venerabilius
1263 4488 1365 4548 est,
1386 4478 1533 4551 quod
1562 4493 1658 4549 per
1689 4476 1868 4532 homi-

294 4594 423 4637 nem
466 4578 798 4635 resurrectio
839 4583 1204 4642 mortuorum,
1234 4571 1331 4645 qui
1368 4572 1540 4628 vitam
1584 4569 1869 4625 demerue-

293 4678 445 4735 runt,
469 4685 635 4742 quarn
665 4668 811 4741 quod
833 4683 930 4739 per
951 4665 1189 4723 Verbum
1218 4665 1423 4721 creatio
1462 4664 1733 4730 vivorum,
1771 4662 1867 4733 qui

295 4762 432 4817 nibil
484 4760 614 4817 boni
666 4766 1000 4816 meruerunt.
1060 4755 1201 4825 Quia
1237 4755 1541 4810 mirabilius
1570 4762 1655 4811 est
1701 4752 1867 4809 vitam

294 4853 512 4911 restitui
542 4851 796 4917 mortuis,
828 4849 921 4921 qui
953 4859 1184 4905 mortem
1235 4847 1620 4919 sempiternam
1652 4859 1869 4900 merue-

295 4955 444 5012 rant,
493 4961 658 5018 quam
692 4944 856 4999 vitam
907 4941 1026 4997 dari
1078 4941 1179 5009 eis,
1220 4940 1318 5013 qui
1352 4939 1485 4995 nihil
1529 4945 1861 4994 meruerant.

296 5038 430 5097 Esto
456 5048 660 5105 tamen,
707 5045 789 5104 ut,
820 5051 945 5092 cum
976 5051 1074 5106 per
1101 5050 1256 5091 suam
1288 5033 1649 5091 obedientiam
1678 5031 1862 5089 omnia

297 5134 589 5205 subjecerit
629 5130 799 5197 Patri,
860 5136 921 5185 ut
950 5129 1021 5184 sit
1061 5127 1205 5185 Deus
1250 5127 1434 5183 omnia
1483 5127 1538 5182 in
1588 5124 1861 5191 omnibus,

297 5237 430 5285 tunc
462 5235 517 5282 et
547 5225 663 5296 ipse
698 5222 845 5278 Patri
892 5221 965 5277 sit
1000 5220 1279 5291 subiectus
1321 5218 1508 5290 (quod,
1542 5217 1685 5274 sicut
1713 5231 1865 5273 asse·

297 5324 371 5381 rit
397 5321 758 5395 Augustinus,
784 5319 906 5374 ideo
933 5318 1154 5383 dicitur,
1181 5332 1251 5371 ne
1272 5317 1510 5371 humana
1534 5312 1860 5380 substantia,

296 5414 698 5487 quantumlibet
722 5411 1020 5483 glorificata
1043 5418 1259 5479 putetur
1280 5408 1333 5462 in
1355 5407 1592 5463 divinam
1616 5405 1864 5461 substan·

301 5506 433 5559 tiam
479 5511 809 5560 commutata
852 5500 1206 5558 versibilitate
1248 5508 1487 5563 naturae,
1531 5511 1693 5568 quem
1736 5510 1863 5552 sen-

299 5609 424 5649 sum
464 5604 651 5649 sancta
678 5594 918 5651 Ecclesia
970 5591 1250 5648 damnavit
1294 5591 1349 5644 in
1397 5589 1650 5644 baeretico
1696 5586 1860 5657 Euty·

300 5684 477 5753 ubete)
502 5700 519 5751 ;
548 5692 686 5750 esto,
717 5684 963 5755 inquam,
990 5691 1051 5738 ut
1081 5681 1150 5738 sit
1182 5682 1239 5736 in
1263 5690 1524 5737 aeternum
1552 5677 1699 5733 Patri
1727 5679 1857 5734 sub·

1969 4494 2053 4541 tra
2089 4483 2380 4540 Photinum
2408 4484 2642 4554 scriptae,
2683 4484 2823 4541 inter
2859 4492 3082 4541 caeteros
3121 4497 3334 4539 errores
3369 4483 3535 4539 etiam

1970 4574 2059 4631 bie
2090 4591 2244 4632 error
2278 4576 2566 4631 damnatus
2594 4582 2695 4641 est,
2727 4589 2837 4645 quo
2866 4581 3082 4643 putatus
3125 4580 3211 4629 est
3245 4580 3339 4627 ant
3364 4568 3534 4625 Filius

1967 4666 2114 4723 Patri
2149 4682 2258 4722 non
2294 4666 2592 4737 subjectuS,
2623 4674 2719 4721 aut
2763 4665 2812 4721 si
2849 4664 3147 4736 subjectns,
3179 4662 3398 4718 minime
3437 4675 3534 4716 eo-

1967 4759 2284 4831 aequandus.
2315 4758 2514 4814 Dicunt
2549 4772 2678 4829 ergo
2723 4756 2913 4813 Patres
2945 4756 3059 4827 jam
3098 4753 3225 4811 dicti
3254 4750 3469 4808 concilii
3513 4769 3529 4806 ε

1968 4869 1993 4902 a
2032 4848 2089 4905 Si
2119 4850 2242 4921 quis
2268 4848 2558 4904 Dominum
2577 4858 2633 4905 et
2651 4848 2822 4904 Deum
2849 4857 2903 4902 et
2923 4846 3137 4901 Patrem
3162 4844 3378 4907 Filium,
3402 4843 3533 4913 quia

1966 4940 2256 4998 Dominum
2278 4957 2312 4997 a
2338 4940 2587 5010 Domino,
2611 4942 2749 4998 duos
2768 4939 2913 4996 dicat
2937 4938 3216 5006 Dominos,
3242 4937 3532 4992 anatliema

1964 5035 2055 5092 sit.
2087 5034 2204 5092 Νοιι
2235 5035 2379 5093 enim
2425 5035 2496 5090 ita
2533 5048 2882 5105 exaequamus
2916 5033 3000 5088 vel
3029 5043 3412 5101 comparamus
3435 5027 3530 5083 Fi-

1964 5128 2097 5184 lium
2123 5126 2292 5194 Patri,
2336 5135 2396 5181 ut
2436 5125 2737 5196 subjectum
2783 5140 2891 5180 non
2936 5123 3319 5195 intelligamus,
3356 5134 3531 5190 neque

1962 5219 2108 5277 euim
2137 5216 2416 5275 deseendit
2445 5217 2501 5272 in
2545 5215 2837 5272 Sodomam
2880 5215 2999 5271 sine
3025 5214 3201 5270 Patris
3227 5212 3526 5277 voluntate,

1961 5326 2139 5382 neque
2164 5309 2301 5381 pluit
2327 5324 2394 5364 ex
2418 5323 2497 5376 se,
2525 5308 2617 5364 sed
2642 5323 2673 5363 a
2698 5306 2951 5374 Domino,
2977 5306 3302 5362 auctoritate
3322 5303 3528 5361 scilieet

1961 5402 2160 5470 Patris,
2192 5418 2292 5459 nec
2316 5403 2465 5460 sedet
2490 5402 2543 5456 in
2587 5402 2805 5458 dextera
2844 5417 2875 5457 a
2914 5402 3224 5471 semetipso,
3248 5399 3341 5454 sed
3375 5397 3528 5452 audit

1958 5496 2173 5551 Patrem
2194 5495 2458 5550 dicentem
2493 5512 2507 5548 t
2545 5493 2681 5549 Sede
2720 5494 2786 5548 ad
2833 5493 3109 5549 dexteram
3153 5506 3350 5546 meam.
3383 5507 3404 5539 ι
3449 5486 3527 5543 De

1958 5589 2063 5645 hac
2108 5586 2373 5642 sententia
2403 5585 2645 5658 synodali
2688 5594 2924 5641 tractans
2962 5584 3196 5640 Hilarius
3224 5582 3356 5637 dicit
3383 5580 3527 5638 inter

1957 5687 2150 5736 caetera
2186 5693 2200 5729 τ
2235 5696 2254 5731 ι
2303 5676 2422 5734 Νοιι
2467 5687 2828 5747 eomparatur,
2862 5690 2962 5731 nec
3000 5681 3312 5746 coaequatur
3350 5669 3528 5728 Filius
