3817 6000
71 223 146 284 ibib
390 224 669 282 conbaptsnttttt
689 224 723 280 ΙΝ
743 225 912 283 Parthos,
932 256 969 265 —-
987 225 1079 282 Pras
1096 225 1141 283 tt.
1160 259 1193 266 —
1211 227 1308 284 esst.
1327 228 1383 285 tta.
1625 235 1695 296 ibid

75 338 175 406 Reum,
192 348 220 395 et
233 340 285 394 hoe
295 338 449 410 intelligens
463 340 539 404 colit,
561 339 607 396 hic
618 339 708 395 hatur
734 340 761 393 in
787 339 897 399 lactan
946 337 1048 393 Aliter:
1064 337 1163 392 Brutus
1175 339 1220 409 qui
1238 338 1364 411 intelliqit
1382 352 1609 412 superaptarmet
1629 358 1698 414 puu-

73 445 130 488 auo
141 430 202 486 erit.
214 428 281 485 Nam
297 430 324 484 ia
337 430 380 484 ate
394 428 465 484 mala
491 430 614 485 liberabit
640 448 699 485 enm
720 430 860 485 Doariras.
911 430 1092 500 perear,quia,
1107 429 1171 483 rlnm
1187 431 1214 484 in
1230 430 1352 500 quolibct
1365 446 1416 485 suo
1429 447 1546 501 paupere
1558 430 1698 490 Christum

74 520 110 575 la
121 521 257 589 clientela,
271 523 297 576 in
319 522 364 577 die
378 522 484 577 scilieet
496 523 604 593 judieii,
617 540 678 595 quaa
695 525 776 579 malis
791 524 861 579 mala
912 521 1038 592 intelligit
1058 522 1222 577 esurientem
1242 521 1337 585 cibari,
1363 522 1497 577 sitientem
1523 525 1622 594 potari,
1644 542 1698 582 nu·

72 624 103 669 et
117 614 281 680 amaraerit,
294 613 415 668 liberabit
429 631 488 669 eum
501 614 787 688 Demisistille,qnem
809 618 862 674 Βο-
911 616 976 670 dum
991 615 1094 681 vestiri,
1107 615 1240 685 hospitem
1257 615 1357 688 colligi,
1373 616 1511 671 intirmum
1532 617 1572 672 rel
1588 618 1617 673 in
1637 634 1699 675 ear·

66 707 182 762 ruinam
195 706 336 771 intellexit,
352 721 415 761 eum
430 707 471 761 uel
485 707 513 761 in
530 723 611 764 eruce
629 709 671 764 rel
700 709 726 763 in
748 710 861 781 praesepi
911 720 973 760 ecre
985 704 1101 774 positum
1116 705 1228 766 visitari.
1245 707 1284 761 sic
1298 706 1496 776 pauperibusct
1508 707 1600 779 egenis
1613 724 1698 767 causa

73 812 139 852 eam
155 797 233 868 quasi
248 813 389 867 pauperem
404 799 556 868 conspexit,
568 815 705 871 quemque
726 802 753 855 in
781 803 861 857 altari
911 795 1011 852 Christi
1026 797 1174 864 ministrat,
1189 799 1254 852 utin
1272 799 1337 868 ipsis
1348 799 1437 868 ipsum
1462 797 1601 855 Christum
1617 802 1698 858 intel·

72 889 171 944 videns
185 889 212 943 in
223 890 314 959 specie
323 887 402 960 panis
413 898 441 945 et
452 890 508 944 vini
521 905 619 960 panem
630 891 755 948 visumst
769 908 860 949 veram
910 888 996 958 ligans
1008 896 1036 942 et
1046 888 1159 944 credens
1169 903 1238 960 opus
1253 889 1353 944 honum
1372 904 1440 945 sano
1453 888 1630 948 intellectuat
1644 893 1699 950 tide

72 981 157 1036 vitem
172 980 372 1051 Dominamque
381 981 466 1037 tineae
476 982 681 1052 suaeirrtelleait,
692 984 720 1038 in
731 1000 786 1055 qna
799 999 862 1053 ope-
911 989 1004 1034 saneta
1021 980 1171 1050 gratiosum
1190 981 1372 1049 reddat,dum
1399 981 1501 1038 Christi
1531 984 1697 1055 pauperibus

72 1073 164 1128 rarius
179 1082 307 1144 tanquam
324 1073 457 1131 Dominus
465 1076 602 1143 conducit,
613 1091 684 1146 qnos
693 1078 721 1131 in
734 1077 778 1133 die
790 1077 861 1132 malo
910 1082 1040 1142 tanquam
1059 1074 1110 1143 ipsi
1123 1072 1236 1128 Christo
1249 1082 1403 1128 reverenter
1427 1082 1454 1127 et
1479 1074 1594 1130 libenter
1615 1076 1697 1131 mini·

73 1166 211 1233 liberabit,
231 1166 279 1236 qui
293 1166 405 1222 denario
416 1176 524 1223 aeternae
537 1169 766 1225 remunerationis
789 1169 860 1224 dita-
910 1174 989 1229 strat,
1005 1164 1138 1219 sisebuto
1153 1165 1180 1218 in
1191 1165 1308 1219 infirmis
1322 1166 1452 1221 membris
1466 1166 1539 1221 illius
1551 1168 1634 1237 pedes
1645 1184 1697 1222 un·

72 1258 115 1312 bit
140 1258 210 1326 illos,
236 1259 365 1330 quicum
394 1259 506 1315 diuitem
532 1260 732 1327 intellexerunt,
750 1261 860 1330 qnando
910 1254 949 1323 pit
962 1263 989 1310 el
1001 1253 1106 1324 capillis
1130 1255 1219 1326 tergit,
1246 1257 1383 1311 sivetluttt
1407 1268 1517 1313 saucios
1544 1258 1627 1322 illitis,
1654 1259 1697 1313 vel

72 1347 153 1417 quasi
163 1363 303 1417 pauperem
318 1357 343 1403 et
362 1365 470 1419 eperum
488 1349 516 1404 in
541 1364 623 1405 cruce
648 1360 859 1420 conspexerunt,
912 1346 1002 1415 ipsunt
1018 1364 1066 1418 per
1080 1347 1212 1418 obsequia
1226 1349 1328 1414 diuina,
1343 1350 1456 1420 mystica
1466 1361 1492 1405 ct
1507 1350 1595 1406 bdetta
1610 1351 1698 1406 hono·

72 1447 157 1509 atque
172 1438 218 1495 illo
230 1439 400 1496 conducente
425 1441 451 1496 in
474 1441 553 1496 vinea
568 1441 772 1507 lalmraverunt,
795 1443 860 1513 quia
911 1437 997 1493 rando
1012 1447 1094 1508 eaput
1111 1438 1171 1508 ejus
1194 1436 1332 1508 perfundit
1351 1451 1489 1511 unguento
1509 1442 1639 1510 pretioso.
1666 1437 1696 1496 ltr

72 1530 217 1586 denarium
233 1533 401 1601 promittenti
418 1534 602 1590 crediderunt.
911 1538 1026 1600 utroque
1051 1530 1202 1585 ministerio
1229 1531 1382 1586 intellectus
1405 1532 1493 1587 bonus
1514 1533 1642 1589 omnihus
1656 1532 1697 1588 lu-

108 1621 211 1677 Aliter:
223 1622 510 1695 Beatusqaiiatellipit
523 1635 860 1696 superspauametpaape-
911 1622 1047 1679 eientibus
1059 1638 1133 1678 eum.
1153 1620 1220 1677 Nam
1231 1632 1259 1677 et
1272 1623 1316 1678 ille
1329 1624 1424 1678 heatus
1440 1637 1491 1690 est,
1514 1625 1561 1693 qui
1581 1626 1610 1680 in
1628 1641 1697 1696 pau-

72 1730 139 1768 rem.
160 1712 247 1770 Nimis
257 1731 360 1785 agetius
371 1724 399 1771 et
409 1731 511 1785 pauper
523 1714 574 1770 luit
592 1714 718 1771 Christus
743 1717 772 1771 in
795 1714 862 1773 Pas·
876 1705 898 1760 B
912 1713 1023 1783 peribus
1035 1713 1136 1769 Christi
1149 1714 1231 1784 pedes
1241 1714 1301 1784 ejus
1317 1715 1451 1785 intelligit,
1466 1729 1536 1785 qnos
1555 1731 1604 1786 per
1625 1717 1698 1773 elesa·

71 1806 164 1870 sione,
190 1805 249 1861 suis
276 1821 385 1877 quoque
409 1807 531 1862 restibus
556 1806 595 1862 illi
618 1808 716 1863 ablatis
743 1808 861 1864 nudatus
911 1818 1041 1875 mosynas
1063 1804 1148 1875 ungit.
1165 1804 1257 1860 litille
1286 1814 1327 1859 ter
1342 1816 1492 1876 quaterque
1519 1807 1616 1864 beatus
1643 1818 1695 1878 est,

71 1897 151 1971 (Gen.
169 1915 208 1964 ts,
230 1897 288 1970 bt).
302 1897 379 1956 Tunc
393 1914 476 1954 uerus
488 1897 546 1955 Noe
557 1907 646 1955 rector
666 1915 746 1966 arcae,
760 1909 862 1956 sanctae
911 1896 959 1965 qui
987 1896 1014 1950 in
1029 1896 1107 1950 altari
1119 1895 1259 1951 Christum
1275 1896 1410 1967 intelligit,
1422 1897 1501 1967 cuius
1512 1909 1593 1968 caput
1608 1901 1695 1971 ungit,

71 1988 200 2046 videlicet
210 1988 348 2057 Ecclesiae,
366 1990 541 2045 obdormiens
567 1990 594 2044 in
609 1989 686 2045 rinea
702 2006 752 2045 sua
772 1989 861 2046 nudus
910 1987 958 2059 qui
969 1987 1029 2057 ejus
1050 1987 1219 2043 diuinitatem
1235 1987 1331 2053 credit,
1349 1997 1376 2043 et
1395 1989 1470 2054 colit,
1485 1989 1525 2044 rel
1540 1991 1625 2059 ipsius
1638 1992 1697 2047 cul-

71 2090 247 2153 conspeetus,
263 2082 399 2138 etirrisus
413 2093 455 2138 est
479 2097 494 2136 a
511 2081 597 2137 Charo
624 2079 680 2135 lilio
704 2080 859 2148 maledicto,
910 2088 994 2144 tores,
1010 2079 1282 2137 ministrosrideliect
1293 2092 1403 2136 sanctas
1415 2081 1449 2136 ad
1469 2081 1698 2141 hoesustentatet

71 2173 188 2230 ludaico
212 2174 338 2230 videlieet
362 2174 472 2244 populo.
486 2172 538 2229 Sed
562 2172 653 2227 beatur
677 2181 719 2228 est
742 2173 860 2244 populns
910 2180 1039 2242 procurat
1052 2172 1095 2226 rel
1116 2172 1236 2241 adjurat,
1261 2180 1291 2227 ut
1311 2171 1441 2226 cisracet
1458 2172 1542 2228 libere
1556 2172 1611 2229 Deo
1636 2190 1697 2231 ser-

71 2266 206 2337 pentium,
234 2267 279 2338 qai
301 2267 427 2338 intelliqit
446 2283 525 2336 saper
545 2280 653 2336 apertum
675 2274 699 2318 et
722 2283 861 2337 pauperem
910 2263 968 2319 tire
985 2263 1012 2319 in
1034 2266 1178 2320 sanctitate
1200 2274 1227 2320 et
1246 2263 1351 2334 justitia
1368 2278 1459 2319 coram
1488 2265 1547 2335 ipso
1567 2266 1697 2325 omnibus

74 2358 158 2413 istum
169 2359 283 2426 nudum,
296 2357 376 2428 cujus
390 2360 471 2414 etiam
485 2358 635 2413 nuditatem
654 2359 737 2429 pallio
762 2359 861 2414 decen·
910 2356 1007 2412 diebus
1018 2357 1086 2411 suis.
1103 2355 1265 2426 hujusmodi
1281 2356 1355 2411 enim
1370 2356 1441 2411 sacri
1456 2356 1551 2413 altaris
1566 2359 1695 2427 ministri,

73 2449 188 2506 tissimae
201 2450 353 2507 honestatis
372 2450 470 2521 operit,
486 2449 550 2520 quia
565 2450 689 2507 insacris
702 2450 861 2506 ministeriis
910 2449 1029 2504 maxime
1045 2447 1091 2518 qui
1112 2447 1235 2502 laborant
1263 2447 1290 2501 in
1315 2447 1408 2510 rerba,
1435 2455 1499 2501 sunt
1529 2447 1568 2501 illi
1589 2450 1695 2505 minimi

73 2544 103 2599 in
114 2544 402 2599 commemorationem
412 2541 544 2597 iaciendis
558 2543 633 2599 cultu
646 2558 725 2599 sacro
736 2552 763 2598 et
774 2544 860 2600 saeris
910 2538 1024 2604 Christi,
1035 2538 1069 2593 de
1086 2538 1187 2608 quibus
1206 2537 1264 2607 ipse
1281 2537 1352 2593 diret
1374 2537 1401 2591 in
1416 2537 1460 2591 die
1470 2536 1585 2606 iudicii:
1600 2537 1695 2604 Quar-

71 2636 195 2692 restibus
209 2644 307 2692 ornato
324 2636 400 2691 illurn
417 2635 544 2699 horrorat,
571 2649 604 2689 aa
625 2635 773 2691 nuditatem
801 2635 861 2706 ejus
910 2630 957 2684 dtu
968 2629 1124 2700 fecistiseam
1136 2628 1168 2682 de
1180 2629 1297 2682 ariaimis
1309 2628 1385 2696 meis,
1397 2627 1570 2698 armiferistis
1582 2627 1694 2700 (ttarun

73 2727 429 2798 relatoremplobonorum
448 2725 568 2781 filiorum
596 2723 663 2791 Noe,
692 2726 740 2796 qui
770 2726 861 2796 patris
909 2721 1042 2791 xxv,lll).

72 2820 222 2876 nuditatem
238 2820 392 2891 superjecto
406 2820 489 2890 pallio
513 2827 714 2889 cooperuerunt
738 2815 860 2874 faciebus
944 2814 1043 2869 Beatus
1058 2828 1133 2885 ergo,
1147 2814 1192 2885 qui
1206 2812 1330 2884 iutellipit
1345 2813 1585 2884 superhujusmodi
1596 2831 1695 2885 paupe·

71 2914 186 2968 aversis.
205 2912 239 2968 Et
260 2928 312 2968 nos
323 2912 433 2984 quidem
452 2910 538 2966 iacies
549 2920 683 2967 nostrasa
699 2910 800 2966 scelere
813 2908 861 2965 Ju-
909 2923 964 2960 rem
975 2915 999 2961 et
1010 2923 1128 2978 epatium,
1142 2906 1197 2971 cui,
1215 2907 1261 2977 qui
1278 2906 1372 2962 tribuit
1389 2906 1500 2978 petenti,
1528 2907 1596 2963 bene
1617 2906 1692 2963 lacit.

70 3004 417 3075 dacorumquichristum
443 3004 547 3059 nudum
576 3002 731 3070 irriserunt,
761 3002 857 3057 averti·
911 2999 964 3057 Sed
978 3003 1024 3072 qui
1043 3003 1169 3069 tacentis,
1181 3011 1208 3057 et
1222 3016 1276 3056 non
1295 3002 1411 3071 petentis
1431 2999 1585 3072 intelligens
1596 3017 1695 3058 neces·

71 3111 145 3161 ntus,
161 3112 225 3152 cum
240 3111 333 3150 eorum
347 3096 417 3150 lacta
437 3094 632 3164 improbamus.
644 3094 769 3148 Attamen
781 3092 855 3147 illius
871 3061 892 3118 c
909 3097 1017 3152 sitatem
1048 3105 1226 3165 spontaneam
1258 3095 1296 3149 illi
1328 3094 1438 3149 exhibet
1470 3093 1631 3149 charitatem
1650 3096 1696 3166 ju·
1787 3080 1795 3098 ’

72 3186 223 3242 nuditatem
236 3201 283 3255 per
294 3187 346 3241 hoc
358 3183 480 3240 velamus
492 3194 519 3238 et
532 3183 710 3246 honoramus,
726 3183 799 3252 quod
814 3199 856 3238 sa·
907 3204 976 3243 rans
988 3203 1050 3242 eum
1064 3202 1114 3257 pro
1127 3202 1216 3258 posse,
1229 3187 1378 3256 volensque
1399 3185 1496 3257 jurare
1510 3186 1579 3240 ultra
1603 3202 1693 3256 posse.

72 3287 213 3333 aramenta
230 3276 370 3333 Passionis
383 3276 443 3346 ejus
454 3275 526 3345 apud
540 3284 665 3330 sanctum
691 3274 777 3329 altare
798 3289 856 3330 noa
908 3281 1008 3335 melius
1044 3278 1118 3345 lacit,
1144 3278 1274 3349 quoniam
1310 3277 1386 3332 nullo
1422 3286 1550 3332 moriente
1585 3292 1633 3346 per
1664 3292 1695 3333 se

72 3370 163 3426 solum
179 3367 304 3441 religiose
319 3368 348 3422 itt
362 3375 477 3434 secreto,
489 3367 536 3422 sed
553 3365 702 3421 honorilice
726 3382 758 3421 ac
778 3382 856 3437 pom·
907 3371 1031 3442 intellipit
1042 3368 1605 3442 superepeaumetpauperemthesaurizans
1618 3368 1693 3423 illam

72 3478 138 3534 pose
165 3461 299 3517 interdum
327 3460 496 3517 celebramus
518 3459 713 3515 circumstante
743 3459 854 3529 populo,
907 3465 960 3520 sibi
973 3462 1178 3528 beatitudinem,
1193 3477 1247 3531 qua
1262 3461 1352 3515 beatas
1364 3459 1527 3529 praedicatur
1535 3460 1580 3530 qai
1598 3457 1695 3512 iutelli-

72 3554 256 3625 eonjubilante
275 3557 361 3610 choro
391 3555 419 3609 in
445 3563 543 3610 ornatu
572 3553 689 3610 vestium
715 3568 854 3607 sacrarum
907 3555 944 3625 pit
956 3568 1033 3623 super
1046 3567 1153 3621 eperum
1164 3560 1188 3605 et
1198 3566 1348 3620 pauperem.
1363 3547 1441 3603 llunc
1453 3549 1480 3602 in
1495 3548 1538 3602 die
1550 3547 1623 3602 arula
1636 3547 1691 3601 tto-

72 3647 251 3719 spleudidoct
268 3646 380 3713 mundo,
403 3645 482 3716 cujus
497 3646 579 3700 etiam
608 3645 719 3716 angelus
741 3642 857 3699 delectat
907 3645 994 3698 ariana
1021 3640 1152 3704 liberabit,
1178 3640 1223 3695 cui
1249 3639 1363 3695 lidcliter
1387 3638 1414 3692 in
1442 3638 1500 3693 suis
1526 3636 1695 3707 pauperibus

71 3739 257 3815 pulchritudo,
269 3739 293 3795 si
303 3739 457 3795 extrinseco
474 3738 590 3793 restium
601 3736 692 3792 decori
709 3750 762 3790 uon
786 3750 854 3791 con·
907 3735 1083 3792 aritristrarit.
1107 3732 1188 3788 Prius
1211 3741 1315 3796 autem,
1332 3747 1414 3802 quam
1447 3730 1539 3786 veniat
1567 3730 1613 3785 illa
1632 3730 1692 3785 dies

72 3831 181 3891 tradieit
195 3830 257 3886 vilae
272 3846 304 3886 aa
324 3846 430 3887 morum
450 3830 599 3902 turpitudo.
625 3827 754 3898 Alioquin
783 3827 806 3883 si
826 3834 857 3881 ut
907 3829 978 3883 strala
990 3843 1045 3898 prae
1059 3824 1187 3880 omnibus
1201 3823 1298 3878 diebus
1310 3823 1400 3889 malis,
1416 3837 1489 3877 narro
1503 3821 1530 3875 in
1551 3820 1693 3892 temporali

71 3924 261 3982 ethnicusait:
906 3925 961 3975 rita

176 4014 327 4070 lutrorsam
343 4013 559 4084 turpes,speciasi
580 4011 646 4080 pella
657 4010 751 4065 dacaru
943 4006 1208 4064 tensamentum
1226 4012 1356 4057 conseruet
1378 4018 1446 4069 eum,
1475 4002 1605 4072 quoniam
1632 4001 1692 4057 dies

72 4110 139 4166 loris
150 4119 176 4165 et
190 4125 247 4165 noa
257 4109 331 4164 intus
343 4107 422 4162 nitidi
447 4121 621 4177 apparemus,
637 4103 739 4160 dicitur
758 4102 854 4158 nobis:
907 4100 971 4155 mali
985 4107 1058 4166 sunt,
1074 4098 1101 4152 in
1117 4097 1216 4168 quibus
1227 4094 1383 4150 corrserrari
1395 4109 1464 4165 opus
1478 4095 1558 4148 habet
1574 4093 1692 4166 quisque

78 4203 122 4259 i'oe
135 4203 216 4268 robis,
236 4201 379 4264 Pharisaei,
391 4201 438 4270 qui
457 4198 592 4253 maridatis
607 4213 665 4269 qua
679 4195 777 4265 deseris
795 4203 856 4248 srrrrt
907 4194 934 4247 iu
949 4200 1069 4246 extrema
1084 4191 1127 4245 die
1141 4190 1212 4243 mala
1223 4187 1341 4259 judicari
1358 4187 1444 4242 timet.
1463 4185 1594 4242 Dominus
1609 4187 1693 4259 igitur

72 4296 199 4351 solicitet
217 4293 376 4365 parapsidis,
397 4293 469 4347 intus
482 4301 571 4345 autent
589 4291 660 4362 pleni
685 4290 747 4343 estis
761 4290 855 4358 rapina
905 4291 1037 4339 conseruet
1056 4298 1114 4335 eurr
1139 4281 1185 4352 qui
1203 4280 1284 4335 habet
1313 4280 1385 4333 hunc
1400 4279 1502 4333 honum
1526 4279 1692 4335 intellectum

72 4399 95 4442 et
112 4387 281 4441 immunditia
300 4383 408 4459 (blattis.
421 4399 500 4449 xrrtr,
515 4382 573 4452 25).
592 4381 677 4437 Porro
687 4397 749 4437 cum
760 4380 854 4437 Domi·
869 4406 892 4462 D
905 4392 984 4449 super
994 4382 1132 4446 eqenurrret
1146 4388 1306 4444 pauperem
1330 4385 1365 4426 ne
1380 4370 1450 4425 inter
1463 4368 1533 4424 mala
1551 4370 1643 4424 saculi
1656 4369 1692 4423 ab

72 4495 124 4535 nus
134 4478 221 4534 dieat:
239 4479 366 4533 blandate
380 4479 453 4549 prius
464 4493 523 4548 qua
534 4478 606 4531 intas
617 4487 689 4541 aurat,
707 4486 801 4547 etqua
814 4476 855 4545 so·
908 4470 960 4525 hac
973 4465 1108 4521 intellectu
1124 4464 1243 4528 recedat,
1270 4462 1316 4517 sed
1332 4477 1418 4532 usque
1436 4460 1463 4516 in
1483 4460 1562 4516 linem
1577 4459 1692 4515 firmiter

73 4572 184 4626 absunt
203 4572 301 4626 munda
317 4568 562 4642 erurrrqtttmm
590 4568 854 4639 satisiudicatquod
904 4567 1071 4633 permanebi-
1100 4556 1171 4611 Elin
1191 4557 1242 4610 1¹⁰⁰
1255 4564 1407 4608 manentem
1432 4553 1543 4622 titt‘fictl
1565 4570 1636 4618 eum,
1665 4563 1691 4606 et

73 4663 97 4719 ei
110 4663 243 4718 forinseca
256 4663 373 4718 restium
400 4671 427 4717 et
440 4660 555 4716 calicum
569 4661 657 4729 placet
672 4660 816 4726 munditia,
832 4659 855 4715 si
905 4653 1010 4708 beatum
1024 4652 1108 4721 [aciat
1121 4666 1181 4703 eura
1201 4649 1324 4702 interra.
1348 4645 1464 4715 Virifieet
1489 4661 1538 4716 per
1557 4645 1636 4701 iidem
1663 4655 1691 4700 et

74 4755 240 4825 praecesserit
264 4754 479 4811 ministrantium
509 4752 613 4824 puritas
641 4751 803 4818 irrtrirrseca;
829 4760 856 4807 et
902 4746 1048 4817 justitiam,
1067 4750 1097 4796 ut
1118 4742 1176 4810 ipse
1194 4740 1286 4810 justus
1313 4753 1346 4793 er
1361 4736 1508 4804 ildeuirat,
1524 4746 1552 4792 et
1574 4748 1689 4793 mortem

75 4856 137 4903 tunc
151 4848 276 4902 detenter
291 4846 320 4901 in
335 4847 432 4902 vestitu
454 4850 585 4901 deaurato
607 4843 649 4899 tel
670 4843 754 4899 nitido
776 4843 855 4898 altari
905 4837 1003 4892 animae
1018 4846 1157 4902 nunquam
1176 4828 1289 4884 incidat.
1307 4826 1423 4898 Viuificet
1443 4842 1552 4898 quoque
1573 4827 1690 4882 illumin

73 4938 237 5006 assistimus,
257 4954 319 4994 cum
335 4939 405 4994 sicut
419 4936 516 4994 Petrus
541 4936 680 5007 apostolus
706 4935 761 4990 ait:
775 4933 855 4989 Fides
905 4924 1104 4983 resurrectione
1127 4937 1189 4977 cum
1211 4919 1444 4991 suispauperihus
1472 4919 1689 4991 glorillcandum,

73 5042 163 5090 aratra
177 5030 408 5101 multopretiasiar
421 5046 499 5096 auro,
517 5029 641 5100 quodper
652 5028 736 5098 ipnear
757 5026 853 5096 proba·
904 5020 1005 5091 quibus
1020 5014 1193 5073 ministrarit.
1206 5013 1240 5068 Et
1258 5012 1363 5067 beatum
1379 5011 1462 5082 saciat
1475 5027 1535 5065 enm
1561 5028 1615 5065 non
1641 5025 1689 5065 so-

74 5133 127 5191 lttr,
146 5124 277 5180 irruatitur
293 5125 320 5177 ia
339 5123 444 5178 laudem
454 5133 479 5177 et
492 5123 606 5194 pluriam
620 5119 729 5186 Christi,
741 5119 769 5171 ia
779 5134 855 5189 quem
904 5112 960 5166 lum
975 5120 1040 5165 tunc
1051 5106 1214 5164 aeterrraliter
1226 5106 1342 5172 incoelo,
1360 5104 1504 5160 sedetiam
1522 5119 1594 5158 nunc
1617 5115 1689 5158 tem-

74 5232 141 5273 ttttua
155 5232 207 5270 aon
225 5214 340 5269 maeatas
361 5212 502 5281 credimus,
527 5212 641 5267 uidentes
661 5219 749 5263 autera
766 5207 855 5263 errul—
904 5202 1033 5275 paraliter
1047 5201 1075 5253 ta
1090 5209 1170 5265 terra,
1185 5206 1214 5252 nt
1225 5199 1302 5253 beata
1320 5196 1374 5250 rita
1384 5196 1445 5266 eius
1459 5197 1487 5248 irt
1501 5204 1571 5248 terra
1587 5193 1690 5247 beatio·

75 5309 186 5364 labimus
202 5308 298 5364 latitia
317 5305 500 5372 inenarrabili,
522 5312 683 5376 reportantes
699 5302 777 5370 piarem
792 5299 854 5369 fidei
904 5296 942 5350 ris
954 5295 1015 5348 ritae
1029 5293 1056 5346 in
1072 5291 1141 5345 ereio
1154 5290 1189 5343 sit
1199 5290 1308 5360 praevia,
1319 5298 1346 5343 et
1360 5284 1563 5358 praeparatoria,
1577 5292 1603 5338 el
1614 5283 1690 5339 salus

74 5411 179 5467 nostra,
193 5400 305 5454 salutem
319 5401 467 5455 animarum
490 5408 642 5452 nostrarum
653 5393 680 5467 (l
694 5393 765 5447 Patr.
779 5408 799 5456 r,
816 5391 852 5460 t),
905 5384 1061 5456 temporalis
1074 5383 1180 5437 interra
1193 5380 1288 5435 salutis
1300 5389 1408 5434 aeternae
1430 5378 1466 5432 sit
1495 5377 1686 5447 praecursoria.

75 5494 237 5551 beatitudine
254 5493 299 5549 illa
314 5493 343 5549 in
365 5492 445 5549 nobis
468 5490 611 5561 completa,
638 5489 672 5543 de
698 5502 752 5559 qua
782 5500 855 5540 nunc
908 5478 953 5534 Vel
972 5479 1074 5533 beatam
1097 5476 1179 5545 taeter
1193 5489 1252 5527 eum
1275 5474 1303 5527 in
1317 5473 1555 5536 terrarirentium
1581 5470 1615 5525 de
1634 5486 1689 5541 qna

75 5585 186 5643 dieitur:
203 5587 300 5642 Beatus
318 5587 364 5657 qni
387 5584 599 5654 intellipitsaper
611 5598 717 5653 eperunt
739 5589 764 5634 et
785 5593 854 5639 pau·
904 5574 1019 5629 dicitur:
1034 5572 1110 5628 Beati
1125 5571 1211 5637 mites,
1224 5568 1347 5638 qrrarriam
1367 5566 1419 5636 ipsi
1439 5564 1606 5635 possidebam
1636 5575 1690 5622 lav

75 5695 165 5752 peram
905 5684 973 5723 ram.
