3817 6000
96 195 166 255 teat
398 196 677 255 coattearaatbtt
696 198 730 254 ΙΝ
749 200 919 258 esatatos.
938 233 975 245 -
990 203 1081 259 PARS
1098 204 1143 260 tl.
1164 233 1199 246 -
1211 203 1310 261 eset.
1330 205 1400 262 aut.
1653 210 1722 267 ttae

93 308 157 364 tatis
180 309 263 380 regali
284 313 477 377 ntuuiliceutia,
499 315 654 385 pariterque
674 315 778 371 securis
800 319 882 389 regali
897 329 920 385 Α
934 319 998 385 disi,
1013 319 1217 375 tirucnsiacienr
1232 319 1279 374 liei
1289 321 1300 375 l
1312 319 1423 386 Quando
1438 322 1581 386 oneratamet
1592 324 1722 392 apparebo

94 400 177 455 tutela
207 410 355 471 cri-purgata
379 404 441 458 inde
457 412 512 458 tota
538 407 627 460 scoria
654 423 702 477 per
714 408 883 465 antichristi
935 423 996 466 carta
1009 412 1104 481 saucient
1119 412 1187 467 bei?
1203 413 1274 469 [leus
1297 430 1375 471 uncus
1394 415 1439 469 lux
1456 426 1498 470 est
1511 431 1585 481 uera,
1601 426 1629 471 et
1646 427 1722 473 teac-

81 480 342 582 *reguuma‘oailatm
354 509 386 547 nr
399 494 720 554 altrarlicaturEcclcsiae
730 519 736 553 ι
746 496 883 570 arpanaa'n
934 504 990 559 brae
1002 505 1029 559 iu
1040 521 1073 561 eo
1084 521 1138 561 non
1154 518 1217 562 suut
1232 508 1302 563 ulln.
1320 508 1377 578 Ego
1394 520 1484 563 autem
1507 518 1642 579 vetustate
1656 511 1723 565 cali-

95 594 170 638 tuum
183 600 283 638 ceream
294 594 331 638 cst
346 586 372 638 in
388 587 503 640 scoriam
519 587 588 657 (lan.
605 606 624 655 r,
636 589 693 659 ab),
706 591 752 645 scd
776 594 811 646 sit
830 589 883 646 Ec·
932 613 1026 667 pesas,
1042 608 1068 654 οι
1080 599 1242 670 lippitudine
1261 603 1364 671 peccati
1385 605 1494 659 saucios
1509 604 1614 660 babens
1629 608 1723 662 oculos

94 675 188 743 clesiae
203 687 257 731 tarn
276 685 418 747 argentum
443 693 525 749 quam
538 695 635 735 aurum
649 681 837 751 purissimum,
857 682 883 737 id
934 688 1024 743 adbuc
1047 690 1130 746 timeo
1154 692 1257 758 lumen,
1284 695 1414 763 quoniam
1431 696 1477 765 qui
1501 696 1573 752 male
1588 697 1645 765 agit
1666 698 1724 753 odit

92 774 135 822 est
148 782 261 837 regnum
272 764 550 837 christianissimum,
561 772 660 826 cttlrus
672 772 882 839 lucidissimum,
933 778 1037 833 lumen.
1053 777 1130 836 Unde
1145 791 1172 837 et
1183 797 1234 852 ego
1246 782 1322 854 fugio
1333 784 1427 840 lumen
1442 786 1532 841 adlruc
1554 786 1626 842 [ilius
1646 797 1723 844 tene·

92 858 120 914 id
148 867 191 915 est
214 860 395 915 sacerdotium
412 862 634 931 raundissimum,
656 865 703 929 ita,
716 875 747 920 ut
766 866 793 920 in
815 882 883 923 auro
933 871 1046 926 brarum
1061 879 1089 927 et
1099 872 1197 939 noctis,
1213 875 1293 943 quasi
1307 875 1464 945 uespertilio
1480 877 1595 933 libenter
1605 878 1723 936 volitans

92 951 253 1006 ostendatur
268 951 350 1023 Regis
363 968 457 1025 regum
481 956 612 1024 potentia,
640 957 666 1010 iu
691 957 771 1013 thure
792 975 883 1013 sacer·
934 962 961 1017 in
984 964 1103 1019 obscuro
1127 965 1303 1021 conscientiae
1326 966 1405 1022 malae
1427 968 1537 1039 angulo.
1570 968 1623 1025 Sed
1652 968 1724 1027 [leus

92 1040 344 1114 dotum-pontiacis
364 1045 575 1116 magnificentia,
597 1057 624 1102 ct
649 1049 675 1102 irr
701 1050 812 1121 myrrha
829 1049 883 1105 Do-

93 1137 195 1192 minica
210 1139 361 1208 sepultura,
377 1141 535 1210 consepulta
551 1142 680 1198 niarirum
695 1144 812 1200 Douriuo
831 1163 882 1202 suo

90 1227 165 1284 iuter
183 1240 308 1286 mortuos
329 1231 415 1286 libero
429 1240 483 1286 tota
496 1231 629 1300 Ecclesia,
647 1236 682 1290 ita
702 1237 835 1304 vilelicet,
852 1224 882 1293 ut

933 1070 1011 1110 meus
1023 1054 1134 1122 quaudo
1147 1065 1227 1110 erunt
1242 1056 1308 1112 milri
1321 1057 1392 1113 oculi
1405 1059 1476 1126 sani,
1496 1060 1569 1116 oculi
1596 1062 1722 1131 aquilini,

932 1162 996 1202 cum
1023 1148 1124 1219 quibus
1149 1147 1344 1205 delectabiliter
1369 1168 1512 1221 appaream
1541 1162 1603 1207 arrte
1630 1154 1724 1222 sacient

933 1239 983 1294 Dei
1005 1240 1070 1306 mei,
1090 1240 1157 1295 solis
1179 1240 1285 1306 aeterrri,
1309 1251 1336 1296 et
1348 1241 1461 1298 luminis
1482 1244 1723 1315 incircumscripti,

91 1319 164 1374 sicut
186 1320 246 1389 ejus
270 1336 371 1391 corpus
386 1323 500 1377 liberum
517 1323 567 1378 iuit
583 1340 598 1378 a
620 1325 795 1396 corruptione
816 1342 882 1382 con·
933 1342 963 1387 ut
979 1331 1023 1386 ilie
1034 1332 1080 1403 qui
1094 1348 1208 1388 securus
1230 1333 1427 1390 ueniebataate
1442 1336 1537 1406 tactam
1550 1337 1722 1393 Deidiceus:

86 1412 179 1465 ditum
204 1410 325 1482 myrrha,
349 1422 375 1468 et
393 1423 559 1484 praeventum
584 1417 665 1472 celeri
679 1417 880 1472 uiuiticatione:
932 1422 1021 1494 Cupio
1042 1424 1151 1479 dissolri
1167 1434 1193 1479 et
1214 1442 1269 1481 ease
1288 1443 1349 1480 cunr
1365 1426 1489 1483 Christo?
1506 1428 1617 1499 (Pbilip.
1631 1445 1650 1495 r,
1665 1429 1724 1495 25.)

90 1501 132 1558 sic
154 1510 210 1556 tota
234 1502 356 1558 Ecclesia
370 1519 417 1573 per
432 1505 572 1575 myrrham
589 1506 789 1563 continentiae
809 1508 882 1564 uitiis
933 1515 1019 1572 l'etus
1035 1516 1118 1571 bomo
1134 1516 1213 1587 fugit,
1234 1526 1261 1573 et
1276 1518 1420 1575 abscondit
1435 1534 1464 1576 se
1481 1535 1496 1575 a
1518 1520 1588 1577 secie
1610 1521 1668 1588 lici,
1691 1535 1725 1577 co

89 1595 235 1666 castigata,
259 1604 284 1651 ci
306 1596 451 1652 virtutibus
466 1598 611 1665 uiuificata,
628 1599 663 1654 sil
677 1616 692 1654 a
705 1600 882 1672 corruptione
934 1609 1008 1679 quod
1024 1609 1115 1664 nudus
1129 1620 1212 1665 esset,
1228 1608 1369 1680 ananda
1383 1626 1432 1666 ero
1452 1612 1492 1667 sic
1516 1613 1632 1668 uestitus
1651 1620 1727 1670 reste

94 1700 128 1739 ae
141 1682 238 1740 laetare
254 1695 426 1756 peccatorum
442 1689 536 1755 libera,
548 1691 630 1745 etiam
645 1691 795 1747 nunciutcr
808 1706 882 1747 mor·
898 1687 918 1741 Β
933 1699 1060 1768 rrtrptiali,
1078 1707 1107 1753 ut
1124 1699 1276 1756 nuditatem
1292 1716 1382 1757 meam
1404 1717 1458 1757 non
1476 1702 1639 1758 erubescens
1658 1717 1726 1758 con·

89 1782 147 1840 butt,
165 1775 273 1844 putrida
287 1786 313 1831 ei
328 1775 448 1832 boelelllia
467 1778 554 1848 ipsius
568 1780 730 1837 Atilichlbsli
747 1782 880 1849 membra,
933 1790 1047 1846 fidenter
1061 1793 1163 1847 penitam
1182 1802 1206 1848 et
1227 1810 1370 1864 appaream
1391 1806 1453 1850 atate
1467 1795 1562 1865 [actem
1577 1794 1644 1850 Dei?
1657 1795 1725 1852 Cain

88 1864 307 1935 quelibDOlllbllblb
325 1864 404 1922 besua
426 1871 565 1943 t'ttlet'fict'el
588 1872 684 1943 spirito
700 1874 759 1935 ,Obbb
777 1874 818 1929 sttt'
838 1872 882 1945 (Η
932 1885 1206 1955 quoquefpalpicida'
1229 1902 1357 1957 egressus
1380 1887 1482 1943 abaci&
1504 1887 1624 1954 Domini,
1640 1904 1725 1959 pagus

90 1955 182 2013 Tlrcae.
194 1958 272 2028 rr,8),
283 1976 336 2015 non
349 1972 463 2017 uror-tem
478 1962 686 2031 inserendasat
699 1975 882 2031 mortuumet
932 1984 959 2029 et
971 1974 1104 2047 profugus
1121 1975 1173 2030 suit
1192 1977 1219 2031 in
1236 1984 1319 2042 terra,
1334 1991 1387 2032 uec
1400 1986 1442 2032 est
1458 1991 1586 2031 resersus
1600 1985 1663 2032 ante
1684 1976 1726 2031 la-

88 2066 178 2105 arcra
188 2052 243 2106 rita
253 2053 361 2121 penitus
373 2054 491 2109 alienum
505 2056 579 2110 illum
591 2056 771 2125 ostendendo,
781 2074 812 2112 ac
822 2068 881 2113 tan-

87 2144 150 2198 dem
163 2143 310 2215 injudicio
322 2160 373 2200 suo
388 2147 560 2217 sempiternae
570 2164 713 2218 pennarum
726 2164 788 2205 curn
800 2148 880 2204 morti

87 2237 231 2291 tradendo.
255 2237 293 2297 Do
310 2238 356 2293 illo
375 2239 564 2309 scriptumest
583 2260 590 2295 :
612 2240 722 2296 Faciem
738 2241 795 2311 ejus
812 2258 882 2314 prte-

87 2331 160 2385 cedet
180 2339 281 2403 eqestoa
298 2330 370 2401 (bob.
386 2348 441 2399 xer,
456 2332 500 2404 lb)
519 2352 526 2387 ε
547 2334 676 2403 quoniam
693 2349 800 2405 semper
816 2350 879 2389 ara-

86 2434 137 2479 rus
147 2430 217 2494 eget,
232 2424 343 2495 qualem
358 2423 432 2478 illum
456 2423 514 2481 iore
535 2441 589 2481 non
611 2426 780 2494 dubitamus,
802 2427 881 2498 cujus

86 2513 116 2568 iu
134 2522 255 2585 ternpore
267 2515 394 2585 qnoniam
409 2514 553 2571 abundabit
573 2517 712 2588 iniquitas,
730 2517 879 2589 resripcscct

87 2605 205 2660 ebaritas
218 2604 363 2660 mollerone
377 2604 486 2677 (blattb.
501 2623 576 2675 aare,
592 2607 644 2677 ta).
660 2608 790 2674 Quanam
813 2625 880 2681 rogo

86 2707 130 2754 est
153 2697 198 2752 illa
222 2697 365 2769 iniquitas,
392 2712 441 2768 per
467 2715 550 2769 quam
575 2698 734 2771 refrigescat
758 2699 880 2756 ebaritas

87 2806 142 2844 nort
159 2805 285 2861 quaerens
300 2806 361 2860 quae
383 2806 433 2848 sua
453 2799 526 2857 suut,
549 2790 602 2845 nisi
616 2791 730 2846 avaritia
753 2806 879 2862 quaereus

84 2894 148 2952 quae
163 2894 213 2936 sua
241 2882 325 2939 suut?
347 2879 404 2939 blac
427 2883 680 2956 igiturabundaute
694 2892 758 2940 ante
780 2880 877 2939 faciem

932 2071 1001 2123 ciem
1028 2068 1138 2123 Domini
1161 2069 1214 2124 sibi
1237 2069 1399 2139 placandam
1422 2084 1470 2138 per
1486 2084 1577 2123 reram
1591 2068 1726 2137 preniten-

931 2162 1117 2231 tiam,qua1u
1143 2176 1193 2218 nec
1216 2176 1297 2233 agere
1321 2162 1417 2227 voluit,
1432 2160 1501 2231 'quia
1526 2158 1726 2230 desperationis

931 2254 1031 2324 abysso
1056 2253 1203 2308 immersus
1226 2254 1323 2322 [aciem
1351 2253 1400 2308 Dei
1432 2269 1486 2308 uon
1511 2252 1646 2321 quaesirit.
1668 2250 1725 2323 Ego

930 2353 1022 2400 autem
1039 2343 1102 2398 iicct
1114 2344 1217 2414 peccati
1231 2345 1299 2399 milri
1312 2345 1440 2401 conscius
1452 2354 1481 2400 ut
1495 2344 1550 2409 ille,
1565 2353 1725 2401 tamennon

930 2434 1080 2505 desperans
1093 2434 1199 2490 reniam
1213 2442 1244 2489 ut
1257 2435 1312 2491 ille.
1327 2434 1391 2492 Scio
1403 2437 1475 2507 quod
1489 2435 1606 2507 abyssus
1621 2435 1726 2505 peccati

930 2527 1059 2599 abyssum
1073 2527 1167 2599 gratiae
1177 2527 1296 2595 invocat,
1309 2539 1339 2585 ut
1353 2529 1399 2584 ubi
1412 2528 1560 2585 abuntarit
1569 2536 1724 2599 peccatum,

930 2619 1134 2677 suberabundet
1153 2621 1250 2692 gratia.
1277 2619 1356 2678 Unde
1379 2630 1441 2693 post
1467 2637 1594 2693 magnam
1620 2619 1725 2691 peccati

931 2712 1126 2769 abundantiam
1151 2729 1264 2783 sperans
1290 2713 1475 2769 abundantem
1505 2713 1644 2785 gratiam,
1668 2726 1725 2769 nou

929 2805 1010 2861 dico:
1030 2804 1118 2875 biay'or
1134 2815 1173 2860 eet
1188 2805 1315 2876 iniqnitas
1328 2821 1396 2873 ntea,
1411 2822 1490 2877 quarn
1506 2814 1534 2858 tet
1550 2805 1652 2859 ueniam
1668 2820 1724 2859 nte-

929 2895 1201 2968 rearlcert.rv,15l,
1232 2897 1279 2953 sed
1300 2897 1380 2955 dico:
1406 2898 1519 2964 Quando
1548 2897 1651 2951 ueniam
1675 2910 1724 2965 per

86 2960 246 3029 brrticbristi
263 2972 397 3043 praecedet
416 2981 533 3048 egestas,
550 2974 680 3045 quoniam
698 2988 798 3030 avarus
814 2973 877 3044 quiu
904 3006 1022 3052 ,peram
1048 2989 1248 3062 poeppenpam,
1274 2997 1300 3045 ey
1321 2989 1451 3059 apparato
1476 2999 1537 3044 ame
1557 2987 1653 3058 [actem
1675 2985 1725 3042 pet

87 3061 152 3117 liltet
166 3063 337 3120 Antichristo
348 3065 469 3120 militans
482 3065 547 3120 dum
560 3067 656 3136 quaerit
667 3082 727 3137 quae
738 3082 788 3121 sua
801 3075 875 3134 suut,

86 3164 190 3225 quanto
211 3155 245 3210 de
258 3155 302 3210 die
315 3155 343 3210 in
356 3156 428 3211 diem
451 3173 481 3212 se
501 3158 562 3227 ipso
579 3157 672 3225 ditior,
697 3166 772 3212 tauto
794 3158 876 3212 etiam

86 3261 116 3301 se
135 3247 195 3318 ipso
219 3246 249 3302 fit
272 3247 389 3314 auarior,
413 3256 444 3302 ut
469 3263 578 3319 semper
609 3256 672 3303 auto
698 3248 795 3303 faciem
816 3249 876 3319 ejus

85 3338 220 3408 praecedat
244 3348 373 3409 egestas,
397 3355 446 3410 per
479 3355 562 3410 quam
595 3339 754 3411 refrigescet
783 3341 876 3397 cbari-

85 3440 128 3487 tas
159 3431 332 3500 multorum,
359 3431 458 3487 facicm
490 3431 576 3502 hujus
602 3432 678 3487 avari
711 3432 876 3487 anteceden-

85 3526 175 3592 tium,
206 3541 301 3582 revera
335 3525 445 3597 quidem
472 3526 627 3597 egentium,
654 3526 701 3583 scd
725 3540 774 3580 sua
803 3526 875 3581 nesti-

83 3619 205 3675 matioue
229 3634 262 3674 ae
289 3619 427 3690 superbia,
447 3619 545 3690 spiritu
563 3634 671 3689 semper
689 3629 716 3675 οι
738 3619 873 3675 interdum

87 3710 171 3766 rebus
185 3709 311 3765 diuitum.
326 3709 386 3778 Quo
407 3719 502 3766 contra
525 3708 622 3766 facicm
645 3708 693 3765 Dei
718 3707 798 3766 iortis
821 3710 875 3765 viri

84 3804 223 3875 processio
243 3812 402 3859 satiatorum
429 3801 579 3882 antecedis·
598 3803 626 3858 in
647 3819 766 3873 quarunt
787 3802 876 3858 sroute

84 3898 152 3953 beati
172 3914 299 3968 pauperes
329 3898 425 3967 spiritu
454 3896 570 3970 (blattb.
598 3912 631 3964 v,
657 3899 691 3967 b)
717 3905 874 3966 ponuntur,

83 4006 152 4060 quos
176 3990 273 4061 reliqui
296 3990 439 4047 beatorum
469 3990 580 4045 ordines
611 3990 791 4045 courtinuatim
810 3989 876 4046 sub-

84 4092 247 4154 sequuntur,
278 4084 350 4139 iuter
376 4100 448 4154 quos
472 4083 533 4139 loco
559 4092 638 4138 sesto
650 4093 791 4153 ponuntur
806 4082 874 4138 beuti

84 4173 180 4225 utarrdo
199 4173 288 4242 corde,
302 4175 428 4244 quantiam
440 4176 492 4245 ipsi
504 4174 589 4230 Dertnt
608 4174 729 4230 uidebant
754 4174 830 4246 (ibid.
845 4174 873 4245 8)

83 4294 116 4304 -
131 4265 270 4336 anartdo
283 4267 397 4336 vertiam,
409 4278 433 4323 ct
448 4268 578 4338 apparebo
603 4279 665 4344 ariete
686 4269 782 4339 [acient
808 4267 876 4322 Dei?

928 3083 1065 3154 accipiens
1090 3099 1183 3138 veram
1211 3081 1427 3154 indulgentiam?
1450 3080 1513 3136 Seio
1535 3080 1609 3151 quod
1635 3079 1724 3135 sancti

927 3177 1055 3231 uenientes
1063 3177 1163 3232 teneret
1174 3190 1234 3230 aaut
1241 3174 1419 3230 exsultatione
1426 3184 1562 3243 portantes
1574 3172 1724 3242 ntanipulea

927 3284 988 3322 atros
1006 3276 1070 3323 ante
1082 3266 1179 3324 faciem
1196 3265 1255 3332 Dei,
1267 3267 1314 3324 sed
1328 3266 1405 3336 prius
1417 3273 1469 3333 est,
1486 3273 1517 3320 ut
1532 3273 1629 3320 eurroes
1648 3271 1722 3329 aaut,

927 3368 954 3415 et
969 3359 1050 3414 ileum
1063 3360 1195 3413 ruittcutes
1210 3359 1311 3413 teratino
1324 3375 1375 3413 aaa
1392 3357 1480 3427 (Paul.
1494 3373 1575 3425 cxxv,
1589 3357 1628 3427 6).
1647 3354 1723 3410 Prae·

927 3451 1029 3510 cetluut
1048 3466 1113 3522 ergo
1128 3449 1232 3506 semina
1254 3450 1454 3521 lacrymarum:
1472 3456 1625 3518 sequuntur
1637 3447 1724 3502 naui·

926 3544 984 3614 puli
997 3543 1158 3614 gaudiorum
1172 3543 1299 3613 portatrdi
1315 3553 1377 3596 arcte
1391 3541 1486 3612 sacient
1498 3540 1558 3595 Dei.
1573 3539 1661 3611 Hujus
1676 3554 1723 3594 or-

927 3634 1000 3689 dinis
1010 3643 1037 3689 et
1050 3649 1100 3704 ego
1111 3649 1216 3688 memor
1226 3633 1283 3702 jana
1298 3633 1359 3689 licui
1372 3632 1494 3698 assidue,
1507 3632 1564 3704 jam
1589 3630 1722 3687 seminati

926 3723 1092 3796 lacrymans,
1111 3739 1159 3793 per
1181 3724 1255 3793 ipsas
1280 3723 1415 3795 lacrymas
1437 3738 1533 3792 agrum
1554 3721 1645 3778 cordis
1668 3722 1722 3776 mei

927 3815 1030 3886 riguus.
1043 3814 1142 3869 Parum
1155 3823 1196 3869 cst
1212 3814 1285 3884 quod
1297 3815 1431 3886 lacryruas
1447 3814 1591 3882 seminari,
1604 3813 1651 3883 qui
1666 3803 1722 3868 r'rrrn

927 3907 1016 3963 solum
1029 3915 1121 3977 potunt
1134 3921 1225 3960 anteum
1244 3921 1306 3960 curn
1323 3905 1386 3960 iletu
1401 3905 1560 3974 temperari,
1575 3903 1719 3959 sedetiam

927 3997 1062 4068 lacrymas
1087 3995 1167 4065 quasi
1203 4009 1301 4065 paueur
1331 3994 1519 4049 delectabilem
1547 3993 1719 4049 trzattdutati.

928 4087 1001 4140 rl'nnt

963 4179 1044 4235 Vens.
1067 4180 1094 4234 b.
1111 4178 1232 4234 Fuerunt
1247 4178 1310 4232 turibi
1323 4179 1449 4249 lacrpuroe
1463 4194 1527 4233 mea
1537 4194 1617 4247 panes
1632 4178 1674 4232 die
1687 4193 1719 4231 aa

926 4283 1011 4341 tracte,
1026 4272 1092 4327 dum
1104 4272 1132 4326 in
1142 4270 1271 4341 lacrymis
1283 4271 1352 4327 meis
1364 4279 1423 4325 crat
1439 4271 1506 4326 mibi
1523 4269 1649 4338 reiectio,
1665 4286 1720 4328 uon

84 4355 193 4424 qnando
209 4357 317 4412 reniam
336 4374 382 4428 per·
395 4359 496 4430 gradus
512 4348 711 4416 beatitudinum
734 4375 822 4429 usque
838 4358 873 4414 ad
888 4369 910 4428 ο
924 4366 1077 4422 amaritudo
1088 4364 1130 4420 uel
1150 4363 1275 4430 deiectio,
1288 4363 1360 4419 sicut
1387 4363 1492 4417 bomini
1513 4361 1682 4431 Christiano,
1694 4372 1721 4418 et

86 4447 159 4501 illum
172 4457 284 4517 statum,
304 4450 332 4510 iu
350 4467 405 4522 quo
422 4451 492 4508 inter
504 4452 599 4509 beatos
614 4452 718 4510 mundo
737 4452 820 4508 corde
834 4452 874 4505 ui-

84 4537 160 4594 deam
177 4538 282 4595 Deum?

117 4630 221 4685 Aliter:
239 4631 351 4697 Quando
375 4636 488 4702 verriana,
509 4646 533 4689 et
550 4634 680 4705 apparebo
704 4642 764 4687 ante
779 4633 873 4703 [aciem

83 4722 154 4780 Dei?
166 4722 192 4778 id
208 4735 250 4781 cst
264 4726 374 4795 quaudo
399 4727 465 4781 milri
482 4728 522 4783 sie
544 4726 686 4797 apparebit
707 4725 791 4782 iacies
814 4724 861 4780 Dei

84 4826 112 4872 ut
125 4807 218 4890 elego
238 4814 353 4875 libenter
364 4836 510 4893 appaream
529 4822 573 4877 eii
586 4821 701 4889 Quando
717 4837 766 4876 ero
782 4829 873 4875 certos

82 4924 142 4967 esse
167 4926 211 4966 ure
232 4912 265 4966 de
289 4929 405 4968 annuero
427 4915 535 4970 illorum
551 4914 651 4985 quibus
674 4912 872 4982 dixitllposto·

84 5001 151 5058 lus:
179 4999 247 5057 Corn
270 5005 479 5060 errinrb'brietua
503 5006 667 5076 apparuerit,
694 5006 749 5064 cita
776 5014 871 5069 cestro,

84 5102 144 5149 torro
156 5105 181 5149 et
203 5111 247 5150 aas
261 5096 422 5166 apparebitis
438 5116 498 5156 coru
510 5099 615 5155 Clariae
636 5099 663 5154 in
683 5097 789 5170 plocio?
800 5095 870 5164 (Cal.

84 5203 123 5253 tri,
134 5186 174 5256 l.)
188 5186 300 5253 Quarrdo
316 5203 414 5245 cauam
428 5199 513 5247 tottam
526 5202 644 5247 ueterem
657 5190 793 5245 homiuem
809 5205 871 5245 crim

84 5278 188 5334 actibus
202 5281 271 5347 suis,
285 5297 349 5336 cunr
363 5285 481 5340 cervinis
493 5285 633 5350 attactibus,
647 5295 673 5340 ct
688 5283 751 5354 pilis
761 5283 794 5337 dc
809 5298 872 5354 pec·

84 5371 134 5424 cati
156 5379 290 5428 vetustate
307 5374 422 5428 nimium
438 5376 680 5432 excrescentibus?
696 5375 809 5441 Quando
832 5375 871 5430 sic

84 5463 286 5534 rejrtrcrrcscaur
301 5482 399 5522 ceruus
413 5467 568 5535 incatenatus,
594 5470 723 5524 cornibus
744 5468 870 5524 clationis

83 5555 257 5612 elvitiorum
280 5558 343 5629 pilis
366 5559 489 5628 dejectis,
507 5571 535 5616 ut
549 5577 603 5616 noa
629 5561 731 5632 lugiunt
755 5561 797 5615 vel
822 5560 870 5614 ab·

83 5649 211 5710 secundam
227 5667 271 5710 tue
292 5669 355 5710 carru
371 5663 460 5711 uetere
484 5654 594 5711 lrorninc
612 5654 682 5739 itrtcr
704 5655 776 5727 ligna
789 5667 869 5737 para.-

925 4474 990 4514 sero
1003 4457 1069 4514 Care
1082 4457 1147 4511 lilio.
1160 4457 1212 4524 Qui
1225 4457 1299 4514 enim
1311 4455 1373 4511 talis
1385 4463 1438 4523 est,
1453 4454 1647 4511 afflictionibus
1657 4471 1722 4510 eru·

924 4548 1008 4616 alitur,
1025 4548 1152 4619 lacrymis
1167 4547 1299 4617 pascitur,
1318 4545 1475 4618 opprobriis
1502 4545 1679 4613 exercitatur,
1694 4557 1722 4602 et

923 4641 999 4696 luctu
1012 4656 1063 4696 suo
1087 4641 1179 4694 anima
1204 4641 1338 4710 pascitur,
1354 4640 1463 4694 eumad
1479 4652 1597 4707 superna
1621 4637 1720 4708 gaudia

923 4734 1013 4789 flendo
1028 4734 1196 4799 sublevatur,
1215 4748 1277 4802 quae
1290 4731 1363 4786 intus
1375 4729 1484 4800 quidem
1499 4728 1603 4784 doloris
1617 4728 1660 4785 sui
1673 4746 1720 4800 ge-

924 4828 1021 4882 mitum
1034 4827 1140 4891 tolerat,
1154 4825 1200 4879 scd
1225 4839 1257 4879 co
1286 4820 1444 4876 reiectionis
1469 4821 1568 4891 pabulo
1586 4821 1718 4891 pascitur,

923 4933 979 4989 quo
994 4917 1038 4972 lric
1053 4917 1094 4970 ris
1106 4913 1208 4969 amoris
1221 4929 1270 4983 per
1285 4912 1420 4984 lacrymas
1434 4920 1554 4966 emanat.
1568 4910 1614 4965 Sic
1625 4918 1653 4965 et
1667 4925 1720 4980 ego

924 5008 1052 5079 lacrymis
1068 5005 1136 5061 meis
1165 5002 1244 5074 quasi
1272 5018 1343 5072 panc
1370 5002 1477 5058 reficior
1494 5002 1537 5055 dic
1548 5017 1579 5054 ac
1589 5007 1673 5066 renate,
1692 4999 1718 5054 id

922 5110 964 5155 cst
977 5098 1051 5154 omui
1065 5107 1196 5168 tcumore,
1214 5094 1255 5148 rel
1266 5095 1308 5146 dio
1326 5091 1527 5163 prosperitatis,
1542 5100 1569 5144 et
1583 5097 1657 5142 nocte
1670 5093 1719 5143 al·

923 5191 1070 5247 versitatis.

959 5285 1028 5340 Dnrtt
1041 5283 1140 5336 dicitur·
1154 5282 1218 5334 utili
1237 5279 1380 5351 quotidie:
1401 5275 1450 5331 Uti
1474 5284 1512 5329 cst
1539 5273 1610 5327 Deus
1636 5272 1719 5327 tana?

922 5377 985 5434 llaec
998 5376 1071 5433 enim
1080 5375 1154 5446 jugis
1166 5373 1306 5429 insultatio
1320 5386 1466 5443 pratorum
1481 5384 1565 5425 causa
1576 5376 1618 5423 cst
1629 5366 1717 5439 lacry-

921 5485 1040 5534 uraruur,
1054 5468 1119 5523 dum
1139 5468 1257 5537 quisquc
1277 5480 1399 5536 paganus
1424 5462 1509 5517 Deum
1538 5476 1619 5517 suum
1645 5459 1716 5529 lapi·

921 5563 1002 5617 deum
1020 5561 1060 5616 ccl
1075 5570 1233 5631 argenteum
1251 5575 1299 5615 scu
1319 5572 1434 5613 aureum
1449 5555 1535 5628 digito
1561 5560 1716 5608 monstraro

921 5663 1021 5728 potest,
1037 5652 1176 5710 autetiam
1189 5651 1253 5710 dour
1270 5668 1368 5709 auarus
1386 5637 1539 5720 nummum,
1556 5646 1714 5704 luxuriosus
