3817 6000
194 284 337 351 1055

798 282 1365 347 conmeu‘ramtm
1403 287 1472 345 IN
1510 287 1850 349 PSALMOS.
1891 321 1964 332 -—
2000 286 2185 347 PARS
2218 286 2285 346 11.
2321 317 2393 330 -
2428 285 2626 345 PSAL.
2663 282 2831 342 xxn.

2958 229 3052 252 -ΟΑΡ

3300 287 3449 347 10ῢᾶ

190 401 357 458 nouis
384 401 659 458 maculam
687 417 1034 474 generemus.
1070 403 1385 464 Humilibus
1423 416 1608 463 autem
1664 408 1771 463 hoc
1799 411 1845 468 Λ
1879 427 1898 460 ι
1934 407 2041 477 Qui
2073 426 2095 462 s
2151 408 2323 476 enim,
2352 408 2431 465 ait
2481 405 2715 473 Veritas,
2781 423 2803 460 ι
2859 404 3161 476 perdiderit
3210 407 3459 465 animam

192 491 272 549 sit
296 507 329 547 a
350 491 517 549 nobis
560 500 823 564 tauquam
869 494 982 552 Deo
1025 512 1125 567 per
1154 512 1259 554 nos
1295 498 1623 554 exhortante
1648 513 1773 569 per-

189 599 444 651 suasum,
475 579 546 640 ne
572 600 815 656 unquam
852 589 1120 644 accedant
1151 590 1221 646 ad
1262 598 1514 648 sanctum
1543 589 1774 660 Sapien-

192 675 292 735 tiae
306 674 647 744 convivium,
679 677 784 733 nisi
818 679 976 748 prius
1028 680 1315 752 elegerint,
1339 682 1426 738 vel
1450 682 1504 737 in
1532 697 1664 739 arce
1694 681 1774 738 ci·

189 767 401 835 vitatis,
441 768 537 824 vel
562 769 705 825 intra
727 770 933 827 moenia
954 771 1077 844 ejus
1110 781 1324 829 certum
1357 775 1515 831 bonae
1540 789 1775 831 conver-

187 859 424 915 sationis
445 860 810 930 propositum,
838 862 893 918 in
919 877 1032 933 quo
1054 864 1387 921 mortificent
1408 865 1547 922 velle
1584 881 1770 931 suum,

187 950 492 1023 redigendo
521 952 655 1008 illud
682 954 787 1010 sub
815 954 957 1011 velle
976 955 1226 1013 divinum
1248 957 1317 1013 ad
1362 956 1577 1013 nullum
1611 958 1771 1029 peni·

187 1052 278 1098 tus
300 1052 487 1100 actum
513 1058 671 1099 suam
704 1042 1042 1104 intendendo
1074 1047 1433 1117 voluntatem,
1460 1049 1568 1105 nisi
1604 1064 1772 1121 quem

183 1135 390 1195 divina}
410 1136 678 1192 voluntati
698 1137 1101 1210 beneplacitum
1124 1139 1451 1213 intelligant,
1466 1141 1552 1197 vel
1578 1140 1771 1198 saltem

184 1227 437 1283 credant.

254 1317 341 1375 Ne
364 1327 552 1376 autem
585 1319 893 1378 intellectus
926 1338 1146 1391 eorum,
1193 1333 1293 1380 aut
1337 1323 1637 1381 credulitas
1680 1322 1774 1379 de·

183 1412 431 1483 ceptioni
480 1421 681 1484 pateat,
730 1412 807 1468 ita
860 1423 923 1470 ut
964 1414 1301 1471 arbitrentur
1333 1430 1395 1472 se
1440 1414 1769 1485 obsequium

183 1502 302 1559 Deo
325 1514 586 1574 praestare
622 1508 677 1560 iu
706 1505 898 1576 aliquo
924 1513 1074 1573 actu,
1103 1506 1199 1577 qui
1240 1516 1328 1563 est
1344 1515 1537 1563 contra
1572 1504 1768 1573 Deum,

187 1596 508 1652 scrutando
540 1605 672 1653 suut
712 1597 1014 1669 Scriptum
1062 1597 1330 1664 veritatis,
1363 1598 1422 1653 in
1448 1597 1654 1669 quibus
1701 1596 1771 1652 li-

180 1687 360 1759 quido
384 1696 611 1758 apparet
630 1689 1028 1760 beneplacitum
1057 1689 1258 1745 divinae
1279 1690 1599 1757 voluntatis,
1627 1704 1768 1760 quas

1874 514 2033 556 suam
2056 508 2279 571 propter
2322 513 2430 568 me,
2480 498 2718 554 inveniet
2747 511 2870 554 mm
2896 496 3130 567 ’(ΠαιιΙι.
3165 513 3224 564 x,
3269 498 3386 570 st).
3430 520 3454 554 ι

1872 591 2018 659 Quid
2036 599 2124 649 est
2143 591 2382 648 animam
2410 606 2570 647 suam
2616 596 2839 660 propter
2865 588 3037 645 Deum
3059 593 3310 662 perdere,
3348 591 3457 647 nisi

1877 683 2215 739 voluntatem
2242 681 2522 739 carnalem
2547 697 2646 738 seu
2676 680 2971 736 animalem
2998 680 3084 737 sic
3125 681 3458 738 mortificare

1873 783 1938 833 ut
1957 776 2176 831 lirinum
2208 775 2281 832 sit
2312 774 2522 831 homini
2551 773 2919 844 propesitum,
2944 786 3224 844 nunquam
3245 771 3455 844 aliquid

1872 868 1979 924 sibi
2002 867 2313 925 iaciendum
2359 877 2550 930 contra
2587 865 2784 932 Deum,
2821 879 3002 935 neque
3037 865 3258 936 spiritui
3295 881 3452 922 erro-

1870 959 1951 1015 ris
1973 960 2096 1029 plus
2124 974 2291 1031 quam
2320 958 2548 1031 Spiritui
2577 956 2822 1014 veritatis
2841 955 3136 1025 credendo,
3159 956 3304 1028 quod
3329 973 3455 1028 pec-

1872 1057 2059 1106 catum
2102 1051 2299 1107 mulier
2322 1051 2547 1107 seducta
2599 1047 2900 1115 commisit,
2953 1063 3135 1120 neque
3164 1049 3453 1106 hominum

1873 1141 2134 1198 societati
2157 1157 2368 1198 morem
2393 1141 2656 1213 gerendo,
2682 1140 2829 1197 sicut
2856 1141 2983 1198 lecit
3009 1141 3223 1196 Adam?
3248 1139 3455 1198 Taliter

1873 1232 2165 1305 dispositis
2219 1232 2510 1288 homiuum
2561 1230 2956 1298 voluntatibus,
3009 1245 3136 1286 cum
3180 1229 3452 1302 accipitur

1870 1320 2079 1379 Christi
2106 1337 2333 1394 corpus,
2363 1321 2454 1377 ille
2488 1320 2810 1377 benedictus
2836 1321 3157 1394 angelorum
3177 1321 3336 1392 paliis
3353 1335 3456 1378 cm·

1871 1413 2119 1471 bominis
2146 1413 2457 1479 conlirmat,
2480 1412 2573 1468 illa
2595 1427 2745 1479 caro,
2773 1427 2898 1482 quae
2915 1427 3046 1468 vere
3067 1419 3154 1469 est
3177 1411 3360 1479 cibus,
3387 1409 3455 1468 tlt

1871 1503 2085 1560 homini
2118 1503 2425 1560 antidotum
2478 1512 2671 1560 contra
2719 1503 2996 1574 geminum
3025 1515 3296 1558 venenum
3335 1500 3456 1574 pri-

1870 1610 2087 1651 morum
2117 1604 2433 1666 parentum,
2454 1602 2511 1650 et
2530 1595 2673 1653 bona
2691 1593 3014 1652 credulitate
3038 1594 3183 1651 mala
3211 1594 3452 1651 creduli-

1870 1697 1960 1744 tas
1986 1687 2261 1758 expiatur,
2284 1696 2548 1759 tanquam
2585 1686 2632 1744 si
2662 1686 2875 1742 homini
2911 1686 2996 1745 sic
3024 1686 3241 1744 dicatur
3268 1705 3284 1742 ε
3311 1686 3449 1743 Cre·

180 1781 284 1853 qui
309 1780 545 1851 ignorat,
575 1781 952 1857 ignorantum
975 1781 1070 1851 qui
1114 1791 1302 1836 autem
1327 1796 1427 1838 eas
1455 1796 1565 1837 non
1605 1781 1766 1853 igno·
1799 1754 1843 1809 Β
1866 1780 2054 1837 didisti
2080 1780 2323 1848 diabolo,
2350 1780 2498 1850 quod
2522 1793 2635 1836 non
2665 1779 2888 1835 videbas
2908 1779 2965 1835 in
3005 1793 3193 1849 pomo,
3218 1785 3279 1834 ut
3296 1776 3450 1835 vide-

180 1880 294 1939 rat,
320 1869 418 1927 sed
444 1878 639 1926 contra
662 1885 759 1927 eas
789 1870 865 1928 ita
887 1869 1022 1927 facit
1052 1869 1282 1940 aliquid,
1304 1877 1365 1925 ut
1392 1869 1502 1926 sibi
1528 1871 1635 1925 hoc
1653 1884 1767 1926 non

180 1974 345 2036 putet
373 1979 571 2022 nocere
589 2006 608 2034 ,
637 1967 1001 2022 invenenatus
1033 1973 1121 2021 cst
1150 1964 1243 2020 illo
1274 1964 1489 2036 antiqui
1536 1965 1767 2033 'serpen-

83 2088 88 2091 ¹
181 2065 257 2120 tis
295 2077 527 2131 veneno,
557 2078 669 2134 quo
689 2063 819 2120 laesa
864 2064 968 2119 l'uit
1015 2064 1192 2135 prima
1246 2061 1471 2129 semina,
1502 2062 1767 2118 nimirum

180 2169 360 2212 suasu
387 2153 660 2224 serpentis
688 2154 764 2209 ita
794 2153 1043 2220 seducta,
1070 2161 1131 2208 ut
1154 2159 1374 2238 putaret
1398 2167 1512 2207 non
1545 2167 1766 2219 nocere,

179 2246 284 2303 sed
313 2245 595 2315 prodesse,
645 2245 695 2302 si
727 2245 1089 2302 manducaret
1141 2243 1375 2301 vetitum
1422 2252 1616 2301 contra
1667 2242 1767 2300 Dei

179 2344 547 2408 praeceptum.
588 2335 694 2403 Qui
724 2351 857 2393 vero
886 2335 1199 2407 Scripturas
1218 2336 1550 2407 intelligens,
1580 2334 1666 2392 vel
1685 2349 1770 2391 se-

178 2427 431 2486 cundum
459 2442 556 2485 eas
601 2427 880 2484 catholico
917 2427 1136 2484 doctori
1164 2427 1419 2496 credens,
1447 2435 1642 2484 contra
1670 2440 1768 2482 eas

178 2520 395 2593 aliquid
424 2535 587 2592 agere
616 2519 870 2588 intendit,
897 2529 1099 2589 putans
1118 2520 1339 2591 quidem
1380 2518 1514 2574 illud
1545 2531 1765 2585 nocere,

181 2614 284 2671 sed
314 2628 425 2669 non
450 2613 508 2668 in
540 2621 754 2668 tantum
783 2611 898 2668 Deo
922 2612 1239 2682 displicere,
1265 2623 1327 2668 ut
1372 2611 1611 2686 graviter
1640 2610 1767 2666 vin-

179 2705 335 2762 dicet
360 2704 416 2760 in
456 2702 567 2760 tale
615 2703 751 2774 quid
797 2713 1051 2776 agentem
1090 2713 1316 2776 propter
1357 2689 1767 2760 conviventium

182 2793 564 2855 sodalitatem.
594 2793 726 2850 dum
751 2793 881 2864 quis
911 2793 1230 2850 hominibus
1254 2809 1467 2851 morem
1511 2802 1669 2866 gerat
1710 2793 1767 2848 iu

185 2887 303 2953 iiis,
334 2902 459 2958 quae
488 2885 603 2942 Deo
626 2883 922 2956 displicere
953 2885 1229 2960 intelligit,
1261 2886 1353 2943 hic
1387 2902 1684 2958 perversus
1711 2895 1769 2943 et

179 2979 353 3038 laesus
377 2986 464 3037 est
515 2979 612 3035 illo
634 2993 869 3048 veneno,
899 2993 1014 3051 quo
1066 2979 1467 3052 protoplastus,
1494 2979 1765 3050 extabuit,

1866 1872 1996 1927 lieet
2033 1871 2185 1928 illius
2213 1871 2485 1927 comestio
2530 1871 2735 1927 laceret
2764 1878 2818 1927 te
2839 1870 3075 1927 similem
3111 1869 3246 1926 Deo.
3274 1869 3450 1927 Crede

1865 1979 2016 2021 nunc
2034 1963 2175 2020 Filio
2200 1962 2322 2033 Dei,
2343 1963 2497 2036 quod
2521 1979 2634 2020 non
2660 1963 2834 2031 vides,
2863 1972 2924 2019 ut
2950 1963 3206 2020 videlicet
3231 1964 3288 2018 in
3310 1978 3453 2034 pane

1865 2072 2032 2128 quem
2078 2070 2285 2127 corpus
2334 2072 2500 2113 suum
2545 2055 2815 2123 nominat,
2863 2069 3102 2112 summm
3140 2053 3453 2110 Divinitatis

1865 2149 2216 2220 participatio
2232 2148 2328 2204 tibi
2351 2148 2660 2220 proveniat.
2695 2147 2791 2204 Sic
2808 2147 2955 2204 enim
2978 2146 3095 2202 ait:
3124 2165 3145 2200 e
3171 2144 3278 2213 Qui
3296 2160 3454 2200 mau-

1865 2239 2030 2295 ducat
2063 2255 2287 2296 carnem
2317 2254 2519 2308 meam,
2549 2249 2606 2297 et
2626 2240 2765 2297 bibit
2793 2239 3119 2311 sangninem
3156 2252 3361 2304 meum,
3393 2236 3450 2292 in

1868 2343 1957 2384 me
1993 2336 2202 2396 manet,
2229 2336 2286 2384 ει
2311 2342 2415 2400 ego
2437 2330 2494 2384 in
2519 2344 2590 2385 eo
2624 2326 2809 2400 (Isau.
2836 2343 2915 2395 vr,
2948 2326 3063 2398 57).
3094 2347 3113 2380 ι
3139 2325 3269 2383 item
3296 2345 3310 2382 :
3343 2345 3366 2381 t
3400 2326 3449 2383 si

1867 2417 1995 2489 quis
2017 2419 2436 2475 manducaverit
2453 2433 2525 2475 ex
2569 2419 2677 2475 hoc
2708 2434 2874 2490 pane,
2903 2418 3052 2475 vivet
3078 2417 3135 2473 in
3161 2427 3450 2484 aeternum,

1866 2516 1923 2566 et
1949 2509 2129 2580 panis,
2150 2524 2315 2580 quem
2346 2524 2450 2583 ego
2470 2510 2697 2578 dedero,
2733 2525 2865 2567 caro
2893 2526 3016 2567 mea
3043 2519 3132 2567 est
3157 2525 3259 2581 pro
3285 2525 3448 2566 mun-

1867 2600 1923 2657 di
1950 2600 2060 2657 vita
2086 2600 2267 2674 (ibim,
2294 2601 2408 2674 52).
2446 2620 2468 2654 i
2498 2600 2580 2658 Tu
2609 2601 2799 2675 igitur,
2829 2605 3019 2669 homo,
3040 2602 3137 2673 qui
3166 2601 3448 2658 credidisti

1866 2693 2088 2751 diabolo
2108 2693 2386 2764 deceptori
2416 2695 2652 2766 pretinm
2684 2694 2991 2751 divinitatis
3020 2693 3291 2750 fallaciter
3314 2708 3447 2765 pro-

1867 2786 2128 2853 mittenti,
2156 2793 2213 2841 et
2238 2785 2295 2840 iu
2327 2784 2422 2841 tali
2445 2784 2769 2843 credulitate
2795 2785 2980 2842 cibum
3003 2784 3231 2841 vetitum
3257 2784 3328 2841 ab
3348 2784 3459 2841 illo·

1868 2879 1966 2937 tibi
1998 2878 2244 2936 oblatum
2267 2876 2578 2941 comedisti.
2620 2877 2784 2934 crede
2812 2892 2962 2933 nunc
2988 2875 3263 2933 Salvatori
3289 2891 3446 2934 con·-

1867 2970 2189 3029 muuionem
2217 2985 2333 3028 suae
2379 2969 2696 3029 Divinitatis
2738 2970 2836 3029 tibi
2885 2970 3248 3043 promittenti,
3301 2979 3358 3029 et
3390 2970 3453 3031 in

179 3071 410 3145 quando
438 3070 557 3127 voci
609 3070 802 3130 uxoris
846 3072 973 3142 plus
1008 3087 1177 3142 quam
1206 3073 1326 3128 voci
1369 3072 1466 3128 Dei
1504 3073 1763 3141 obedivit,
1793 3112 1836 3170 c
1871 3062 1968 3119 tali
1996 3061 2320 3119 credulitate
2349 3061 2622 3118 manduca
2649 3062 2826 3134 ipsius
2848 3076 3072 3120 carnem
3091 3070 3151 3119 et
3175 3061 3454 3120 bibesia-

182 3178 299 3219 non
326 3164 476 3234 quod
517 3162 673 3231 lecit,
705 3162 940 3220 credens
963 3163 1118 3232 utile,
1144 3163 1239 3219 sed
1279 3177 1511 3219 morem-
1524 3162 1768 3235 gerendo

181 3258 349 3314 uxori
375 3272 513 3325 snae,
554 3272 724 3328 quam
757 3256 889 3329 quia
932 3255 1079 3313 Deus
1118 3255 1343 3313 dederat
1382 3257 1612 3324 sociam,
1657 3272 1769 3313 non

182 3350 489 3407 arbitratus
510 3348 883 3421 estgrandem
920 3348 1161 3419 culpam,
1189 3348 1238 3405 si
1266 3348 1389 3404 voci
1411 3347 1534 3418 eius
1577 3346 1769 3403 obedi-

182 3449 277 3499 ret
297 3450 489 3498 contra
514 3457 709 3499 vocem
724 3442 1003 3498 divinam.
1028 3439 1151 3497 Non
1178 3439 1328 3497 enim
1353 3438 1538 3497 iuerat
1566 3439 1639 3495 ita
1680 3454 1771 3496 sc-

182 3536 392 3592 ductus
414 3536 474 3591 in
524 3534 977 3606 praevaricatione
1029 3532 1179 3591 sicut
1226 3534 1447 3600 mulier,
1491 3548 1615 3605 quae
1662 3532 1770 3590 sibi

183 3628 325 3688 utile
344 3628 597 3696 credidit,
627 3628 777 3699 quod
806 3626 1035 3683 noxium
1059 3627 1203 3697 l'uit;
1229 3628 1328 3686 sed
1363 3626 1419 3683 in
1448 3628 1557 3683 hoc
1587 3635 1770 3683 tamen

183 3723 451 3793 deceptus
480 3730 584 3789 est,
606 3719 737 3791 quia
759 3719 981 3790 culpam
1011 3734 1173 3776 suam
1194 3720 1256 3775 in
1287 3719 1393 3776 hoc
1433 3719 1647 3790 putavit
1668 3734 1768 3774 ex-

183 3815 514 3883 cusabilem,
538 3814 685 3886 quod
709 3814 888 3871 noluit
921 3812 1256 3869 conturbare
1279 3811 1540 3868 socialem
1568 3810 1769 3866 unani-

184 3909 438 3966 mitatem
467 3907 710 3963 suasioni
760 3905 950 3963 uxoris
986 3902 1436 3971 contradicendo,
1469 3916 1640 3973 quam
1672 3917 1770 3958 so-

184 4000 336 4055 ciam
362 4005 648 4069 acceperat
670 4012 703 4052 a
734 3995 865 4051 Deo.
906 3993 1062 4051 Unde
1112 3993 1463 4065 postmodum
1503 3992 1769 4063 redargu-

188 4101 285 4148 tus
311 4106 342 4147 a
373 4089 486 4146 Deo
511 4089 580 4146 de
625 4097 854 4159 peccato
882 4103 986 4145 suo
1035 4085 1334 4143 declinavit
1366 4103 1386 4137 ι
1424 4099 1524 4141 cor
1558 4103 1578 4139 ι
1605 4098 1769 4141 suum

194 4204 217 4237 c
256 4183 315 4239 in
337 4182 509 4237 verba
546 4180 771 4237 malitiae
804 4179 873 4236 ad
916 4178 1260 4237 excusandas
1278 4176 1665 4235 excusationes
1714 4176 1771 4232 in

188 4277 434 4350 peccatis
477 4274 657 4347 (Paul.
705 4289 831 4341 cxc,
858 4273 964 4344 ξι),
995 4294 1015 4328 ο
1049 4288 1176 4329 cum
1224 4271 1469 4329 diceret:
1504 4290 1526 4324 ι
1554 4269 1768 4337 Mulier,

188 4383 358 4441 quam
388 4354 614 4423 dedisti'
648 4365 782 4421 mihi
828 4363 1058 4432 sociam,
1105 4363 1256 4420 dedit
1284 4363 1442 4431 mini,
1473 4370 1531 4419 et
1557 4360 1770 4418 comedi

1868 3157 2115 3230 guinem.
2185 3155 2295 3213 Sed
2340 3164 2637 3227 antequam
2678 3154 2786 3211 tale
2831 3154 3145 3212 antidotum
3186 3153 3451 3227 accipias.

1867 3265 2138 3308 venenum
2181 3264 2213 3305 a
2263 3256 2517 3319 serpente
2575 3256 2900 3319 conceptum
2952 3246 3108 3318 prius
3156 3260 3452 3313 evomere,

1868 3340 2255 3413 cognoscendo
2279 3349 2336 3397 et
2381 3339 2702 3397 confitendo
2748 3337 2955 3395 malum
2984 3354 3131 3405 csse,
3162 3339 3311 3409 quod
3354 3353 3453 3395 vo·

1869 3432 2138 3489 luntatem
2159 3439 2311 3487 tuam
2338 3430 2538 3487 divinae
2561 3429 2831 3486 voluntati
2853 3428 3278 3501 superposuisti,
3306 3444 3452 3501 quo-

1869 3522 2194 3595 tiescunque
2224 3522 2485 3595 peccasti,
2526 3521 2612 3578 vel
2643 3522 2851 3578 bonum
2897 3522 3104 3579 malum
3153 3530 3212 3579 et
3245 3519 3452 3580 malum

1867 3615 2077 3671 bonum
2129 3613 2426 3681 credendo,
2466 3613 2613 3670 sicut
2660 3610 2774 3667 Eva
2822 3613 3083 3681 seducta;
3119 3613 3207 3669 vel
3245 3613 3452 3668 malum

1868 3706 2092 3779 quidem
2122 3704 2329 3761 malum
2359 3712 2416 3759 et
2430 3704 2660 3773 bonum,
2689 3704 2836 3761 sicut
2859 3713 3001 3773 erat,
3029 3705 3323 3772 credendo,
3356 3705 3454 3761 sed

1869 3797 2190 3855 hominibus
2213 3795 2269 3852 in
2307 3796 2413 3853 hoc
2435 3810 2648 3851 morem
2687 3795 2952 3865 gerendo,
2978 3803 3042 3849 ut
3066 3804 3262 3851 contra
3296 3804 3450 3852 tuam

1869 3888 2292 3956 conscientiam,
2331 3888 2417 3943 vel
2442 3887 2651 3943 malum
2681 3885 2961 3942 vitandum
2989 3885 3334 3953 admitteres,
3369 3885 3454 3942 vel

1867 3982 2077 4038 bonum
2118 3977 2433 4041 laciendum
2480 3978 2783 4045 omitteres,
2812 3976 2959 4048 quod
3006 3975 3115 4034 fuit
3166 3984 3454 4047 peccatum

1868 4073 2023 4140 Adae,
2051 4072 2143 4128 cui
2171 4070 2400 4129 omnino
2428 4081 2513 4129 est
2528 4070 2814 4143 oppositus
2841 4070 2944 4125 iste
2958 4070 3234 4125 secundus
3253 4068 3452 4138 Adam,

1871 4166 1968 4237 qui
1997 4180 2108 4221 non
2145 4165 2298 4232 venit
2320 4164 2504 4222 facere
2535 4164 2878 4220 voluntatem
2899 4162 3086 4225 suam,
3122 4163 3221 4219 sed
3257 4162 3457 4218 volun-

1874 4265 2041 4314 tatem
2064 4256 2187 4328 ejus
2207 4259 2305 4329 qui
2329 4257 2481 4316 misit
2501 4273 2652 4313 eum.

1947 4359 2123 4431 liuius
2143 4374 2346 4430 corpus
2371 4356 2807 4430 quotiescnmpm
2839 4354 3256 4418 iumnlucsunus,
3280 4366 3456 4422 apeme

192 4462 352 4535 (Gen.
385 4476 467 4525 nt,
496 4459 607 4530 ¹2).
642 4477 662 4511 ι
701 4458 793 4515 Sic
825 4456 984 4514 multi
1010 4470 1275 4526 sequaces
1311 4455 1433 4527 ejus
1461 4462 1653 4511 contra
1675 4453 1772 4511 Dei
1804 4463 1850 4520 ι)
1876 4454 2114 4526 pretium
2143 4459 2230 4509 est
2258 4449 2449 4507 audire
2494 4463 2684 4506 vocem
2731 4450 2851 4518 ejus
2887 4450 2955 4502 dc
3003 4446 3220 4502 excelsu
3256 4462 3268 4498 z
3300 4446 3456 4498 cilius

193 4555 527 4611 voluntatem
549 4552 786 4609 scienter
806 4560 978 4623 agunt
1001 4565 1102 4621 pro
1134 4548 1326 4606 sociali
1366 4546 1774 4605 commanentia

190 4661 410 4713 eorum,
449 4660 575 4702 cum
601 4644 806 4716 quibus
840 4643 1025 4700 vivere
1062 4641 1478 4712 disposuerunt,
1512 4656 1543 4696 a
1574 4639 1775 4711 quibus

190 4736 543 4808 eratpotius
584 4733 1001 4802 discedendum,
1041 4747 1209 4805 quam
1259 4746 1454 4789 eorum
1506 4729 1775 4788 voluntati

191 4836 387 4887 contra
406 4826 506 4886 Dei
528 4827 865 4885 voluntatem
893 4826 1219 4883 cedendum.
1301 4815 1315 4824 ’

268 4919 478 4976 Taliter
512 4917 799 4988 dispositis
832 4915 944 4971 imo
1000 4914 1273 4987 perversis
1323 4913 1611 4971 homiuum
1658 4913 1775 4986 pri-

194 5026 419 5071 morum
446 5010 827 5067 voluntatibus
858 5018 1051 5066 contra
1075 5009 1414 5065 voluntatem
1438 5005 1556 5072 Dei,
1588 5022 1776 5063 acces-

195 5103 271 5161 sit
297 5101 367 5159 ad
402 5099 877 5157 confirmationem
913 5107 1079 5155 tantae
1097 5097 1322 5154 malitiae
1348 5097 1550 5156 vetitus
1575 5097 1666 5152 ille
1694 5095 1776 5151 ci-

196 5197 325 5261 bus,
357 5208 521 5264 quem
543 5191 842 5249 comedens
885 5192 1054 5247 bomo
1092 5190 1265 5263 gratis
1307 5200 1394 5247 est
1420 5190 1526 5246 sub
1553 5197 1777 5261 peccato

197 5292 568 5347 venundatus.
599 5287 755 5345 Unde
802 5288 878 5345 ait
925 5287 1189 5359 propheta
1225 5302 1242 5342 ε
1284 5303 1305 5338 ι
1336 5284 1522 5342 Gratis
1560 5298 1775 5340 venun·-

198 5378 315 5435 dati
340 5377 477 5435 estis
505 5376 646 5451 (isa.
698 5393 796 5444 mr,
821 5377 900 5449 5).
935 5395 957 5431 s
992 5375 1201 5433 Revera
1242 5374 1413 5446 gratis
1473 5383 1559 5430 est
1612 5373 1779 5429 homo

199 5470 565 5538 venundatus,
587 5469 690 5541 qul
712 5484 773 5525 se
801 5468 978 5540 ipsum
1010 5467 1265 5539 perdidit,
1286 5467 1381 5525 sed
1410 5465 1648 5537 pretium
1673 5464 1779 5522 sibi

202 5561 485 5619 a·dial›olo
511 5560 847 5632 promissum
890 5575 999 5615 non
1032 5560 1264 5632 accepit.
1292 5558 1564 5626 Quocirca
1588 5571 1781 5614 ueces-

202 5653 350 5710 saria
406 5660 491 5708 est
540 5649 864 5721 redemptio,
895 5648 951 5705 in
986 5665 1098 5721 qua
1143 5657 1317 5706 totum
1350 5664 1411 5706 se
1449 5649 1581 5705 dare
1618 5645 1782 5703 debet

202 5744 394 5813 homo,
423 5754 485 5801 ut
510 5740 744 5815 accipiat
776 5741 1156 5817 pretiumsibi
1182 5758 1219 5810 a
1261 5739 1374 5799 Deo
1418 5741 1774 5821 promissum.

1876 4562 2001 4604 sum
2028 4544 2341 4617 grandium,
2370 4558 2580 4611 cresce,
2617 4551 2674 4599 et
2719 4542 3079 4598 „landulfi-[11¹5
3111 4554 3220 4606 mc,
3252 4554 3352 4594 nce
3400 4546 3454 4590 lu

1875 4650 1968 4692 me
2008 4634 2248 4690 mutabis
2289 4633 2345 4689 iu
2384 4641 2459 4699 te,
2489 4632 2635 4689 siout
2680 4634 2863 4686 elluini
2891 4630 3071 4686 furuis
3115 4638 3240 4694 lllffl,
3272 4630 3364 4682 Set!
3400 4638 3456 4682 lu

1878 4726 2180 4784 mutaberis
2204 4726 2260 4781 in
2288 4739 2395 4780 me.
2423 4724 2632 4780 Revera
2666 4743 2686 4776 ι
2715 4726 2827 4778 haec
2859 4736 2939 4778 nsi
2967 4722 3192 4778 nuuc-tiu
3224 4722 3460 4778 dextera:

1875 4816 2090 4874 Excelsi
2118 4815 2296 4886 (psat.
2326 4829 2536 4880 Lxxvtt,
2576 4812 2690 4881 ss),
2731 4834 2747 4862 ι
2803 4814 2931 4882 quia
2975 4822 3220 4866 ululatur
3268 4813 3316 4866 is
3364 4810 3456 4882 qui

1877 4907 2114 4966 comedit
2140 4908 2194 4962 iu
2227 4906 2381 4962 illum
2417 4904 2515 4977 qui
2561 4906 2883 4970 comcdilm'.
2923 4906 3079 4974 cujus
3107 4902 3460 4974 permutatis-

1879 4999 1967 5056 nis
1989 4998 2043 5054 in
2065 4997 2173 5054 hoc
2191 4996 2628 5069 experimentum
2656 4998 2891 5063 cipitur,
2919 4994 2963 5051 si
2999 4994 3240 5051 llilinana
3264 4994 3460 5051 vulun-

1877 5099 1966 5147 ias
1990 5089 2188 5147 divinae
2221 5088 2492 5145 voluntati
2541 5088 2624 5146 Sic
2666 5091 2959 5151 titillantur,
2999 5095 3055 5139 nl
3107 5087 3208 5155 ipsi
3244 5087 3352 5139 lieu
3404 5087 3456 5139 iu

1878 5182 2108 5239 veritale
2133 5181 2281 5238 dicat
2308 5180 2474 5237 homo
2508 5198 2522 5236 ε
2557 5196 2688 5248 non,
2719 5183 2863 5247 ιμιῡεῑ
2895 5195 2995 5247 cgr-
3023 5179 3168 5239 vulfi,
3192 5179 3288 5231 scd.
3312 5179 3456 5247 qum!

1880 5282 1939 5329 tu
1979 5273 2083 5341 vis,
2115 5271 2213 5329 liat
2240 5271 2464 5339 (Malui.
2492 5286 2641 5339 xxvi,
2673 5271 2787 5335 ἳιὶη,
2811 5271 2915 5335 Qui
2959 5279 3139 5323 :mlum
3164 5283 3320 5323 snam
3344 5283 3456 5323 car-

1882 5366 2061 5422 nalem
2095 5364 2433 5422 voluntatem
2459 5373 2649 5420 comt-a
2670 5361 2911 5417 divinum
2955 5363 3284 5415 colunum-m
3316 5359 3456 5415 desi-

1878 5459 2036 5517 derat
2070 5458 2250 5515 adhuc
2274 5456 2415 5525 fieri,
2442 5456 2559 5512 sive
2587 5453 2679 5511 ille
2711 5455 2775 5511 sil
2815 5471 2939 5507 cum
2975 5455 3079 5507 Eva
3113 5455 3372 5507 scillinum
3404 5455 3456 5503 'lu

1880 5550 2081 5606 mulam
2111 5550 2295 5618 lidcm,
2328 5548 2615 5604 tithonum
2643 5547 2871 5611 malum,
2895 5547 2979 5599 vel
3019 5547 3224 5599 malum
3252 5543 3456 5599 honuni

1881 5642 2107 5709 (tredan
2145 5640 2261 5698 Sive
2306 5655 2433 5697 cum
2458 5637 2632 5695 Adam
2655 5638 2915 5711 deceptus
2951 5651 3208 5707 magnum
3252 5635 3456 5687 malum

1881 5734 2068 5793 minus
2097 5733 2302 5790 malum
2337 5729 2525 5789 credat
2565 5728 2674 5787 ssdc
2715 5751 2775 5783 ;ιι.·
2823 5739 3047 5795 reicula,
3079 5727 3228 5799 quad
3256 5727 3456 5785 malum
