3817 6000
113 244 166 304 aaa
448 249 726 312 counsnrantntt
746 256 780 312 tn
798 258 970 319 ostanus,
991 265 1136 323 -rans
1155 267 1174 321 r.
1193 300 1227 309 -
1245 270 1344 330 esan.
1363 275 1398 330 11.
1686 245 1755 340 191

111 376 169 422 tem
193 379 306 424 nusum
325 374 459 424 terremus.
480 367 605 428 llaeretiei
618 381 709 429 autern
730 376 932 434 intenderentd
950 377 1129 453 indignitate
1152 388 1286 442 servanda
1312 389 1463 446 habendam
1482 391 1666 461 decernimos,
1688 396 1736 452 sed

110 477 217 526 aream,
232 461 259 517 id
275 469 317 518 est
331 459 511 533 scripturam.
534 463 602 522 Nam
618 483 679 524 eum
700 468 746 524 alii
766 469 899 541 simplici·
949 472 1027 541 Juxta
1042 489 1178 531 canonum
1200 478 1383 546 sanctionem,
1397 489 1424 536 ct
1442 491 1601 539 sauctorum
1624 484 1738 542 Patroni

111 564 154 610 ter
175 554 356 626 intelligentes
376 555 493 611 habeant
510 572 570 613 eam
591 561 670 628 guasi
693 576 788 618 areum
802 563 901 619 remis·
950 565 1059 622 decreta
1071 582 1120 622 eos
1131 569 1246 624 omnino
1257 570 1432 629 damnamus.
1449 592 1459 626 t
1478 573 1563 631 item:
1581 596 1591 630 r
1610 576 1647 633 lle
1662 590 1739 634 eaete-

108 663 197 703 suma
216 647 335 703 baeretici
360 663 420 704 eam
445 648 575 706 dicantur
596 652 740 718 intendere,
762 669 825 708 cum
850 669 901 725 pro
950 667 993 720 ro,
1015 656 1113 727 siquis
1135 658 1303 729 inposterum
1321 663 1356 718 ab
1373 680 1426 731 eo,
1443 682 1525 735 quem
1547 665 1737 725 simoniacum

108 753 162 793 sna
177 738 359 795 aestinratione
371 739 539 797 subtiliorem
565 744 593 798 in
614 758 648 799 eo
668 746 833 801 sententiam
850 746 901 801 ha·
950 759 1013 801 esse
1037 762 1092 803 non
1120 748 1247 818 dubitat,
1272 768 1302 809 se
1327 756 1481 810 corrsecrari
1510 759 1688 827 pet-rniscrit,
1711 768 1739 815 et

109 830 234 886 buerint.
258 829 425 887 Paraeerrtnt
442 835 555 905 sagittar
575 851 638 892 runa
657 837 683 893 in
705 838 841 909 pharetra.
863 836 901 895 [ie
950 847 1135 908 consecrator,
1157 852 1184 898 et
1201 857 1379 903 consecratus
1396 864 1450 902 non
1466 849 1601 919 disparem
1623 851 1738 908 darona·

107 922 181 994 ipsis
211 938 330 995 namque
355 925 505 996 Scriptnri's
528 938 693 998 paraverunt
716 938 847 986 venerata
873 939 901 986 et
951 929 1034 987 tionis
1053 934 1215 991 sententiam
1240 937 1366 1007 subeant,
1394 941 1441 996 sed
1463 951 1578 1013 uterque
1596 943 1739 1015 depositus

108 1018 262 1075 intoxicata
276 1019 357 1075 rerba
383 1018 410 1074 in
428 1021 563 1090 pltaretra,
584 1021 677 1079 idest
700 1022 728 1079 in
753 1022 836 1079 corde
850 1036 901 1079 suo
950 1024 1140 1094 poenitentiam
1157 1037 1231 1100 agat,
1254 1040 1281 1086 ct
1302 1032 1425 1103 privatus
1447 1052 1462 1088 a
1484 1036 1592 1105 propria
1606 1036 1740 1108 dignitate

107 1116 274 1183 tenelrroso;
294 1123 324 1170 et
341 1115 466 1186 sagittent
484 1125 567 1171 tectos
587 1118 665 1172 corde
684 1119 713 1172 in
735 1115 855 1183 obscuro,
873 1116 900 1172 id
950 1115 1089 1184 persistat.
1109 1116 1200 1176 ritem
1221 1124 1377 1193 speculator
1396 1125 1512 1195 insignis
1527 1125 1654 1185 Urbanus
1668 1145 1738 1201 papa

107 1216 153 1264 est
181 1207 209 1263 in
229 1206 354 1278 sylvestri
375 1207 515 1264 condenso
529 1209 665 1264 latronum
682 1224 759 1265 more
776 1209 829 1281 ipsi
843 1209 901 1265 lati·
950 1211 1090 1268 secundus
1102 1211 1129 1267 in
1144 1213 1199 1270 alta
1214 1217 1324 1287 specula
1346 1227 1422 1275 stans
1442 1219 1610 1277 llerirnanno
1624 1222 1739 1280 lietensi

107 1309 259 1367 tantaene
276 1302 310 1358 de
330 1300 390 1372 ipso
403 1300 496 1358 cordis
512 1301 676 1372 nequissimi
699 1301 851 1370 condenso,
872 1304 899 1358 in
950 1301 1080 1374 episcopo
1093 1306 1216 1363 clamat:
1236 1328 1246 1361 r
1263 1309 1416 1368 vendentes
1437 1322 1464 1368 ct
1478 1322 1599 1371 enatantes
1621 1316 1739 1373 bonores

108 1408 168 1465 qno
180 1402 245 1450 sunt
255 1392 364 1448 latibula
380 1391 512 1460 ferarum,
527 1392 555 1447 in
567 1407 621 1464 gno
632 1393 728 1463 culpes
746 1383 840 1449 loreas
852 1393 902 1449 lra-
950 1397 1162 1466 ecclesiasticos,
1176 1410 1204 1455 et
1216 1403 1381 1471 sacerdotes,
1396 1403 1538 1472 diaconos,
1551 1413 1578 1462 et
1594 1407 1740 1464 subdiaco-

107 1485 180 1542 bent
193 1495 220 1541 et
234 1485 361 1541 volucres
380 1484 442 1542 coeli
464 1485 555 1552 nidos,
579 1484 721 1540 latrocinia
737 1493 899 1554 exerceant3
950 1503 1013 1554 nos,
1028 1491 1255 1563 conjugatosque,
1267 1496 1389 1567 quandiu
1402 1497 1429 1552 in
1445 1513 1496 1553 suo
1509 1513 1602 1554 errore
1612 1515 1741 1570 perman-

108 1584 139 1634 et
150 1576 214 1633 iude
224 1576 349 1648 sagittent
360 1584 443 1630 rector
456 1573 543 1639 eorde,
559 1573 585 1629 id
603 1581 647 1630 est
663 1573 813 1629 voluntate.
831 1569 900 1629 Nam
950 1579 1047 1646 seriat,
1069 1582 1172 1637 nullam
1189 1598 1246 1639 sure
1259 1585 1440 1643 ordinationis
1457 1596 1618 1659 potestatem
1639 1590 1739 1646 habere

109 1668 186 1725 sieut
209 1666 338 1723 homines
357 1667 436 1722 malae
450 1664 599 1722 uoluntatis
615 1665 719 1721 habent
733 1678 782 1720 cor
799 1663 901 1721 distor-
950 1672 1125 1741 permittas.»
1149 1673 1302 1731 Alexander
1326 1692 1395 1746 papa
1418 1679 1565 1747 secundus,
1583 1682 1739 1751 speculator

107 1768 183 1827 tum,
201 1760 242 1818 sic
262 1758 389 1817 homines
405 1759 484 1815 bone
497 1756 649 1814 voluntatis
665 1756 717 1829 ipsi
731 1766 797 1814 sunt
810 1756 901 1813 homi·
916 1734 937 1791 11
952 1762 1089 1834 egregius,
1105 1763 1141 1818 ita
1154 1764 1221 1819 dicit
1243 1784 1250 1821 :
1277 1784 1286 1818 t
1305 1766 1492 1839 Praecipiendo
1514 1772 1687 1835 mandamus,
1711 1783 1741 1829 ut

107 1869 162 1909 nes
179 1851 246 1909 recti
255 1851 358 1909 cordis.
952 1853 1045 1909 nullus
1058 1854 1158 1910 missas
1171 1855 1264 1911 audiat
1281 1859 1443 1930 presbyteri,
1455 1877 1535 1931 quem
1559 1863 1610 1917 scit
1629 1862 1740 1919 indubi-

145 1946 236 2017 Atque
249 1955 279 2002 ut
297 1945 331 2002 ad
346 1943 433 2001 nostri
459 1943 591 2015 temporis
605 1943 750 2002 hereticas
764 1942 901 2016 respicia—
952 1953 1042 2000 tanter
1055 1946 1236 2001 concubinam
1250 1946 1360 2016 habere,
1376 1951 1417 2005 rel
1429 1952 1664 2010 subintroductam
1679 1971 1741 2010 aru·

108 2056 186 2106 mus,
203 2054 295 2095 nonne
312 2038 365 2109 ipsi
383 2047 533 2109 peccatores
547 2052 598 2109 pro
614 2036 760 2094 manifesta
777 2036 900 2095 Simonia
952 2036 1056 2093 liorem.
1075 2035 1144 2092 Nam
1159 2037 1317 2108 hujusmodi
1342 2041 1483 2112 probrum,
1502 2043 1559 2099 sire
1582 2044 1740 2115 diaconum,

107 2133 153 2189 vel
165 2130 361 2188 incontinentia
374 2130 522 2194 interdicti,
537 2129 648 2202 quando
661 2145 690 2186 se
702 2130 901 2202 praeparantad
951 2128 1010 2184 sire
1033 2128 1231 2185 subdiaconum
1256 2139 1350 2187 sancta
1365 2134 1487 2205 synodus
1510 2134 1599 2191 edicio
1613 2137 1740 2207 privarit,

108 2222 200 2280 ollicia
213 2222 359 2290 interdicta
368 2222 540 2288 celebranda,
550 2222 627 2279 verbi
638 2222 726 2293 gratia
739 2222 774 2278 ad
787 2222 901 2280 missam
950 2229 978 2276 et
989 2235 1096 2286 omnes,
1107 2220 1154 2290 qui
1168 2221 1195 2275 in
1204 2223 1337 2279 canonica
1349 2233 1424 2293 sunt,
1434 2242 1534 2283 uxores
1545 2245 1599 2284 non
1612 2229 1739 2298 habeant,

108 2317 387 2384 canendummonne,
402 2315 525 2386 inquam,
540 2322 605 2372 tunc
616 2316 668 2372 sub
678 2316 790 2372 nomine
808 2316 901 2372 missae
950 2312 1017 2368 etsi
1038 2312 1178 2379 duxerint,
1193 2313 1374 2384 deponantur.
1390 2315 1426 2373 lit
1438 2320 1571 2388 ecelesia,
1592 2330 1619 2377 ct
1642 2322 1739 2378 altaria

109 2426 205 2464 orcam
217 2408 450 2475 intendunt,unde
461 2408 573 2480 sagittas
587 2406 752 2465 intoxicatas
767 2408 902 2464 mittumr
951 2419 1007 2460 non
1022 2403 1184 2472 vendantur,
1199 2421 1251 2462 nec
1264 2417 1402 2479 emantur,
1417 2418 1444 2466 ct
1463 2413 1510 2482 qui
1531 2414 1629 2469 amodo
1646 2416 1740 2472 rendi·

111 2500 144 2558 Si
163 2501 238 2558 enim
251 2501 334 2557 arbor
347 2501 374 2555 in
389 2499 519 2572 paradiso
536 2498 680 2556 interdicta
696 2499 831 2556 fructibus
842 2500 901 2557 suis
951 2497 1051 2565 derint,
1063 2498 1106 2553 vei
1121 2499 1238 2554 emerint
1249 2500 1415 2557 anathemati
1429 2503 1618 2573 subjacebunt.
1638 2504 1674 2561 Ut
1695 2523 1739 2562 ec-

109 2593 288 2649 comedeutes
301 2590 471 2660 intoxicavit,
487 2605 542 2647 non
555 2590 628 2663 quod
642 2591 725 2648 arbor
736 2592 818 2647 luerit
829 2592 900 2649 mala
948 2589 1041 2648 clesiae
1057 2605 1106 2662 per
1125 2592 1254 2661 pretium,
1277 2593 1319 2649 rel
1343 2609 1358 2649 a
1385 2593 1549 2652 Simorriaeis
1573 2608 1741 2654 consecratae

109 2700 163 2757 per
175 2692 311 2751 naturam,
326 2684 373 2740 sed
387 2698 436 2754 per
447 2682 661 2739 inobedientiam
677 2671 901 2754 :quantomagis
950 2683 1042 2740 denuo
1055 2694 1261 2742 consecrentur.
1277 2684 1314 2742 Ut
1327 2685 1476 2759 presbytcri
1490 2703 1506 2743 a
1523 2696 1644 2760 tempore
1658 2687 1739 2745 Nico·

109 2776 159 2833 isti
173 2792 222 2848 per
239 2774 452 2832 inobedientiam
469 2783 611 2832 cantantes
625 2791 674 2846 per
690 2774 900 2832 inobedientiam
950 2778 987 2833 lai
999 2793 1076 2849 papae
1090 2793 1178 2850 usque
1192 2794 1267 2835 nunc
1279 2789 1306 2835 ct
1316 2779 1444 2850 deinceps
1462 2782 1580 2837 scienter
1591 2782 1709 2838 ordinati
1722 2797 1739 2837 a

110 2869 166 2926 sihi
178 2867 445 2925 communicantibus
464 2877 575 2939 propter
587 2867 724 2940 geminam
737 2868 899 2924 inobedien-
952 2871 1117 2928 Simotriacis
1134 2873 1223 2929 sciant
1248 2888 1278 2930 se
1299 2888 1360 2928 esse
1381 2873 1531 2944 depositos.
1554 2893 1564 2926 r
1592 2874 1740 2945 Gregorius

111 2963 179 3020 tiam
198 2961 226 3018 ln
240 2962 297 3019 suis
311 2960 407 3019 officiis
420 2961 567 3034 propinant
582 2969 709 3028 mortem,
724 2975 779 3016 non
795 2960 901 3017 ritaml
951 2971 1043 3019 autem
1067 2965 1200 3037 septimus
1222 2965 1301 3038 quasi
1323 2966 1437 3038 angelus
1458 2967 1522 3023 tuba
1545 2967 1654 3035 cecinit,
1674 2969 1739 3038 quia

108 3056 181 3112 Cum
193 3055 267 3111 enim
279 3056 313 3111 de
326 3055 425 3112 talibus
439 3056 512 3113 dicat
531 3054 664 3112 Dominus
680 3072 687 3110 ε
706 3073 716 3106 r
740 3053 898 3111 lialedicam
914 3074 934 3133 C
951 3056 1070 3128 gladium
1098 3073 1153 3115 non
1181 3068 1236 3115 tam
1258 3059 1423 3127 uenientem,
1446 3076 1528 3132 quam
1552 3061 1739 3116 imminentem

110 3147 350 3205 benedictionibus
364 3148 473 3215 restris,
484 3155 512 3203 et
526 3147 685 3204 benedicam
701 3144 899 3203 maledictioni·
949 3150 1027 3207 vidit.
1040 3150 1110 3207 liieit
1123 3151 1225 3225 igitur:
1243 3171 1252 3205 t
1272 3151 1300 3208 Si
1313 3153 1360 3224 qtti
1376 3165 1441 3209 sunt
1452 3153 1613 3225 presbyteri,
1628 3154 1669 3209 rel
1681 3154 1740 3209 dia-

109 3240 276 3297 busrestris
298 3239 427 3312 (helech.
449 3256 480 3306 n,
495 3238 550 3312 2),
571 3258 581 3293 r
603 3253 694 3294 nonne
719 3254 769 3309 pro
793 3239 900 3310 sagittis
950 3245 1025 3312 curri,
1045 3244 1089 3299 rel
1113 3244 1286 3313 subdiaconi,
1301 3245 1348 3316 qui
1368 3246 1396 3301 in
1413 3244 1528 3301 crimine
1549 3244 1740 3301 ior-nicationis

110 3332 337 3389 maledictionum
355 3331 555 3389 111111111111111
578 3332 659 3388 1111111
675 3346 782 3399 10111111,
796 3333 900 3389 111111111
948 3337 1067 3410 iaceant,
1084 3339 1273 3396 interdicimus
1286 3341 1328 3397 eis
1339 3354 1372 3395 ex
1383 3338 1429 3393 Dei
1442 3347 1519 3410 parte
1532 3338 1738 3409 omnipotentis,

109 3425 172 3483 81111
190 3425 342 3481 1111111111ῑὸ
356 3425 449 3481 11115813
463 3426 627 3482 benedicunt
637 3425 791 3497 1011111111
804 3422 901 3480 1111111111
949 3442 977 3490 et
990 3432 1077 3489 sancti
1088 3430 1162 3488 Petri
1172 3431 1335 3488 auctoritate
1347 3431 1477 3488 Ecclesia
1486 3431 1639 3497 introitum,
1651 3445 1739 3499 usquc

110 3514 172 3587 ipsa
191 3516 274 3571 missa
287 3515 431 3571 interdieta
442 3525 484 3572 est
494 3516 574 3587 qnasi
589 3515 718 3586 pharetra
728 3515 835 3589 sagittis
852 3516 901 3571 ln·
949 3524 1015 3581 dunr
1029 3524 1390 3596 poeniteant,etemendcut.
1405 3522 1434 3579 st
1449 3524 1496 3596 qtri
1510 3538 1574 3580 tero
1586 3523 1612 3577 in
1625 3530 1738 3594 peccato

111 3611 241 3666 1011111111
259 3609 359 3680 [11111111
375 3607 512 3676 1111111111,
538 3611 610 3683 1111011
632 3626 700 3683 11111111
723 3610 900 3667 111101111ῑί11
950 3631 1002 3673 sno
1016 3631 1191 3687 perseuerare
1210 3614 1369 3683 maluerint,
1393 3616 1621 3672 nullusvestrum
1640 3627 1737 3670 eorum

110 3701 140 3756 in
161 3698 282 3771 Epistola
292 3701 516 3757 adhierandrum
527 3703 726 3759 Antiochenam
740 3703 899 3775 episcopum
950 3709 1047 3764 audire
1060 3719 1209 3780 praesumat
1224 3706 1342 3762 odierium
1361 3726 1368 3762 ε
1387 3705 1457 3775 Quia
1472 3706 1626 3763 benedictio
1641 3720 1736 3761 eorum

111 3793 179 3849 dicit
194 3794 265 3848 iuter
279 3802 376 3849 caetera
390 3794 465 3866 (59):
479 3812 488 3845 t
500 3792 624 3851 Ordinati
636 3795 671 3850 ab
685 3795 899 3864 irreteticis,vul·
948 3800 1065 3855 uertitur
1088 3800 1115 3854 in
1137 3797 1368 3865 maledictionem,
1384 3806 1411 3853 et
1431 3798 1519 3853 oratio
1544 3798 1571 3852 in
1594 3805 1736 3868 peccatum

110 3894 237 3941 ncratum
258 3885 396 3956 perillam
412 3902 511 3942 manas
531 3886 733 3958 impositionem
753 3897 835 3958 caput
850 3887 900 3942 ha·
950 3891 1065 3947 Domino
1079 3890 1416 3962 testanteperprophetam
1432 3909 1439 3944 ι
1454 3888 1736 3959 ilaledicam,inquit,

109 3980 187 4034 bent.
203 3977 255 4034 Ubi
276 3989 367 4034 autern
389 3979 487 4035 uulnus
503 3979 615 4035 inlitum
631 3989 682 4045 est,
699 3980 835 4037 medicina
857 3990 900 4036 est
949 3982 1185 4040 benedictionibus
1201 3984 1301 4039 restris
1328 3981 1355 4055 (Ι
1382 3982 1446 4054 lleg.
1465 3998 1511 4053 xa,
1528 3982 1585 4051 23).
1604 3980 1656 4047 Qui
1671 3995 1736 4035 vero

110 4072 276 4137 adhibenda,
286 4087 341 4142 qna
355 4071 442 4142 possit
454 4071 575 4142 recipere
588 4072 732 4128 sanitatem
747 4090 754 4140 ;
773 4087 836 4143 quae
852 4088 898 4129 sa·
948 4076 1014 4132 huic
1025 4074 1206 4133 saluberrimo
1220 4084 1356 4146 precepto
1370 4075 1481 4133 obedire
1491 4073 1639 4140 noluerint,
1652 4072 1736 4128 idolo

109 4164 185 4219 nitas
196 4173 258 4235 post
269 4164 368 4220 vulnus
380 4172 472 4219 secuta
490 4163 551 4221 sinc
562 4163 690 4221 cicatrice
705 4180 766 4221 esse
780 4179 834 4222 non
852 4180 900 4236 po
948 4169 1035 4225 latriae
1045 4176 1187 4241 peceatum
1203 4167 1358 4236 incurrunt,
1376 4167 1503 4224 Samuele
1522 4174 1600 4230 teste,
1615 4176 1643 4222 et
1656 4166 1737 4220 beato

111 4257 185 4312 terit.
205 4254 326 4311 rNotrne
342 4255 382 4311 sic
395 4255 532 4325 1011111111
555 4255 607 4312 istc
620 4254 760 4313 Romanus
773 4254 899 4312 Pontifex
948 4261 1082 4334 Gregorio
1108 4259 1260 4315 instruente
1274 4259 1438 4316 :Peccatum
1457 4258 1591 4316 ariolandi
1613 4265 1657 4313 est
1681 4271 1735 4311 non

109 4347 302 4404 haereticorum
328 4347 528 4403 ordinationem
551 4347 631 4418 guasi
652 4348 819 4419 pharetram,
840 4349 898 4405 sire
948 4354 1069 4422 obedire,
1082 4363 1109 4410 et
1119 4352 1208 4410 scelus
1219 4352 1379 4408 idololatriae
1390 4352 1462 4407 nolle
1473 4352 1656 4423 acquiescere.
1669 4349 1735 4405 Pec-

108 4458 212 4508 ereum,
233 4441 305 4497 unde
315 4441 426 4497 uulnera
438 4443 578 4507 timentur,
596 4439 676 4496 docet
692 4440 828 4497 cavenda?
911 4431 1041 4504 nestum
1065 4445 1148 4518 igitur
1171 4444 1337 4517 paganitatis
1359 4444 1485 4510 incurrit,
1506 4443 1643 4514 quisquis,
1668 4441 1733 4497 tlurn

146 4533 200 4590 Sed
219 4535 283 4604 quia
299 4534 356 4590 haec
375 4534 448 4589 dicta
462 4533 589 4590 ridentur
602 4533 635 4589 de
649 4533 759 4589 Arianis
780 4532 897 4604 aliisque
946 4538 1134 4595 Christianum
1149 4553 1178 4594 se
1191 4538 1299 4605 asserit,
1310 4536 1367 4593 sedi
1379 4535 1534 4606 apostolicae
1548 4534 1657 4591 obedire
1668 4551 1735 4590 con-

109 4626 186 4683 illius
205 4626 337 4695 temporis
352 4623 499 4688 hereticis,
522 4623 665 4679 rideamus
683 4639 717 4679 an
728 4634 827 4680 contra
845 4639 896 4680 no·
946 4630 1053 4686 temnit.
1069 4649 1079 4683 r
1095 4628 1154 4685 lox
1169 4629 1372 4699 speculatorum
1397 4628 1424 4682 in
1445 4628 1594 4699 praemissis
1617 4627 1735 4684 decretis

111 4729 234 4776 sttorum
257 4725 409 4786 temporum
434 4715 586 4782 hereticos,
607 4711 754 4770 Nicolaitas
772 4714 898 4770 videlieet
946 4720 1001 4775 alte
1015 4720 1148 4786 insonuit,
1166 4729 1197 4776 ut
1219 4719 1320 4787 omnis,
1341 4718 1387 4789 qui
1404 4718 1496 4773 audiat
1509 4717 1653 4774 interdicta
1676 4717 1734 4773 oili-

110 4821 194 4882 atquc
212 4808 382 4867 simoniacos
405 4810 459 4865 talc
477 4806 582 4878 aliquid
607 4821 623 4861 a
643 4806 715 4862 sedis
741 4807 897 4876 apostoticae
947 4812 1001 4878 cia,
1018 4811 1097 4882 quasi
1111 4812 1278 4883 pharetram,
1291 4820 1318 4866 et
1335 4825 1442 4877 areum,
1458 4809 1538 4881 quasi
1556 4825 1621 4866 rasa
1636 4808 1736 4866 mortis

108 4906 165 4964 alta
180 4904 289 4976 specula
301 4903 419 4969 dicatur,
434 4917 482 4973 per
499 4900 573 4972 quod
586 4915 682 4956 eorum
695 4914 776 4955 arcus
789 4909 817 4955 et
833 4899 898 4970 pha·
947 4905 1032 4962 uitare
1045 4906 1161 4960 studeat.

108 5008 181 5055 retra
195 4998 326 5054 doceatur
338 4996 475 5052 intentare.
486 4995 610 5049 vulnera.
625 4991 755 5049 Nicolaus
766 5007 834 5063 papa
845 4991 896 5046 lu·
982 4994 1176 5053 Verumtamen
1191 4994 1242 5067 ipsi
1256 4993 1403 5062 maledicti,
1422 5004 1451 5051 et
1471 4995 1605 5052 interdicti
1619 5010 1668 5067 per
1682 5011 1733 5050 soa

109 5087 172 5144 nior
192 5087 296 5158 synodo
312 5084 463 5156 presidens
486 5084 514 5139 in
534 5082 647 5139 ccclesia
670 5080 895 5137 Constantiniana
945 5088 1090 5145 interdicta
1104 5086 1192 5143 officia
1212 5086 1351 5141 intendunt
1376 5104 1478 5155 aream,
1496 5087 1732 5158 parantstgitttrs,

107 5191 241 5251 mannaan
255 5179 410 5249 speculator
425 5177 593 5233 constitutus
606 5176 633 5230 in
655 5174 709 5230 alta
728 5175 839 5245 specula
854 5176 895 5230 ri·
946 5182 1115 5254 attagenem
1135 5181 1162 5235 or
1175 5179 1297 5244 uterere,
1319 5178 1345 5235 td
1364 5188 1407 5235 est
1432 5179 1460 5235 in
1476 5179 1614 5251 anthiguo
1635 5186 1663 5232 et
1683 5177 1732 5231 otu

106 5272 176 5328 dens
188 5270 343 5327 venientem
358 5270 490 5342 1111111111,
508 5269 706 5341 111111111111111
726 5283 895 5335 1111111111·
945 5291 1023 5333 scaro
1039 5271 1191 5345 iniquitatis
1209 5271 1341 5345 mysterio
1355 5272 1528 5343 aliquatenus
1546 5270 1656 5341 palliato
1678 5268 1732 5322 im·

106 5361 460 5418 ratomnenrehristianum
479 5359 592 5417 reddere
613 5369 724 5416 cautum
738 5368 895 5430 1111111111-
946 5367 1064 5438 pietatis,
1078 5374 1105 5420 et
1128 5363 1303 5435 turpitudine
1327 5364 1447 5435 negotio.
1471 5364 1557 5430 Quem
1580 5358 1732 5432 sagittent

106 5454 197 5510 nitunt
212 5465 308 5513 contra
330 5454 443 5511 vulnera
467 5453 696 5523 Simoniacorum,
718 5455 813 5512 dicens
824 5453 896 5511 inter
943 5458 1037 5514 hector
1049 5456 1136 5522 eorde,
1149 5465 1232 5511 rectos
1244 5455 1392 5510 voluntate.
1404 5452 1463 5510 Non
1476 5463 1574 5525 potest,
1588 5451 1728 5524 inquiunt,

105 5554 206 5604 oeera
225 5564 233 5601 a
251 5565 261 5600 1
282 5545 352 5620 Erga
367 5545 539 5603 Simoniacos
554 5545 657 5603 nullam
678 5545 893 5604 misericordiam
943 5549 1027 5621 pollui
1041 5548 1153 5606 verbam
1167 5547 1226 5616 Del,
1248 5561 1302 5603 non
1315 5554 1404 5617 potest
1418 5545 1542 5618 impediri
1563 5544 1649 5619 gratia
1663 5541 1725 5609 Dei,

141 5721 202 5795 (39)
220 5722 310 5781 Causa
326 5722 353 5790 l,
365 5738 393 5795 q.
410 5722 437 5791 i,
451 5739 476 5780 c.
499 5720 607 5779 Ventum
622 5732 669 5779 est.
