3817 6000
184 181 324 240 ¹⁶49
797 179 1355 240 COMMENTARIUM
1394 179 1462 238 ΙΝ
1497 181 1837 238 PSALMos.
1874 212 1948 223 —
1984 181 2167 241 PARS
2204 182 2292 240 vt.
2328 212 2397 224 —-
2434 182 2632 239 PSAL.
2674 183 2810 241 LIV.
3301 188 3439 246 ¹650

181 297 326 354 bona
368 297 549 369 ipsum
584 313 783 354 nomen
831 306 1007 362 tuum,
1040 295 1126 352 vel
1175 297 1428 368 quoniam
1463 297 1656 353 bonum
1682 306 1760 351 est
1788 302 1833 364 Α
1935 296 2121 354 Gloria
2152 298 2309 355 Patri
2338 299 2470 368 Dec,
2494 300 2583 357 cui
2606 299 2806 356 dicitur
2830 318 2845 356 ε
2873 301 3013 358 Deus
3036 301 3090 357 in
3115 304 3321 359 nomine
3349 315 3439 360 tuo

180 389 428 447 confiteri
450 391 659 445 nomini
693 401 787 447 tuo
811 391 973 446 bono.
1018 388 1177 457 Quod
1208 390 1407 446 exinde
1433 397 1600 461 patet,
1627 405 1758 460 quo·
1867 389 2075 444 salvum
2126 407 2208 445 me
2256 392 2366 462 sac.
2412 390 2600 447 Gloria
2626 390 2793 460 Filio,
2830 392 2924 462 qui
2951 395 3100 448 venit
3130 393 3185 447 in
3221 394 3442 450 nomine

178 482 329 537 mant
369 481 426 537 in
450 497 537 537 me
557 497 621 538 ae
656 497 752 552 per
774 499 861 539 me
883 497 1035 539 meos
1057 483 1323 552 eripuisti,
1349 482 1403 538 id
1422 491 1524 550 est,
1552 482 1760 553 absque
1865 479 2067 538 Patris.
2100 480 2282 537 Gloria
2315 479 2544 553 Spiritui
2568 492 2755 538 sanc-to
2778 483 2856 538 illi
2884 481 2980 539 Dei
3003 483 3210 551 virtuti,
3246 483 3313 539 de
3334 500 3442 556 qua

184 573 353 630 dubio
395 572 595 643 eripies
641 589 706 628 ea:
746 574 988 628 omnibus
1021 573 1496 629 tribulationibus:
1535 583 1587 629 et
1636 574 1759 629 ideo
1865 573 2067 631 dicitur
2090 574 2243 632 Deo:
2274 574 2341 629 Et
2368 576 2427 630 in
2463 576 2657 632 virtute
2682 585 2775 632 tua
2799 576 2988 646 libera,
3016 576 3094 631 vel
3116 576 3306 646 judica
3342 593 3442 631 me.

182 681 339 735 super
369 667 610 722 inimicos
637 682 777 722 meos
812 665 1063 737 Ziphaeos
1097 667 1332 737 despexit
1361 667 1546 722 oculus
1592 683 1755 721 meus.
1866 666 2064 724 Amen.

1376 1001 1905 1095 PSALMUS
2001 1003 2247 1098 LIV.

255 1356 491 1424 Exaudi,
518 1355 682 1423 Deus,
716 1358 1007 1412 orationem
1041 1375 1232 1426 meam,
1266 1368 1316 1413 et
1357 1376 1420 1414 ne
1459 1360 1756 1429 despexeris
1864 1358 2116 1416 nimitate
2152 1358 2378 1431 spiritus
2407 1368 2461 1415 et
2502 1367 2844 1431 tempestate.
2899 1359 3165 1432 Namque,
3199 1376 3325 1417 cum
3371 1362 3448 1421 ibi

182 1451 599 1521 deprecationem
640 1466 832 1518 meam,
885 1460 989 1507 etc.
1038 1450 1292 1508 Psalmus
1335 1451 1439 1508 iste
1471 1451 1649 1507 oratio
1673 1460 1760 1508 est
1865 1463 2032 1522 esset,
2064 1463 2122 1511 ut
2142 1452 2494 1522 ait-loannes,
2524 1455 2578 1511 in
2603 1455 2837 1522 civitate,
2856 1470 2977 1526 quae
2991 1455 3191 1512 dicitur
3211 1455 3446 1526 Ephrem

182 1543 378 1613 capitis
409 1541 584 1597 nostri
623 1543 838 1615 agentis
884 1543 952 1599 de
996 1538 1254 1615 praesenti
1312 1542 1626 1600 «ludaeorum
1670 1560 1759 1600 re·
1864 1546 2022 1616 juxta
2063 1548 2363 1614 desertum,
2393 1555 2512 1603 erat
2555 1547 2776 1618 quidam
2829 1547 3115 1618 languenS,
3144 1547 3388 1605 Lazarus
3416 1565 3450 1606 a

182 1636 342 1706 pulsa
386 1643 442 1691 et
471 1634 539 1690 de
592 1634 942 1691 damnatione
983 1636 1199 1693 illorum
1246 1646 1448 1694 aeterna
1479 1648 1533 1694 et
1572 1639 1639 1694 de
1666 1653 1760 1693 as·
1794 1686 1837 1741 B
1869 1640 2153 1706 Bethania,
2178 1655 2300 1711 quae
2321 1639 2426 1696 sita
2463 1650 2547 1697 est
2581 1640 2635 1695 in
2667 1639 2875 1706 Judaea,
2909 1649 2963 1694 et
2988 1640 3277 1711 metropoli
3299 1657 3451 1698 sum-

182 1729 493 1798 sumptione
509 1726 751 1799 gentium
773 1736 828 1784 et
853 1728 920 1784 de
949 1730 1239 1786 securitate
1261 1729 1500 1786 fidelium
1522 1730 1579 1787 in
1608 1740 1763 1786 aeter-
1868 1748 1972 1787 mae
2012 1730 2325 1788 Judaeorum
2349 1729 2654 1789 Jerusalem
2697 1733 2876 1788 vicina
2912 1741 3013 1788 est.
3058 1732 3306 1803 Cumque
3334 1734 3451 1803 ipse

183 1838 337 1877 num.
371 1820 696 1878 inscribitur
723 1829 906 1876 antem
940 1822 1020 1878 sic
1054 1842 1067 1877 ε
1866 1832 2157 1880 vocaretur
2183 1840 2214 1880 a
2244 1825 2529 1883 sororibus
2574 1824 2789 1894 Lazari,
2815 1826 2961 1881 velut
2994 1826 3285 1880 immemor
3308 1837 3446 1880 tem-

274 1913 464 1986 (Vcns.
494 1916 548 1986 1)
575 1931 628 1971 tu
659 1931 839 1980 nunu,
874 1932 933 1970 m
965 1932 1281 1973 canutumus
1308 1933 1673 1973 rurctzcc'rus
1865 1916 2095 1987 pestatis
2140 1914 2400 1983 Judaicae,
2429 1932 2536 1988 qua
2559 1917 2723 1987 paulo
2771 1926 2898 1972 ante
2926 1917 3085 1988 quasi
3125 1918 3449 1987 lapidandus

817 2025 919 2065 trst
947 2026 1128 2065 nutu.
1867 2008 2026 2080 fugit,
2050 2016 2106 2064 et
2138 2009 2301 2080 paulo
2325 2018 2450 2079 post
2471 2008 2899 2080 crucifigendum
2931 2025 2989 2063 se
3013 2024 3120 2063 non
3154 2009 3447 2080 ignoravit,

255 2098 321 2156 Et
342 2111 425 2157 est
463 2117 698 2158 sensus:
741 2101 1048 2157 Intellectus
1074 2101 1239 2173 hujus
1281 2102 1479 2173 psalmi
1502 2103 1766 2159 estattri-
1866 2115 2121 2157 reversus
2154 2109 2238 2156 est
2283 2100 2338 2154 in
2370 2099 2636 2169 Judaeam,
2681 2101 2936 2171 venitque
2973 2099 3314 2169 Bethaniam,
3353 2101 3449 2156 ubi

183 2193 435 2251 buendus
476 2211 608 2251 vero
659 2195 851 2263 David,
888 2195 942 2250 id
984 2203 1089 2264 est,
1125 2193 1348 2252 Christo
1391 2196 1765 2266 perseveranti
1868 2191 2139 2247 Lazarum
2193 2193 2511 2249 suscitando
2563 2200 2618 2248 et
2644 2192 2823 2263 palam
2879 2192 3247 2264 praedicando,
3285 2201 3452 2264 atque

187 2286 246 2340 in
270 2287 429 2357 finem
459 2287 541 2343 vel
571 2287 1101 2344 consummationem
1140 2286 1463 2343 obedientiae
1518 2303 1651 2344 suae.
1702 2286 1770 2343 Et
1868 2282 2267 2358 Jerosolymam
2323 2287 2546 2342 veniens
2586 2286 2643 2339 in
2684 2284 2860 2352 asina,
2917 2292 2977 2351 et,
3014 2284 3164 2354 pullo
3194 2285 3270 2339 ita
3317 2299 3451 2340 con-

188 2379 296 2435 hoc
322 2379 379 2433 in
420 2379 764 2445 carminibus,
812 2379 866 2436 id
912 2388 1017 2448 est,
1040 2379 1097 2435 in
1122 2379 1486 2452 jucunditate.
1534 2379 1770 2438 Maxime
1870 2387 2082 2435 stanter
2110 2380 2352 2446 incessit,
2386 2389 2440 2435 et
2460 2379 2600 2436 bene
2627 2379 2811 2435 omnia
2841 2378 2990 2446 iecit,
3018 2394 3083 2434 ac
3107 2379 3152 2434 si
3184 2379 3318 2433 nihil
3347 2394 3447 2435 un·

185 2480 370 2527 autem
399 2469 662 2529 informat
691 2472 760 2529 ad
790 2488 965 2544 spem,
1001 2473 1150 2544 quod
1185 2487 1253 2529 ex
1277 2483 1433 2544 parte
1484 2474 1617 2531 honi
1638 2491 1763 2531 cer·
1870 2487 2037 2543 quam
2054 2472 2515 2543 pusillanimitatis
2547 2469 2999 2538 lniinmi·i1.Qnasi
3014 2471 3248 2527 diceret:
3272 2471 3453 2539 Quan-

184 2563 382 2620 tatoris
402 2563 603 2620 dicitur
636 2584 650 2619 ε
684 2563 814 2632 Quis
835 2565 986 2620 dabit
1009 2564 1140 2618 milti
1164 2582 1361 2636 pennas
1392 2567 1532 2620 sicut
1567 2566 1770 2621 colum-
1870 2566 1943 2622 do
1965 2580 2066 2620 vos
2095 2563 2264 2619 Judffli
2303 2566 2547 2618 innuistis
2584 2582 2664 2618 nn:
2700 2566 2958 2634 lapidare,
2985 2564 3114 2634 quia
3157 2564 3248 2619 tali
3275 2572 3452 2620 morte

187 2655 288 2724 bae,
319 2663 370 2711 et
402 2656 587 2711 volabo
634 2664 685 2712 et
714 2658 1059 2728 requiescam,
1114 2664 1246 2725 etc„
1292 2672 1469 2729 usque
1498 2658 1566 2715 ad
1601 2659 1769 2715 linem
1870 2657 2013 2713 mori
2033 2657 2203 2723 nolui,
2231 2670 2283 2710 ει
2311 2658 2451 2726 quini
2479 2658 2720 2710 nuntium
2764 2664 2984 2712 rcnnrat
3014 2655 3149 2710 hora
3179 2672 3319 2723 mea,
3349 2671 3450 2728 ego

186 2746 539 2804 ubidicitur:
573 2746 687 2802 Viri
700 2750 1019 2820 sanguinum
1034 2758 1084 2804 et
1099 2747 1391 2804 dolosinon
1408 2750 1770 2806 dimidiabunt
1872 2757 2136 2821 tanquam
2163 2750 2531 2819 pusillanimis
2576 2758 2628 2803 ει,
2664 2750 2910 2803 infirmus
2956 2747 3206 2819 elongavi
3235 2746 3451 2819 fugiens

189 2840 302 2895 dies
329 2857 454 2897 suos
486 2856 505 2894 :
542 2858 635 2912 eqo
686 2851 863 2897 autem
905 2842 1125 2913 sperabo
1166 2843 1225 2897 in
1260 2852 1327 2911 te,
1365 2842 1611 2899 Domine.
1643 2842 1769 2900 Ideo
1870 2850 1926 2897 ει
1953 2841 2132 2897 mansi
2169 2841 2219 2895 in
2259 2843 2568 2895 solitudini:
2608 2843 2676 2895 tini
2724 2859 2888 2895 orans
2937 2848 2995 2897 et
3038 2840 3338 2912 discipulos
3367 2840 3452 2895 in-

189 2940 372 2988 autem
403 2931 607 2988 dicitur
654 2932 710 2988 in
751 2932 910 2989 titulo
950 2952 963 2989 ι
1019 2931 1087 2989 ln
1126 2934 1469 3003 carminibus,
1506 2935 1637 3007 quia
1673 2950 1771 3006 spe
1873 2933 2119 2993 formans
2146 2939 2527 3007 ex5111„·.⁴.·tnlinttl
2556 2955 2700 3003 utun,
2732 2939 2820 3003 qni
2852 2933 3063 2990 salvum
3091 2949 3179 2989 me
3199 2932 3450 2990 sacereta

189 3024 488 3094 gaudentes
530 3025 760 3082 delectat
809 3027 863 3081 in
919 3027 1255 3085 carminibus
1307 3028 1530 3085 laudare
1571 3027 1765 3084 Deum.
1796 3029 1841 3090 C
1870 3030 2317 3102 ριιείιὶειιιίιιιὶῑ;ι.ιι,;Ι
2367 3031 2592 3099 spiritns
2636 3043 2692 3083 ct
2748 3035 3111 3099 tempestate:
3162 3026 3311 3098 quod
3336 3027 3450 3099 jam

191 3115 403 3173 Dicitur
421 3118 585 3173 etiam
612 3116 907 3173 intellectus
935 3119 1135 3187 David,
1162 3119 1292 3189 quia
1314 3135 1545 3191 magnus
1574 3119 1768 3188 David,
1872 3120 2078 3178 iactum
2102 3130 2207 3188 εει,
2254 3123 2382 3193 quia
2411 3137 2538 3178 ecce
2574 3119 2863 3177 manifeste
2893 3119 3241 3191 'ingrediente
3271 3135 3358 3175 me
3394 3120 3451 3175 in

192 3212 245 3266 id
277 3220 380 3279 est,
412 3212 622 3284 integer
650 3212 929 3280 Christus,
957 3221 1122 3283 caput
1150 3222 1207 3269 et
1231 3228 1433 3285 corpus
1474 3214 1563 3270 hic
1591 3214 1771 3286 loqui·
1872 3223 2118 3271 sanctam
2153 3215 2427 3271 civitatem
2465 3213 2815 3269 Hebraeorum
2848 3213 3003 3283 pueri
3025 3227 3113 3267 me
3141 3227 3322 3283 regem
3345 3210 3452 3267 Da-

192 3313 305 3369 tur,
332 3305 491 3375 cujus
519 3306 764 3361 membra
788 3312 1082 3361 monentur
1108 3306 1435 3377 intelligere,
1464 3305 1519 3361 in
1553 3320 1665 3377 quo
1683 3306 1771 3362 vel
1873 3307 1964 3361 vid
1994 3307 2319 3378 glorificant,
2353 3315 2407 3362 et
2449 3321 2548 3377 ego
2603 3305 2760 3377 quasi
2791 3319 2888 3360 rex
2920 3311 3134 3373 potens,
3180 3304 3292 3359 imo
3323 3318 3451 3375 rege

192 3404 401 3466 quanto
442 3397 556 3453 sint
584 3395 751 3452 malo.
780 3394 938 3463 Quod
966 3411 1092 3452 cum
1126 3396 1515 3466 intellexerint,
1548 3406 1694 3454 recte
1714 3397 1772 3452 in
1873 3397 2069 3468 quovis
2110 3396 2164 3452 in
2209 3397 2482 3453 inlinitum
2540 3395 2736 3452 sortior
2784 3393 2949 3459 facio,
3005 3391 3153 3463 quod
3203 3392 3450 3448 inlinitus

190 3486 411 3559 hymnis
455 3487 542 3542 vel
583 3487 921 3543 carminibus
966 3486 1191 3542 laudant
1220 3486 1392 3543 Deum
1444 3502 1555 3544 non
1589 3488 1771 3545 solum
1873 3505 1986 3545 non
2033 3498 2217 3561 posset
2251 3498 2441 3544 contra
2475 3506 2573 3545 vos
2623 3488 2897 3544 exercitus
2945 3485 3165 3554 secisse,
3213 3500 3310 3558 per
3345 3484 3451 3542 hoc

193 3583 567 3637 consolantem
596 3581 733 3637 laetis
755 3588 811 3637 ει
846 3582 1145 3651 prosperis,
1177 3596 1367 3637 verum
1412 3582 1577 3638 etiam
1605 3581 1773 3638 casti·
1872 3582 2167 3639 ostendens
2199 3597 2284 3637 me
2325 3582 2592 3637 salvatum
2654 3597 2686 3636 a
2728 3580 3176 3651 pusillanimitate
3224 3576 3451 3648 spiritus

195 3682 411 3744 gantem
436 3681 491 3728 et
526 3672 965 3743 disciplinantem
988 3671 1143 3727 duris
1170 3681 1225 3729 et
1246 3671 1510 3729 adversis.
1875 3673 2126 3740 humani,
2153 3673 2297 3744 quod
2323 3674 2377 3727 in
2410 3671 2729 3727 fortitudine
2753 3671 2978 3741 spiritus
3006 3668 3176 3724 divini
3206 3670 3322 3723 zelo
3353 3667 3452 3721 do-

266 3765 406 3833 Quia
446 3780 577 3821 vero
607 3780 732 3837 spes
774 3765 924 3821 velut
970 3766 1117 3822 mola
1170 3764 1421 3836 superior
1452 3763 1662 3819 inutilis
1689 3772 1773 3818 est
1873 3782 2000 3822 mus
2028 3766 2124 3821 Dei
2169 3781 2257 3820 me
2285 3763 2602 3822 comedente
2632 3778 2854 3819 mensas
2885 3771 3097 3818 vestras
3122 3769 3370 3817 evertens
3397 3768 3453 3814 et

194 3857 403 3928 absque
423 3857 642 3925 timore,
682 3872 806 3928 quae
841 3864 928 3913 est
958 3858 1104 3914 mola
1131 3854 1381 3924 inferior,
1404 3855 1571 3911 homo
1589 3854 1772 3926 justus
1874 3873 1951 3915 aes
1981 3858 2265 3914 effundens
2316 3856 2615 3912 vendentes
2643 3862 2698 3910 et
2720 3863 2965 3910 ementes
2993 3852 3129 3923 ejeci
3154 3852 3222 3906 de
3249 3849 3450 3920 templu

192 3957 250 4003 et
273 3948 582 4016 timoratus,
608 3948 755 4005 verbi
781 3948 952 4020 gratia
973 3947 1167 4004 Petrus
1192 3947 1370 4004 adhuc
1386 3946 1769 4017 pusillanimis,
1877 3952 2059 4024 (loun.
2094 3970 2126 4007 x
2147 3959 2201 4006 et
2228 3950 2327 4021 xi).
3391 3947 3399 3954 ”

196 4040 592 4111 intempestate
618 4039 910 4112 fluctuans,
928 4039 1018 4096 hic
1039 4038 1318 4104 inducitur
1339 4039 1602 4111 plangens
1628 4039 1772 4094 mala
1949 4045 2054 4100 Sed
2082 4058 2229 4098 nunc
2255 4041 2546 4098 redeamus
2571 4039 2639 4093 ad
2667 4039 2959 4111 psalmum,
2993 4037 3086 4107 qui
3111 4036 3180 4091 ab
3202 4034 3452 4090 oratione

199 4130 363 4202 hujus
398 4132 603 4200 saeculi,
645 4132 738 4204 qui
781 4149 907 4190 cum
953 4133 1078 4190 aliis
1123 4131 1384 4204 prodesse
1433 4145 1541 4184 non
1577 4131 1770 4201 possit,
1875 4137 2088 4208 incipit,
2115 4135 2260 4207 quod
2289 4150 2414 4190 cum
2441 4132 2563 4188 aliis
2593 4130 2819 4204 psalmis
2852 4131 2920 4186 de
2956 4129 3211 4199 passione
3243 4127 3452 4198 agenti-

199 4224 458 4280 deliberat
487 4240 546 4280 se
569 4241 599 4280 a
631 4235 711 4281 tot
731 4224 1025 4292 scandalis,
1058 4240 1124 4282 ne
1146 4224 1251 4283 sibi
1275 4233 1527 4289 noceant,
1559 4240 1775 4296 separa·
1875 4227 1981 4283 bus
2036 4227 2201 4282 habet
2249 4239 2563 4287 commune,
2596 4222 2725 4292 quia
2777 4220 2833 4276 hi
2863 4234 3056 4276 omnes
3103 4219 3173 4273 ab
3203 4219 3453 4273 oratione

200 4333 278 4372 re.
313 4315 371 4373 ln
408 4318 565 4388 cujus
596 4319 674 4375 rei
701 4319 872 4391 ligura
897 4318 1085 4386 David,
1126 4334 1251 4375 cum
1280 4334 1407 4375 eum
1436 4316 1564 4373 Saul
1586 4332 1773 4389 perse·
1801 4370 1849 4425 D
1880 4322 2162 4377 inchoant.
2214 4317 2465 4376 Secunda
2493 4326 2649 4387 parte
2688 4312 3017 4369 adversariis
3047 4310 3240 4383 dignas
3261 4325 3453 4381 poenas

198 4420 457 4479 queretur
503 4418 557 4466 et
605 4411 753 4467 cives
793 4412 902 4479 sui,
931 4427 1033 4483 pro
1074 4412 1342 4469 molestiis
1383 4426 1575 4468 eorum
1627 4427 1773 4484 saepe
1878 4416 2210 4486 imprecatur
2233 4412 2468 4468 diceus:
2518 4408 2831 4479 Proecipita,
2883 4404 3121 4471 Domine,
3151 4403 3324 4458 divide
3341 4402 3451 4458 lin·-

199 4501 338 4573 l'ugit
364 4501 418 4556 in
446 4501 792 4559 solitudinem
827 4502 885 4558 in
929 4503 1207 4559 montibus
1229 4511 1284 4557 et
1308 4504 1607 4575 speluncis,
1641 4505 1772 4559 etin
1875 4525 2006 4579 quas
2034 4521 2237 4561 eorum.
2271 4502 2477 4571 Tertio,
2509 4502 2640 4572 quid
2669 4498 2808 4565 sibi,
2850 4507 2906 4553 et
2943 4495 3074 4567 quid
3123 4495 3452 4553 adversariis

200 4595 449 4651 cavernis
473 4603 631 4652 terrae
659 4596 946 4661 latitando,
980 4597 1126 4652 unde
1155 4609 1209 4653 et
1256 4597 1389 4655 dicit
1422 4617 1435 4652 :
1468 4597 1603 4653 Ecce
1624 4597 1773 4654 elon·
1876 4599 2062 4665 faciat,
2115 4595 2424 4653 alternatim
2477 4593 2822 4665 procedendo
2871 4590 3101 4645 affirmat
3145 4589 3238 4643 ubi
3268 4589 3400 4643 dicit
3434 4607 3449 4641 ε

199 4690 317 4759 pavi
366 4689 569 4761 fugiens
595 4700 644 4744 et
667 4690 842 4744 mansi
868 4690 926 4744 in
952 4688 1258 4745 solitudine.
1287 4688 1401 4746 lloc
1429 4706 1590 4747 nemo
1622 4690 1771 4758 facit,
1876 4690 1993 4761 Eyo
2023 4699 2199 4743 autem
2245 4689 2315 4742 ad
2360 4687 2528 4741 Deum
2555 4685 2803 4748 clamavi,
2852 4691 2902 4737 et
2944 4680 3202 4736 Dominus
3227 4680 3454 4735 salvabit

200 4792 259 4837 ut
288 4782 632 4837 solitudinem
661 4783 805 4839 villis
832 4792 889 4838 et
914 4781 1228 4840 civitatibus
1260 4782 1512 4853 praeferat
1550 4784 1657 4839 nisi
1681 4785 1774 4855 qui
1878 4800 1981 4837 me.
2011 4781 2296 4837 Laborans
2325 4794 2456 4851 ergo
2488 4786 2634 4834 totus
2659 4777 2914 4833 Christus
2937 4774 3080 4829 inter
3104 4773 3304 4829 fluctus
3347 4790 3451 4827 sac-

202 4875 451 4946 intelligit
489 4876 632 4931 hanc
679 4876 957 4947 regionem
984 4877 1193 4933 umbrae
1222 4876 1437 4944 mortis,
1468 4877 1522 4931 in
1554 4893 1662 4949 qua
1690 4894 1777 4934 su·
1878 4878 1987 4934 culi
2023 4884 2145 4931 orat
2184 4875 2371 4930 dicens
2413 4892 2426 4927 :

204 4985 349 5035 mus,
379 4985 487 5024 non
510 4985 631 5027 csse
657 4970 836 5026 locum
871 4971 1055 5043 gaudii
1094 4972 1189 5027 sed
1213 4971 1490 5028 moeroriS.
1952 4968 2116 5025 Vens.
2166 4968 2221 5022 2.
2274 4964 2511 5033 Exaudi,
2555 4964 2719 5031 Deus,
2774 4963 3066 5017 orationem
3115 4975 3307 5026 meam,
3347 4973 3453 5028 qua

274 5061 377 5119 Per
400 5071 573 5119 totum
604 5079 733 5120 vero
774 5065 1047 5135 psalmum
1079 5064 1292 5138 integra
1330 5065 1637 5136 proprietas
1662 5063 1777 5119 snr-
1878 5063 2024 5119 bona
2055 5062 2190 5117 mihi
2240 5058 2488 5130 meisque
2517 5057 2825 5115 necessaria
2871 5064 2927 5112 et
2978 5052 3131 5109 utilia
3173 5064 3363 5121 posco,
3405 5059 3455 5103 et

203 5171 308 5212 mae
366 5156 578 5212 servilis
627 5156 681 5211 in
722 5156 943 5214 Christo
989 5156 1342 5225 describitur,
1373 5158 1430 5212 in
1460 5171 1571 5226 qno
1619 5155 1778 5212 nobis
1879 5155 2300 5226 deprecationem
2333 5167 2525 5219 meam,
2560 5165 2669 5221 qua
2710 5149 2874 5205 noxia
2916 5144 3187 5204 removeri
3214 5153 3360 5216 peto,
3395 5159 3457 5196 ne

202 5248 365 5305 datur
384 5249 693 5319 exemplum
719 5248 993 5319 patientiae
1014 5248 1178 5305 simul
1198 5257 1254 5307 et
1273 5246 1616 5313 humilitatiS,
1642 5263 1779 5318 quo-
1879 5246 2203 5315 despexeris,
2252 5243 2307 5300 id
2329 5250 2433 5310 est,
2476 5257 2544 5297 ne
2571 5241 2882 5311 despectam
2935 5253 3031 5294 seu
3059 5237 3221 5292 vilem
3253 5235 3457 5290 habeas

203 5344 353 5399 niam
381 5353 435 5397 et
464 5344 581 5412 ipse
608 5341 891 5398 humiliter
918 5341 1208 5399 sentiendo
1248 5350 1303 5396 et
1343 5340 1660 5413 patientiam
1696 5350 1777 5396 te-
1880 5340 2206 5406 orationem,
2239 5349 2298 5394 ut
2323 5336 2760 5407 deprecationem
2788 5348 2983 5390 eorum
3007 5331 3267 5402 despiciet,
3291 5330 3456 5387 etiam

202 5435 408 5504 nendo,
458 5450 582 5490 cum
630 5435 873 5506 lapidare
916 5436 1118 5492 vellent
1145 5451 1269 5491 eum
1300 5434 1495 5502 Judaei,
1536 5432 1674 5505 sugit
1722 5436 1780 5489 in
1881 5449 2008 5490 cum
2035 5448 2132 5489 eos
2161 5430 2407 5497 exaudiS‚
2438 5430 2534 5501 qui
2578 5429 2646 5485 ad
2671 5436 2722 5484 te
2748 5428 2987 5484 clamant
3034 5442 3132 5497 pro
3167 5425 3299 5483 solis
3321 5432 3458 5479 tem-

204 5530 580 5594 solitndinem,
625 5538 681 5584 ct
724 5528 798 5585 ibi
833 5528 1151 5585 morabatur
1181 5544 1307 5584 cum
1334 5526 1619 5598 discipulis
1642 5526 1776 5585 suis.
1882 5526 2163 5599 poralibus
2209 5527 2292 5581 vel
2340 5524 2499 5581 bonis
2549 5521 2949 5593 consequendis
2978 5522 3062 5578 vel
3093 5518 3250 5575 malis
3305 5533 3458 5574 auto-

206 5625 281 5684 lbi
306 5626 657 5696 exspectabat
697 5641 847 5693 eum,
894 5624 985 5696 qui
1019 5624 1229 5679 salvum
1261 5639 1320 5680 se
1350 5624 1475 5681 fecit
1505 5640 1533 5679 a
1558 5624 1783 5696 pusilla·
1887 5620 2076 5680 vendis
2105 5619 2172 5678 ad
2197 5620 2304 5677 hoc
2326 5627 2559 5687 tantum,
2591 5616 2728 5675 utin
2751 5614 2854 5672 hac
2891 5612 3000 5673 dic.
3028 5629 3151 5684 quae
3176 5612 3240 5668 ad
3264 5625 3459 5684 pacem
