3817 6000
431 180 574 238 ¹245

1353 171 1659 230 omnum
1699 170 1789 226 Pu
1800 167 2090 228 AEPOSlTl
2131 162 2676 225 nsstcussnspssnc.

3523 175 3687 230 teta

427 291 521 347 sed
551 290 751 348 nomini
793 298 882 344 tuo
901 287 973 342 da
1006 287 1235 359 qloriam
1256 284 1373 357 (Ps.
1398 300 1551 350 exin,
1584 285 1659 354 l).
1699 282 1791 341 Sic
1816 282 2002 351 afferte
2028 284 2075 341 Α
2103 289 2408 335 creaturam
2450 277 2657 333 creavit
2687 316 2702 343 ,
2746 274 2960 347 quique
3014 275 3216 334 Filium
3285 295 3450 337 sunm
3520 283 3692 338 misit.

428 385 656 458 Domino
678 383 904 455 qloriam
930 390 981 437 et
1016 381 1264 436 honorem
1293 394 1312 433 .·
1343 376 1434 434 Sic
1455 378 1639 447 afferte
1660 375 1885 448 qloriam
1907 392 2002 429 no-

431 478 564 532 mini
582 475 719 546 ejus,
744 484 804 531 ut
832 474 947 530 sive
968 472 1110 530 tilios
1133 471 1363 526 arietum
1387 484 1605 540 parvos,
1634 478 1689 526 et
1714 467 2005 540 imperfec-

439 578 526 625 tos
553 568 607 625 in
635 566 1016 625 observatione
1039 572 1434 637 praeceptorum
1461 578 1578 628 vos,
1604 561 1685 616 vel
1726 560 1864 616 alios
1890 557 2005 614 Deo

432 659 694 727 afferatis,
720 660 836 716 sive
861 672 992 714 oves
1013 656 1150 715 l'etas
1172 657 1227 712 in
1257 654 1483 728 gloriam
1533 663 1589 710 et
1613 656 1873 709 bonorem
1906 650 2003 707 Dei

432 763 531 819 per
550 745 953 804 observantiam
980 744 1194 803 consilii
1226 759 1324 800 vos
1347 784 1363 813 ,
1393 743 1479 800 vel
1500 742 1637 799 alios
1674 740 2002 808 exhibeatis,

435 837 621 895 omnia
645 837 700 893 in
728 836 954 908 gloriam
982 834 1100 903 Dei,
1130 844 1186 892 et
1238 850 1348 891 non
1378 842 1616 891 vestram
1647 833 1883 891 faciatis.
1944 830 2003 888 ln

436 931 547 986 line
565 928 835 1000 cuiusque
864 927 1082 999 psalmi,
1102 936 1159 984 et
1178 926 1354 998 magis
1373 926 1430 982 in
1461 926 1589 993 tine,
1629 925 1713 981 vel
1737 939 2003 982 consum-

435 1020 676 1077 matione
711 1019 1044 1077 tabernaculi
1066 1018 1364 1075 militantes
1393 1016 1506 1074 Deo
1530 1018 1586 1073 in
1625 1017 1732 1073 hoe
1751 1017 1872 1090 ipso
1919 1026 2005 1072 ta-

437 1114 755 1181 bernaculo,
785 1112 933 1183 quod
958 1120 1045 1168 est
1069 1111 1331 1179 Ecclesia,
1362 1111 1448 1167 vel
1476 1111 1679 1167 munda
1718 1125 1852 1167 caro
1907 1125 2007 1167 cu·

433 1205 636 1276 jusque
678 1213 921 1260 vestrum
975 1203 1139 1260 dicite
1184 1202 1517 1275 frequenter,
1561 1202 1727 1259 dicite
1775 1202 2008 1259 libenter

436 1308 491 1353 et
526 1313 590 1353 ex
634 1297 797 1354 corde
826 1316 840 1352 ε
874 1295 1058 1351 Gloria
1100 1295 1297 1365 Patri,
1350 1306 1404 1352 et
1454 1294 1636 1364 Filio,
1680 1304 1731 1351 et
1778 1293 2009 1366 Spiritui

437 1399 642 1445 sarecto.
701 1389 785 1445 Sir·
861 1393 1042 1453 :affe-rte
1122 1393 1342 1461 ylariani
1413 1390 1615 1444 nomini
1688 1387 1823 1464 ejas.
1886 1384 2009 1442 Non

438 1479 584 1545 dico,
614 1481 949 1545 nominibus,
981 1481 1138 1549 qnasi
1166 1481 1371 1545 tritinia,
1402 1479 1498 1535 sed
1518 1478 1680 1550 quasi
1714 1477 1844 1544 uni,
1895 1477 2009 1533 imo

439 1586 567 1627 vere
593 1573 683 1626 uni
717 1573 997 1626 Trinitatis
1030 1573 1258 1638 simullai,
1286 1573 1427 1627 sicut
1455 1570 1710 1642 baptizati
1740 1570 1873 1626 estis
1896 1583 2007 1625 non

443 1660 499 1715 in
529 1662 861 1726 nominihus,
893 1662 985 1714 52:11
1018 1666 1070 1714 m
1094 1666 1298 1714 aarum
1330 1662 1531 1727 Patris,
1562 1671 1613 1717 el
1643 1660 1798 1729 Filii,
1819 1670 1868 1716 el
1895 1657 2015 1731 Spi·
2041 1642 2085 1699 Β

443 1751 579 1809 rt‘ltts
605 1754 797 1806 salicti.
829 1754 1026 1821 :liseria
1050 1754 1270 1822 {floriani
1302 1754 1501 1809 immt'm'
1541 1753 1674 1824 ejus.

506 1843 699 1899 Aliter.
730 1841 775 1899 Ο
798 1844 899 1914 filii
920 1842 1019 1899 Dei
1058 1859 1154 1915 per
1184 1842 1446 1914 Spiritum
1503 1854 1753 1901 sanctum
1783 1859 2012 1917 regene-

440 1935 568 2002 rati,
604 1945 771 2006 atque
797 1934 852 1989 in
873 1934 1221 2007 adoptionem
1280 1935 1545 1992 Filiorum
1580 1936 1781 2003 vocati,
1831 1936 2008 1993 eidem

439 2023 673 2082 Domino
697 2028 906 2084 scilicet
929 2025 1156 2097 Spiritui
1203 2034 1417 2096 sancto,
1470 2043 1568 2099 per
1612 2028 1775 2100 cuius
1818 2044 2014 2100 opera·

441 2117 645 2175 tionem
673 2118 875 2177 facturn
905 2127 1011 2188 est,
1041 2128 1102 2174 ut
1153 2118 1275 2176 sitis
1314 2118 1440 2176 Filii
1469 2119 1586 2190 Dei,
1624 2121 1822 2192 Afferte
1871 2121 2013 2194 filios

440 2209 670 2264 arietum
694 2208 837 2268 sicut
880 2224 1046 2281 supra
1081 2217 1167 2267 est
1203 2211 1550 2282 expositum,
1595 2222 1651 2269 et
1690 2213 1876 2284 afferte
1929 2214 2015 2271 illi

440 2298 669 2371 gloriam
697 2310 748 2357 et
772 2302 1043 2358 honorem.
1069 2299 1336 2369 Gloriam,
1368 2311 1431 2358 ut
1457 2304 1714 2373 credatis,
1738 2317 1793 2364 et
1814 2307 2013 2365 dicatis

439 2407 566 2447 eum
597 2408 705 2449 non
728 2409 850 2451 esse
877 2401 1185 2451 creaturam
1224 2393 1368 2451 sicut
1392 2395 1557 2454 Arius
1583 2406 1639 2454 et
1665 2396 2016 2457 Macedonius

442 2485 906 2557 blasphemabant.
933 2489 1039 2547 Sed
1060 2508 1170 2549 una
1189 2507 1315 2550 eum
1337 2490 1521 2559 Patre,
1549 2506 1614 2547 ac
1633 2490 1773 2548 Filio
1790 2491 2017 2549 Creato-

439 2593 556 2633 rem
601 2579 906 2637 increatum
954 2582 1306 2655 immensum,
1347 2593 1611 2642 aeternum
1667 2593 1723 2641 et
1761 2584 2014 2656 omnipo-

439 2676 664 2727 tentem.
690 2670 958 2728 Honorem
987 2689 1208 2745 quoque
1247 2676 1300 2731 in
1349 2675 1456 2732 hoc
1505 2674 1581 2730 illi
1632 2674 1890 2743 afferatis,
1956 2684 2016 2732 ut

440 2761 605 2818 corde
629 2764 909 2821 credentis
937 2766 997 2821 nul
1029 2766 1321 2833 jammam,
1354 2777 1402 2821 tl
1466 2785 1554 2821 ura
1606 2773 1922 2825 msuliwntrs-
1946 2773 2010 2825 ¹:nl

442 2855 673 2911 salutem
733 2861 1037 2925 marulii-ntis
1089 2877 1209 2913 cittii
1249 2861 1438 2929 :annuali
1486 2865 1686 2917 hunnis:
1734 2881 1834 2917 mm
1882 2881 2006 2917 runi

441 2945 603 3005 Patre
634 2963 697 3006 8-ss
759 2953 889 3005 1:515„
929 2953 997 3005 ab
1025 2951 1277 3005 tii-'tinibus
1313 2957 1578 3009 erraturis
1610 2953 2006 3021 irminrnmlutn,

443 3040 514 3096 ab
538 3043 745 3112 angeli}-
765 3053 817 3093 al
845 3045 1157 3097 haminibus
1193 3045 1550 3101 nummulum.
1582 3049 1754 3113 Altffi‘tffl
1782 3057 1838 3097 ut.
1878 3061 2006 3117 npe-

441 3132 599 3190 ribus
617 3137 1002 3201 comprobatis,
1029 3153 1215 3189 reruni
1261 3153 1402 3201 esse,
1458 3141 1602 3209 qnod
1646 3141 1870 3197 illinistis.
1914 3157 2006 3193 ius

443 3223 539 3294 qui
570 3237 693 3279 euni
729 3225 1069 3281 adorandum]
1109 3229 1434 3297 prmilicaitizs,

514 3311 745 3370 Adur-arr
793 3317 1073 3369 Hali-illrum
1119 3321 1173 3373 in
1213 3323 1354 3373 {sirit}
1382 3329 1562 3373 aritiam
1626 3321 1734 3389 rjus
1762 3325 1838 3377 tel
1894 3341 1908 3377 ;
1958 3325 2010 3373 in

443 3405 572 3461 aula
602 3422 785 3463 sain-fn
825 3410 957 3478 rjus,
989 3414 1037 3466 ill
1081 3422 1181 3478 est,
1241 3414 1289 3466 in
1345 3418 1506 3470 emti-:3
1550 3434 1642 3486 prr
1690 3418 2006 3470 r.h.·n·it.·11·,·.m

444 3495 668 3554 dilatato
701 3514 753 3554 ut
781 3502 1133 3566 satiatilicnln,
1177 3502 1321 3574 qum!
1374 3518 1454 3560 est
1490 3506 1686 3574 regalis
1722 3506 1846 3558 isnin
1898 3510 2010 3574 rjus

444 3586 500 3640 in
537 3603 645 3658 qua
709 3594 809 3642 teri
849 3594 1153 3646 rnlnrmnrea·
1193 3598 1486 3650 fitius-abunt
1546 3598 1754 3650 Pri-'rem
1798 3598 1850 3650 in
1890 3598 2010 3666 Spi-

446 3678 555 3731 ritu
606 3685 659 3732 et
701 3682 913 3734 irritem*-
953 3682 1129 3754 ῌιπυι.
1165 3702 1237 3750 w,
1265 3686 1386 3754 ’Ξῖ-ὼ
1422 3686 1474 3738 in
1506 3690 1698 3758 spiritu
1746 3690 2010 3742 credendi]

446 3769 610 3828 corde
636 3774 701 3827 ad
723 3774 1013 3842 justitiam,
1041 3778 1089 3830 in
1122 3782 1345 3834 inritata
1390 3794 1482 3834 arc
1502 3782 1806 3834 reintrandi}
1842 3782 2010 3850 ipsam

447 3862 733 3920 veritate-tn
785 3866 849 3918 ad
889 3870 1121 3922 sulutem
1161 3870 1518 3926 audientium.
1578 3870 1642 3926 El
1690 3874 1734 3926 si
1794 3874 2010 3942 quidem

446 3956 701 4013 volumus
765 3962 1101 4030 distinguere
1137 3978 1293 4034 [iper-a
1333 3962 1638 4030 Trinitatis,
1694 3982 1834 4034 quac,
1890 3966 2014 4018 licet

447 4049 559 4104 sint
585 4048 995 4122 inseparabilia,
1019 4061 1200 4110 tamen
1252 4053 1613 4125 proprietates
1654 4069 2013 4125 personarum

449 4138 734 4211 indicantg
761 4142 869 4199 alia
911 4151 997 4201 est
1048 4146 1370 4217 praeparatio
1416 4146 1483 4202 ad
1525 4146 1899 4204 aedilicandum
1933 4157 2017 4205 ta·-

448 4230 831 4301 bernaculum,
883 4232 989 4290 alia
1048 4234 1221 4306 ipsius
1280 4235 1614 4292 tabernaculi
1690 4236 1974 4293 aedillcatio
1997 4279 2014 4305 ,

2105 371 2161 427 in
2199 370 2344 426 hunc
2369 369 2632 425 mnndum
2659 408 2676 436 ,
2712 368 2831 439 ipse
2896 368 3275 440 tabernaculi,
3334 373 3451 429 sive
3485 374 3691 445 templi

2103 462 2378 534 impensas
2449 471 2504 518 et
2556 460 2841 517 materiam
2892 465 3219 534 praeparavit
3245 505 3261 532 ,
3334 473 3504 537 atque
3570 467 3692 521 im-

2104 553 2307 611 mobile
2335 553 2753 610 fundamentum
2811 555 3016 625 posuit.
3068 554 3503 612 Fundamentum
3540 558 3696 614 enim

2106 646 2259 701 aliud
2295 662 2449 701 nemo
2485 656 2655 717 potest
2692 662 2884 715 ponere
2918 657 3110 718 pra-ter
3144 649 3224 716 id,
3260 650 3400 721 quod
3432 650 3505 707 ab
3559 651 3693 721 ipso

2103 737 2265 795 Patre
2296 738 2524 809 antiquo
2549 737 2760 794 dierum
2793 739 3021 809 positam
3055 750 3163 808 est;
3209 742 3347 811 quod
3397 752 3476 797 est
3525 742 3694 799 Chri·-

2104 840 2219 886 stns
2246 829 2403 885 lesus
2434 828 2487 901 (1
2525 829 2766 886 Corinth.
2791 845 2875 897 tn,
2926 830 3037 902 ll),
3067 831 3160 902 qui
3187 841 3271 888 est
3291 831 3449 888 Petra
3476 835 3691 890 solida.

2110 921 2289 992 Super
2311 921 2454 985 banc
2475 919 2715 989 Petram,
2743 921 2797 977 id
2827 928 2912 977 est
2931 935 3097 992 super
3143 923 3497 995 semetipsum
3543 925 3693 981 aedi-

2110 1015 2241 1072 licat
2267 1014 2384 1086 ipse
2410 1013 2665 1071 Christus
2689 1012 2991 1071 Ecclesiam
3029 1029 3211 1082 suam,
3249 1031 3372 1087 qnae
3423 1017 3696 1073 taberna·

2109 1108 2293 1165 culum
2330 1115 2413 1162 est
2450 1106 2506 1162 in
2528 1104 2661 1163 Sion
2689 1114 2745 1163 et
2794 1106 3054 1178 templum
3086 1107 3142 1163 in
3187 1106 3520 1166 Jerusalem.
3571 1108 3699 1166 Ta-

2109 1199 2469 1258 bernaculum
2499 1199 2554 1255 in
2588 1207 2833 1271 tempore
2885 1199 3110 1267 militiae,
3162 1202 3423 1272 templum
3468 1202 3529 1258 in
3567 1203 3697 1260 die-

2111 1294 2215 1350 bus
2261 1292 2431 1363 pacis.
2467 1290 2644 1362 Huius
2682 1292 3017 1348 tabernaculi
3065 1294 3486 1361 consummatio,
3531 1295 3694 1367 quod

2113 1385 2275 1441 Pater
2306 1383 2555 1441 fundavit
2586 1383 2759 1440 Filius
2814 1383 3120 1453 aediiicavit,
3178 1392 3323 1441 recte
3365 1385 3698 1457 assignatur

2113 1476 2341 1550 Spiritui
2367 1486 2581 1545 sancto,
2634 1476 2753 1533 sine
2783 1474 2944 1547 eujus
2978 1491 3207 1532 munere
3252 1477 3575 1548 imperfecta
3606 1488 3699 1533 est

2110 1570 2292 1628 Patris
2328 1578 2384 1627 et
2435 1569 2559 1625 Filii
2585 1569 2871 1640 operatio:
2905 1568 3056 1626 verbi
3082 1570 3276 1642 gratia,
3316 1568 3521 1627 ludam
3554 1586 3692 1642 apo·

2113 1666 2316 1723 stolum
2352 1662 2512 1720 Pater
2566 1663 2793 1731 creavit,
2833 1660 3009 1719 Filius
3032 1662 3086 1718 in
3139 1662 3463 1734 Apostolum
3503 1664 3695 1735 elegit,

2116 1757 2211 1815 sed
2236 1738 2367 1828 quia
2409 1755 2640 1827 gratiam
2683 1753 2920 1825 Spiritus
2969 1753 3145 1810 sancti
3193 1768 3300 1809 non
3342 1755 3581 1827 accepit,
3628 1756 3703 1810 de

2114 1849 2361 1921 apostolo
2375 1847 2549 1905 sactus
2568 1845 2928 1905 estdiabolus.
2947 1844 3056 1919 lpsi
3078 1845 3243 1901 etiarn
3268 1845 3506 1916 apostoli
3523 1862 3697 1917 snpra

2115 1941 2357 2010 Petram,
2388 1955 2513 2012 quae
2540 1938 2797 1996 Christus
2824 1945 2931 2006 est,
2955 1952 3054 2009 per
3077 1935 3236 1993 fidem
3257 1935 3538 2002 aedilioeti,
3584 1937 3705 1992 nisi.

2114 2042 2241 2107 post
2267 2031 2738 2090 Resurrectionem
2761 2039 2817 2086 et
2841 2026 3173 2086 Ascensione
3191 2025 3399 2084 Christi
3422 2026 3703 2099 Spiritum

2117 2135 2368 2186 sanctum
2410 2122 2768 2195 accepissent,
2823 2116 3125 2192 imperfecti
3172 2125 3231 2175 et
3262 2118 3697 2175 inconsummati

2114 2218 2528 2277 remansissent.
2584 2215 2729 2272 Caro
2764 2223 2819 2270 ct
2848 2214 3071 2284 sanguis
3098 2228 3206 2270 non
3243 2211 3506 2268 revelavit
3530 2210 3707 2268 Petro

2113 2326 2342 2387 petram,
2373 2311 2467 2369 sed
2494 2308 2675 2376 Pater,
2706 2308 2799 2381 qui
2842 2306 3060 2364 Petram
3111 2307 3315 2379 posuit,
3371 2306 3492 2379 ipse
3549 2306 3697 2363 hanc

2112 2405 2275 2463 Petro
2303 2402 2580 2469 revelavit,
2617 2410 2782 2472 atque
2811 2401 2956 2457 bunc
2984 2401 3160 2470 ipsum
3189 2397 3412 2455 Petrum
3435 2399 3556 2469 ipsa
3594 2412 3696 2468 pe-

2114 2508 2196 2555 tra
2229 2497 2283 2552 in
2327 2495 2681 2552 fundamento
2726 2492 2904 2565 posita
2946 2492 3048 2549 sibi
3098 2492 3327 2548 sociavit
3354 2533 3371 2546 .
3405 2499 3462 2546 et
3509 2499 3694 2546 tamen

2113 2590 2245 2660 quia
2282 2587 2519 2659 Spiritus
2562 2593 2786 2641 sanctus
2830 2583 3072 2639 nondum
3117 2591 3235 2639 erat
3278 2583 3463 2650 datus,
3515 2597 3697 2652 neque

2113 2680 2276 2737 Jesus
2293 2678 2472 2736 fuerat
2498 2676 2855 2748 glorificatuS,
2884 2673 3079 2731 Petrus
3119 2674 3300 2729 adbuc
3326 2683 3449 2730 erat
3498 2673 3693 2728 incon·

2114 2780 2445 2829 summatum
2476 2767 2910 2836 tabernaculum,
2943 2766 3163 2839 quando
3191 2765 3262 2822 ab
3289 2764 3454 2821 nnius
3480 2764 3695 2819 ancillae

2112 2879 2207 2920 ore
2233 2863 2448 2918 flantem
2478 2867 2700 2916 ventum
2739 2859 3010 2916 sustinere
3037 2874 3145 2917 non
3176 2856 3370 2929 potuit,
3403 2854 3502 2913 sed
3529 2856 3694 2927 quasi

2110 2956 2287 3029 ruptis
2312 2953 2432 3012 fidei
2461 2952 2741 3022 funiculis,
2778 2959 2832 3009 et
2865 2950 2981 3024 spei
3008 2949 3224 3022 paxillis
3251 2948 3455 3006 evulsis
3481 2948 3692 3005 corruit

2108 3050 2163 3106 in
2215 3059 2447 3116 terram,
2488 3046 2816 3118 penitusque
2861 3044 3162 3102 corruisset
3195 3042 3251 3098 in
3284 3039 3597 3110 infernum,
3638 3042 3685 3098 si

2106 3157 2204 3214 per
2228 3140 2432 3197 donum
2463 3137 2699 3211 Spiritus
2728 3135 2925 3203 sancti,
2949 3136 3016 3192 ad
3039 3149 3205 3208 quem
3228 3134 3539 3205 specialiter
3562 3149 3688 3206 per-

2108 3230 2244 3286 tinet
2282 3229 2533 3286 remissio
2577 3237 2947 3300 peecatorum,
2982 3240 3093 3281 non
3122 3224 3315 3282 suisset
3344 3225 3424 3281 illi
3444 3225 3689 3282 subren-

2109 3332 2248 3378 tum.
2286 3319 2479 3379 Nonne
2511 3336 2730 3393 quoque
2767 3320 2823 3376 in
2852 3318 2960 3375 illis
2988 3318 3270 3390 discipulis
3311 3317 3543 3373 nutabat
3563 3317 3688 3373 fidei

2110 3415 2547 3480 fundamentum,
2578 3423 2632 3469 et
2676 3412 2791 3483 spei
2835 3411 3145 3478 aedificium,
3195 3409 3289 3482 qui
3325 3424 3464 3481 pene
3498 3411 3690 3480 despe-

2108 3516 2293 3564 rantes
2316 3507 2606 3564 dixerunt;
2638 3503 2752 3559 Nos
2774 3513 2950 3558 autem
2986 3500 3349 3573 sperabamus,
3393 3500 3536 3572 qnod
3580 3502 3690 3570 ipse

2110 3600 2469 3671 redempturus
2512 3607 2645 3653 esset
2672 3596 2884 3653 lsrael?
2934 3596 3089 3670 (Luc.
3129 3614 3279 3666 xxiv,
3322 3597 3440 3669 21.)
3488 3595 3687 3654 Electis

2108 3693 2273 3749 etiam
2317 3691 2595 3764 Apostolis
2657 3691 2833 3762 prima
2901 3691 3212 3753 testimonia
3268 3691 3686 3749 resurrectionis

2110 3781 2267 3854 quasi
2323 3780 2676 3837 deliramenta
2733 3786 2862 3837 sunt
2904 3780 3045 3837 visa.
3080 3778 3273 3836 Adbuc
3312 3788 3518 3845 autem,
3559 3795 3684 3835 cum

2111 3882 2280 3933 staret
2305 3871 2466 3930 «lesus
2487 3872 2544 3929 in
2574 3871 2754 3929 medio
2783 3886 2998 3940 eorum,
3031 3871 3138 3927 illis
3166 3886 3279 3927 non
3316 3868 3683 3937 credentibus,

2111 3976 2168 4024 et
2190 3965 2514 4022 mirantibus
2539 3979 2652 4036 prae
2674 3963 2872 4035 gaudio
2893 3962 3063 4020 dixit:
3098 3961 3320 4017 Habetis
3346 3962 3434 4017 hie
3453 3962 3684 4034 aliquid,

2111 4055 2251 4129 quod
2276 4054 2664 4110 manamaur?
2689 4056 2760 4108 At
2786 4052 2869 4108 illi
2893 4051 3193 4109 obtulerunt
3219 4053 3269 4107 ei
3290 4061 3496 4123 partem
3523 4050 3685 4122 piscis

2114 4147 2256 4214 assi,
2297 4155 2347 4201 et
2397 4145 2576 4216 [mm
2630 4142 2802 4199 mellis
2847 4142 3023 4217 (ibid.,
3072 4142 3165 4210 tt,
3213 4141 3327 4211 42),
3365 4142 3434 4199 de
3483 4141 3685 4213 quibus

2116 4254 2240 4295 eum
2285 4236 2524 4295 dedisset
2549 4235 2632 4294 eis
2661 4234 2942 4306 reliquias,
2971 4233 3281 4301 insufflavit,
3310 4243 3366 4290 et
3394 4232 3534 4289 dixit
3568 4233 3679 4288 eis:

447 4332 616 4394 atque
643 4323 751 4380 alla
777 4326 1200 4382 consummatio.
1256 4325 1410 4383 Sicut
1470 4328 1615 4382 enim
1656 4337 1809 4400 pater
1843 4327 2014 4386 David
2043 4348 2090 4406 ῃ
2116 4330 2352 4401 Accipite
2396 4325 2656 4398 Spiritum
2685 4335 2948 4394 sanctam,
2988 4341 3214 4396 qaorum
3239 4325 3548 4380 remiseritis
3568 4341 3683 4394 pec-

451 4415 566 4471 tilio
594 4431 699 4472 suo
739 4415 1021 4473 Salomoni
1073 4417 1129 4473 in
1177 4433 1336 4486 auro,
1390 4428 1638 4491 argento,
1693 4435 1820 4488 atre,
1848 4429 2016 4493 atque

450 4506 725 4578 lapidibus
753 4508 1008 4579 pretiosis
1033 4511 1354 4582 praeparavit
1391 4511 1668 4583 impensas
1719 4513 1922 4570 multas
1948 4516 2017 4572 ad

450 4597 831 4655 aedilicandum
872 4601 1153 4673 templum,
1185 4602 1282 4658 sed
1312 4602 1428 4673 ipse
1469 4602 1615 4658 lilius
1654 4600 1910 4661 Salomon
1948 4606 2018 4663 de

452 4690 657 4748 talibus
709 4689 970 4762 impensis
1037 4693 1323 4750 aediiicavit
1377 4694 1554 4765 ipsum
1601 4695 1906 4766 templum:
1938 4697 2020 4755 sic

455 4782 600 4840 Deus
650 4782 831 4853 Pater,
892 4787 1128 4843 creando
1180 4788 1500 4844 rationalem
1561 4796 1870 4846 creaturam
1921 4805 2021 4861 per

454 4874 695 4932 Verbum
727 4893 889 4935 suum
920 4889 1143 4952 propter
1190 4881 1484 4937 bonitatem
1549 4897 1729 4951 suam,
1785 4885 2018 4954 grandes

454 4981 853 5040 praeparaverat
872 4970 1169 5043 impensas,
1190 4972 1537 5044 nobilemque
1559 4973 1685 5032 l'ecit
1712 4976 2019 5047 materiam,

454 5060 525 5118 de
559 5076 666 5132 qua
704 5061 879 5120 Filius
909 5078 1045 5122 suus
1073 5063 1327 5123 Christus
1389 5083 1485 5123 rex
1540 5065 1802 5139 pacificus
1852 5085 2020 5128 unam

457 5152 608 5221 fecit,
628 5163 685 5210 et
715 5153 845 5212 facit
871 5153 1171 5213 Ecclesiam
1198 5155 1375 5213 lactus
1424 5156 1541 5229 ipse
1581 5159 1858 5232 angularis
1883 5161 2023 5233 lapis

457 5262 570 5318 quo
596 5246 778 5318 paries
800 5247 1116 5320 angelorum
1142 5249 1336 5321 parieti
1374 5249 1658 5308 bominum
1711 5254 2021 5324 copulatur,

457 5336 664 5408 quique
689 5353 801 5394 non
826 5339 1005 5396 solum
1022 5339 1077 5396 in
1104 5348 1267 5413 caput
1287 5341 1475 5414 anguli
1505 5352 1593 5399 est
1627 5343 1894 5415 elevatus,
1926 5346 2022 5405 sed

459 5428 627 5485 etiam
669 5429 726 5485 in
758 5429 1174 5490 fundamentum
1219 5434 1455 5505 positus.
1515 5433 1672 5493 Unde
1706 5436 1825 5508 ipse
1870 5438 1940 5494 de
1966 5452 2026 5496 se

458 5527 611 5590 petra
636 5519 709 5576 die
726 5521 770 5576 it
794 5540 809 5577 ε
830 5539 986 5593 super
1020 5525 1155 5579 lianc
1192 5535 1393 5595 petram
1430 5525 1704 5595 (edificabo
1729 5526 2024 5583 Ecclesiam

465 5623 633 5664 mecm
672 5609 890 5684 (blatta.
925 5615 1171 5692 xvi,18).
1198 5614 1341 5690 Ergo
1375 5615 1552 5697 Pater,
1582 5616 1675 5691 qul
1703 5618 2024 5678 rationalem

2113 4432 2258 4490 cata,
2292 4419 2623 4475 remittentur
2648 4417 2726 4473 eis
2759 4415 2941 4490 (loon.
2969 4432 3062 4483 xx,
3092 4415 3209 4488 25).
3249 4413 3317 4472 Et
3337 4424 3469 4471 tunc
3505 4414 3680 4487 Spiri-

2116 4527 2204 4574 tus
2234 4512 2407 4571 sancti
2435 4510 2689 4583 primitiis
2718 4511 2955 4582 acceptis
2994 4517 3278 4580 coeperunt
3304 4508 3680 4566 convalescunt

2115 4608 2171 4663 in
2193 4606 2317 4674 lide,
2348 4604 2444 4662 sed
2474 4604 2567 4661 ubi
2602 4602 2845 4676 ejusdem
2870 4602 3106 4673 Spiritus
3133 4600 3306 4658 sancti
3337 4601 3462 4673 igne
3482 4600 3679 4656 illumi·

2115 4699 2229 4756 nati
2270 4706 2326 4755 et
2368 4696 2685 4753 inflammati
2711 4695 2898 4752 datum
2948 4694 3212 4765 optimum
3239 4705 3295 4749 et
3320 4693 3528 4749 donum
3563 4706 3679 4764 per·

2117 4791 2317 4850 rectum
2360 4791 2647 4849 desursum
2684 4796 3026 4858 acceperunt,
3051 4785 3165 4856 iam
3189 4786 3245 4842 in
3268 4785 3371 4852 eis,
3401 4796 3455 4842 et
3473 4800 3677 4856 percos

2116 4884 2274 4958 quasi
2298 4882 2647 4941 tabernaculo
2681 4891 3084 4948 consummato,
3121 4888 3177 4936 et
3221 4882 3278 4938 in
3316 4895 3538 4937 omnem
3576 4890 3677 4938 ter·

2118 4994 2235 5036 ram
2259 4985 2492 5034 exeunte
2514 4991 2652 5034 sono
2676 4975 2920 5048 ipsorum
2947 4991 3054 5032 vox
3093 4975 3183 5031 illa
3226 4973 3562 5048 septiformis
3598 4984 3674 5031 est

2118 5068 2323 5136 audita,
2344 5068 2413 5125 de
2436 5082 2544 5139 qua
2568 5066 2623 5123 in
2646 5066 2751 5152 boc
2776 5066 2986 5137 psalmo
3009 5065 3227 5122 dicitur.

2116 5180 2125 5189 ’
2188 5160 2241 5216 l.
2275 5157 2387 5239 γορ
2409 5157 2622 5213 Domini
2642 5174 2797 5228 saper
2815 5173 2983 5229 aquas
3002 5173 3023 5223 ,·
3043 5156 3099 5213 2.
3131 5155 3245 5211 Vox
3259 5154 3476 5211 Domini
3504 5157 3678 5212 intir-

2122 5259 2264 5315 tute,·
2287 5249 2342 5306 3.
2382 5247 2496 5304 Vox
2524 5247 2744 5303 Domini
2792 5249 2849 5303 in
2897 5246 3325 5320 maqnificesttia,·
3346 5247 3398 5303 t.
3433 5245 3550 5302 Vox
3576 5247 3680 5302 Do·

2120 5342 2252 5396 mini
2278 5339 2652 5411 consrinqeatis
2687 5339 2902 5405 cedros,-
2953 5339 3009 5396 5.
3070 5337 3186 5395 Vox
3215 5336 3433 5394 Domini
3465 5340 3677 5394 interci-

2121 5431 2293 5489 dentis
2317 5431 2590 5502 flammam
2629 5430 2798 5502 iynis3
2843 5433 2898 5487 6.
2935 5429 3050 5487 Vox
3076 5430 3294 5486 Domini
3339 5431 3679 5486 concutientis
3779 5460 3785 5473 ·

2122 5525 2382 5580 desertam
2396 5541 2419 5591 ,·
2460 5521 2512 5578 7.
2561 5521 2676 5580 Vox
2703 5522 2919 5580 Domini
2943 5524 3297 5595 purpurantis
3319 5539 3523 5579 cervos.

2194 5616 2346 5676 Tunc
2363 5616 2540 5675 locuta
2561 5624 2681 5673 sant
2704 5627 2895 5690 septem
2922 5616 3155 5674 tonitrua
3175 5631 3319 5674 voces
3342 5630 3469 5672 suas
3496 5614 3672 5689 (Αροι.
