<?xml version="1.0" encoding="UTF-8"?>
<!DOCTYPE html PUBLIC "-//W3C//DTD XHTML 1.0 Transitional//EN"
    "http://www.w3.org/TR/xhtml1/DTD/xhtml1-transitional.dtd">
<html xmlns="http://www.w3.org/1999/xhtml" xml:lang="en" lang="en">
 <head>
  <title>
</title>
<meta http-equiv="Content-Type" content="text/html;charset=utf-8" />
  <meta name='ocr-system' content='tesseract 3.04.00' />
  <meta name='ocr-capabilities' content='ocr_page ocr_carea ocr_par ocr_line ocrx_word'/>
</head>
<body>
  <div class='ocr_page' id='page_1' title='image "./patrologiaecurs169unkngoog_0729.png"; bbox 0 0 3817 6000; ppageno 0'>
   <div class='ocr_carea' id='block_1_1' title="bbox 79 239 151 298">
    <p class='ocr_par' dir='ltr' id='par_1_1' title="bbox 79 239 151 298">
     <span class='ocr_line' id='line_1_1' title="bbox 79 239 151 298; baseline -0.014 0"><span class='ocrx_word' id='word_1_1' title='bbox 79 239 151 298; x_wconf 74' lang='lat' dir='ltr'><strong>lita</strong></span> 
     </span>
    </p>
   </div>
   <div class='ocr_carea' id='block_1_2' title="bbox 363 225 1422 297">
    <p class='ocr_par' dir='ltr' id='par_1_2' title="bbox 363 225 1422 297">
     <span class='ocr_line' id='line_1_2' title="bbox 363 225 1422 297; baseline -0.014 -2"><span class='ocrx_word' id='word_1_2' title='bbox 363 236 642 297; x_wconf 75' lang='lat' dir='ltr'><strong>cohbcurnmdtt</strong></span> <span class='ocrx_word' id='word_1_3' title='bbox 660 236 694 292; x_wconf 79' lang='lat' dir='ltr'><strong>tu</strong></span> <span class='ocrx_word' id='word_1_4' title='bbox 714 235 884 293; x_wconf 80' lang='lat' dir='ltr'>PSALMOS.</span> <span class='ocrx_word' id='word_1_5' title='bbox 905 264 940 274; x_wconf 87' lang='lat'>-</span> <span class='ocrx_word' id='word_1_6' title='bbox 955 230 1046 288; x_wconf 84' lang='lat' dir='ltr'><strong>Pnns</strong></span> <span class='ocrx_word' id='word_1_7' title='bbox 1065 229 1110 287; x_wconf 89' lang='lat' dir='ltr'><strong>lV.</strong></span> <span class='ocrx_word' id='word_1_8' title='bbox 1128 257 1165 269; x_wconf 90' lang='lat'>-</span> <span class='ocrx_word' id='word_1_9' title='bbox 1183 226 1281 283; x_wconf 73' lang='lat' dir='ltr'><strong>Pseu.</strong></span> <span class='ocrx_word' id='word_1_10' title='bbox 1302 225 1422 281; x_wconf 89' lang='lat' dir='ltr'>XXXlX.</span> 
     </span>
    </p>
   </div>
   <div class='ocr_carea' id='block_1_3' title="bbox 1637 228 1707 287">
    <p class='ocr_par' dir='ltr' id='par_1_3' title="bbox 1637 228 1707 287">
     <span class='ocr_line' id='line_1_3' title="bbox 1637 228 1707 287; baseline 0.057 -4"><span class='ocrx_word' id='word_1_11' title='bbox 1637 228 1707 287; x_wconf 76' lang='lat' dir='ltr'><strong>tttt</strong></span> 
     </span>
    </p>
   </div>
   <div class='ocr_carea' id='block_1_4' title="bbox 78 341 1706 425">
    <p class='ocr_par' dir='ltr' id='par_1_4' title="bbox 78 341 1706 425">
     <span class='ocr_line' id='line_1_4' title="bbox 78 341 1706 425; baseline -0.009 -13"><span class='ocrx_word' id='word_1_12' title='bbox 78 355 166 412; x_wconf 83' lang='lat' dir='ltr'><strong>inuito</strong></span> <span class='ocrx_word' id='word_1_13' title='bbox 181 355 341 411; x_wconf 85' lang='lat' dir='ltr'><strong>mandatum</strong></span> <span class='ocrx_word' id='word_1_14' title='bbox 357 354 455 410; x_wconf 90' lang='lat' dir='ltr'><strong>dedisti</strong></span> <span class='ocrx_word' id='word_1_15' title='bbox 474 355 543 409; x_wconf 89' lang='lat' dir='ltr'><strong>mibi</strong></span> <span class='ocrx_word' id='word_1_16' title='bbox 558 353 701 409; x_wconf 91' lang='lat' dir='ltr'><strong>obediendi</strong></span> <span class='ocrx_word' id='word_1_17' title='bbox 725 369 812 425; x_wconf 84' lang='lat' dir='ltr'><strong>usque</strong></span> <span class='ocrx_word' id='word_1_18' title='bbox 833 353 867 407; x_wconf 91' lang='lat' dir='ltr'><strong>ad</strong></span> <span class='ocrx_word' id='word_1_19' title='bbox 882 370 905 419; x_wconf 65' lang='grc' dir='ltr'><strong>Α</strong></span> <span class='ocrx_word' id='word_1_20' title='bbox 916 346 1063 419; x_wconf 81' lang='lat' dir='ltr'><strong>justitiam,</strong></span> <span class='ocrx_word' id='word_1_21' title='bbox 1085 344 1157 415; x_wconf 86' lang='lat' dir='ltr'><strong>quod</strong></span> <span class='ocrx_word' id='word_1_22' title='bbox 1178 358 1226 399; x_wconf 91' lang='lat' dir='ltr'><strong>ore</strong></span> <span class='ocrx_word' id='word_1_23' title='bbox 1246 341 1378 397; x_wconf 86' lang='lat' dir='ltr'><strong>conliteor</strong></span> <span class='ocrx_word' id='word_1_24' title='bbox 1399 341 1432 396; x_wconf 86' lang='lat' dir='ltr'><strong>ad</strong></span> <span class='ocrx_word' id='word_1_25' title='bbox 1448 342 1574 397; x_wconf 86' lang='lat' dir='ltr'><strong>salutern.</strong></span> <span class='ocrx_word' id='word_1_26' title='bbox 1597 342 1636 396; x_wconf 80' lang='lat' dir='ltr'><strong>Tu</strong></span> <span class='ocrx_word' id='word_1_27' title='bbox 1651 344 1706 397; x_wconf 80' lang='lat' dir='ltr'><strong>sri-</strong></span> 
     </span>
    </p>
   </div>
   <div class='ocr_carea' id='block_1_5' title="bbox 77 444 881 1438">
    <p class='ocr_par' dir='ltr' id='par_1_5' title="bbox 77 444 881 1438">
     <span class='ocr_line' id='line_1_5' title="bbox 77 444 867 519; baseline 0 -18"><span class='ocrx_word' id='word_1_28' title='bbox 77 455 195 502; x_wconf 88' lang='lat' dir='ltr'><strong>mortem</strong></span> <span class='ocrx_word' id='word_1_29' title='bbox 210 465 217 500; x_wconf 91' lang='lat'>:</span> <span class='ocrx_word' id='word_1_30' title='bbox 231 446 277 502; x_wconf 86' lang='lat' dir='ltr'><strong>sed</strong></span> <span class='ocrx_word' id='word_1_31' title='bbox 292 460 343 519; x_wconf 78' lang='lat' dir='ltr'><strong>epo</strong></span> <span class='ocrx_word' id='word_1_32' title='bbox 353 445 514 501; x_wconf 85' lang='lat' dir='ltr'><strong>uoluntatem</strong></span> <span class='ocrx_word' id='word_1_33' title='bbox 528 456 601 500; x_wconf 88' lang='lat' dir='ltr'><strong>tuam</strong></span> <span class='ocrx_word' id='word_1_34' title='bbox 612 444 694 510; x_wconf 86' lang='lat' dir='ltr'><strong>uolui,</strong></span> <span class='ocrx_word' id='word_1_35' title='bbox 705 446 769 517; x_wconf 88' lang='lat' dir='ltr'><strong>quia</strong></span> <span class='ocrx_word' id='word_1_36' title='bbox 785 446 867 501; x_wconf 86' lang='lat' dir='ltr'><strong>utrius</strong></span> 
     </span>
     <span class='ocr_line' id='line_1_6' title="bbox 78 536 866 610; baseline 0 -17"><span class='ocrx_word' id='word_1_37' title='bbox 78 538 229 596; x_wconf 85' lang='lat' dir='ltr'><strong>uoluntatis</strong></span> <span class='ocrx_word' id='word_1_38' title='bbox 246 553 296 610; x_wconf 74' lang='lat' dir='ltr'><strong>ego</strong></span> <span class='ocrx_word' id='word_1_39' title='bbox 317 547 345 594; x_wconf 88' lang='lat' dir='ltr'><strong>et</strong></span> <span class='ocrx_word' id='word_1_40' title='bbox 358 549 387 595; x_wconf 91' lang='lat' dir='ltr'><strong>tu</strong></span> <span class='ocrx_word' id='word_1_41' title='bbox 409 554 516 594; x_wconf 87' lang='lat' dir='ltr'><strong>sumas.</strong></span> <span class='ocrx_word' id='word_1_42' title='bbox 538 537 614 594; x_wconf 88' lang='lat' dir='ltr'>Unde</span> <span class='ocrx_word' id='word_1_43' title='bbox 628 538 700 608; x_wconf 88' lang='lat' dir='ltr'><strong>qrrod</strong></span> <span class='ocrx_word' id='word_1_44' title='bbox 718 548 759 606; x_wconf 90' lang='lat' dir='ltr'><strong>tu,</strong></span> <span class='ocrx_word' id='word_1_45' title='bbox 776 536 866 604; x_wconf 86' lang='lat' dir='ltr'><strong>Pater,</strong></span> 
     </span>
     <span class='ocr_line' id='line_1_7' title="bbox 78 628 869 703; baseline -0.001 -19"><span class='ocrx_word' id='word_1_46' title='bbox 78 628 132 698; x_wconf 84' lang='lat' dir='ltr'><strong>ris,</strong></span> <span class='ocrx_word' id='word_1_47' title='bbox 147 646 198 703; x_wconf 78' lang='lat' dir='ltr'><strong>ego</strong></span> <span class='ocrx_word' id='word_1_48' title='bbox 208 630 289 686; x_wconf 88' lang='lat' dir='ltr'><strong>ctiam</strong></span> <span class='ocrx_word' id='word_1_49' title='bbox 305 630 368 686; x_wconf 85' lang='lat' dir='ltr'><strong>roto</strong></span> <span class='ocrx_word' id='word_1_50' title='bbox 380 630 472 686; x_wconf 83' lang='lat' dir='ltr'><strong>dirirm</strong></span> <span class='ocrx_word' id='word_1_51' title='bbox 489 630 599 700; x_wconf 82' lang='lat' dir='ltr'><strong>qnidam</strong></span> <span class='ocrx_word' id='word_1_52' title='bbox 612 630 750 685; x_wconf 88' lang='lat' dir='ltr'><strong>voluntate</strong></span> <span class='ocrx_word' id='word_1_53' title='bbox 772 629 869 684; x_wconf 86' lang='lat' dir='ltr'><strong>diuini-</strong></span> 
     </span>
     <span class='ocr_line' id='line_1_8' title="bbox 78 719 867 787; baseline 0 -11"><span class='ocrx_word' id='word_1_54' title='bbox 78 728 136 787; x_wconf 89' lang='lat' dir='ltr'><strong>tus,</strong></span> <span class='ocrx_word' id='word_1_55' title='bbox 159 723 277 777; x_wconf 89' lang='lat' dir='ltr'><strong>humana</strong></span> <span class='ocrx_word' id='word_1_56' title='bbox 296 737 360 778; x_wconf 83' lang='lat' dir='ltr'><strong>vcro</strong></span> <span class='ocrx_word' id='word_1_57' title='bbox 383 721 553 777; x_wconf 89' lang='lat' dir='ltr'><strong>humanitus.</strong></span> <span class='ocrx_word' id='word_1_58' title='bbox 569 719 648 777; x_wconf 83' lang='lat' dir='ltr'><strong>Unde</strong></span> <span class='ocrx_word' id='word_1_59' title='bbox 667 731 694 777; x_wconf 88' lang='lat' dir='ltr'><strong>et</strong></span> <span class='ocrx_word' id='word_1_60' title='bbox 710 721 767 777; x_wconf 83' lang='lat' dir='ltr'><strong>dixi</strong></span> <span class='ocrx_word' id='word_1_61' title='bbox 784 740 791 776; x_wconf 76' lang='grc' dir='ltr'>ε</span> <span class='ocrx_word' id='word_1_62' title='bbox 806 719 867 776; x_wconf 82' lang='grc' dir='ltr'>Νοιι</span> 
     </span>
     <span class='ocr_line' id='line_1_9' title="bbox 78 810 881 886; baseline 0.005 -21"><span class='ocrx_word' id='word_1_63' title='bbox 78 811 151 882; x_wconf 79' lang='lat' dir='ltr'><strong>quod</strong></span> <span class='ocrx_word' id='word_1_64' title='bbox 160 827 207 886; x_wconf 73' lang='lat' dir='ltr'><strong>epo</strong></span> <span class='ocrx_word' id='word_1_65' title='bbox 225 810 292 879; x_wconf 86' lang='lat' dir='ltr'><strong>uolo,</strong></span> <span class='ocrx_word' id='word_1_66' title='bbox 307 811 353 866; x_wconf 82' lang='lat' dir='ltr'><strong>secl</strong></span> <span class='ocrx_word' id='word_1_67' title='bbox 372 812 442 883; x_wconf 82' lang='lat' dir='ltr'><strong>quod</strong></span> <span class='ocrx_word' id='word_1_68' title='bbox 464 820 493 865; x_wconf 88' lang='lat' dir='ltr'><strong>tu</strong></span> <span class='ocrx_word' id='word_1_69' title='bbox 508 812 547 866; x_wconf 89' lang='lat' dir='ltr'><strong>uis</strong></span> <span class='ocrx_word' id='word_1_70' title='bbox 562 811 611 881; x_wconf 67' lang='lat' dir='ltr'><strong>fiat</strong></span> <span class='ocrx_word' id='word_1_71' title='bbox 627 810 726 881; x_wconf 74' lang='lat' dir='ltr'><strong>(Marc.</strong></span> <span class='ocrx_word' id='word_1_72' title='bbox 739 827 795 877; x_wconf 80' lang='lat' dir='ltr'><strong>xrs,</strong></span> <span class='ocrx_word' id='word_1_73' title='bbox 810 810 881 883; x_wconf 70' lang='grc'><strong>56),</strong></span> 
     </span>
     <span class='ocr_line' id='line_1_10' title="bbox 78 902 869 961; baseline 0.001 -2"><span class='ocrx_word' id='word_1_74' title='bbox 78 902 201 959; x_wconf 86' lang='lat' dir='ltr'><strong>subdens</strong></span> <span class='ocrx_word' id='word_1_75' title='bbox 214 903 338 961; x_wconf 85' lang='lat' dir='ltr'><strong>uidelicet</strong></span> <span class='ocrx_word' id='word_1_76' title='bbox 354 903 502 960; x_wconf 83' lang='lat' dir='ltr'><strong>humanam</strong></span> <span class='ocrx_word' id='word_1_77' title='bbox 521 920 610 959; x_wconf 88' lang='lat' dir='ltr'><strong>meam</strong></span> <span class='ocrx_word' id='word_1_78' title='bbox 633 905 801 960; x_wconf 82' lang='lat' dir='ltr'><strong>uoluntatem</strong></span> <span class='ocrx_word' id='word_1_79' title='bbox 816 913 869 960; x_wconf 76' lang='lat' dir='ltr'><strong>tuta</strong></span> 
     </span>
     <span class='ocr_line' id='line_1_11' title="bbox 77 994 868 1067; baseline 0.001 -18"><span class='ocrx_word' id='word_1_80' title='bbox 77 1008 112 1050; x_wconf 84' lang='lat' dir='ltr'><strong>ac</strong></span> <span class='ocrx_word' id='word_1_81' title='bbox 127 1010 195 1051; x_wconf 79' lang='lat' dir='ltr'><strong>mee</strong></span> <span class='ocrx_word' id='word_1_82' title='bbox 208 995 342 1051; x_wconf 88' lang='lat' dir='ltr'><strong>uoluntati</strong></span> <span class='ocrx_word' id='word_1_83' title='bbox 357 996 466 1062; x_wconf 82' lang='lat' dir='ltr'><strong>divinae,</strong></span> <span class='ocrx_word' id='word_1_84' title='bbox 480 996 575 1067; x_wconf 88' lang='lat' dir='ltr'><strong>inqua</strong></span> <span class='ocrx_word' id='word_1_85' title='bbox 595 1010 684 1066; x_wconf 76' lang='lat' dir='ltr'><strong>tneque</strong></span> <span class='ocrx_word' id='word_1_86' title='bbox 706 994 868 1051; x_wconf 74' lang='lat' dir='ltr'>naturaliter</span> 
     </span>
     <span class='ocr_line' id='line_1_12' title="bbox 79 1089 867 1162; baseline 0 -18"><span class='ocrx_word' id='word_1_87' title='bbox 79 1103 170 1159; x_wconf 87' lang='lat' dir='ltr'><strong>neque</strong></span> <span class='ocrx_word' id='word_1_88' title='bbox 181 1089 326 1144; x_wconf 69' lang='lat' dir='ltr'>actualiter</span> <span class='ocrx_word' id='word_1_89' title='bbox 336 1089 524 1161; x_wconf 80' lang='lat' dir='ltr'><strong>discrepamus</strong></span> <span class='ocrx_word' id='word_1_90' title='bbox 535 1105 585 1161; x_wconf 81' lang='lat' dir='ltr'><strong>ego</strong></span> <span class='ocrx_word' id='word_1_91' title='bbox 600 1098 628 1145; x_wconf 91' lang='lat' dir='ltr'><strong>et</strong></span> <span class='ocrx_word' id='word_1_92' title='bbox 642 1100 682 1155; x_wconf 90' lang='lat' dir='ltr'><strong>tu,</strong></span> <span class='ocrx_word' id='word_1_93' title='bbox 696 1090 761 1162; x_wconf 85' lang='lat' dir='ltr'><strong>quia</strong></span> <span class='ocrx_word' id='word_1_94' title='bbox 784 1105 867 1144; x_wconf 90' lang='lat' dir='ltr'><strong>unum</strong></span> 
     </span>
     <span class='ocr_line' id='line_1_13' title="bbox 78 1179 869 1238; baseline 0.001 -2"><span class='ocrx_word' id='word_1_95' title='bbox 78 1195 187 1236; x_wconf 86' lang='lat' dir='ltr'><strong>sumus.</strong></span> <span class='ocrx_word' id='word_1_96' title='bbox 200 1179 325 1237; x_wconf 85' lang='lat' dir='ltr'><strong>Humana</strong></span> <span class='ocrx_word' id='word_1_97' title='bbox 339 1196 405 1237; x_wconf 82' lang='lat' dir='ltr'><strong>uero</strong></span> <span class='ocrx_word' id='word_1_98' title='bbox 417 1197 478 1238; x_wconf 87' lang='lat' dir='ltr'><strong>mea</strong></span> <span class='ocrx_word' id='word_1_99' title='bbox 491 1184 617 1238; x_wconf 86' lang='lat' dir='ltr'><strong>uoluntas</strong></span> <span class='ocrx_word' id='word_1_100' title='bbox 630 1198 646 1238; x_wconf 92' lang='lat' dir='ltr'><strong>a</strong></span> <span class='ocrx_word' id='word_1_101' title='bbox 660 1182 751 1238; x_wconf 81' lang='lat' dir='ltr'><strong>uirtus</strong></span> <span class='ocrx_word' id='word_1_102' title='bbox 766 1183 869 1238; x_wconf 86' lang='lat' dir='ltr'><strong>discre-</strong></span> 
     </span>
     <span class='ocr_line' id='line_1_14' title="bbox 78 1270 868 1345; baseline 0.006 -21"><span class='ocrx_word' id='word_1_103' title='bbox 78 1279 127 1343; x_wconf 88' lang='lat' dir='ltr'><strong>pat</strong></span> <span class='ocrx_word' id='word_1_104' title='bbox 140 1270 168 1325; x_wconf 92' lang='lat' dir='ltr'><strong>in</strong></span> <span class='ocrx_word' id='word_1_105' title='bbox 181 1279 290 1340; x_wconf 85' lang='lat' dir='ltr'><strong>tratura,</strong></span> <span class='ocrx_word' id='word_1_106' title='bbox 302 1281 330 1328; x_wconf 89' lang='lat' dir='ltr'><strong>et</strong></span> <span class='ocrx_word' id='word_1_107' title='bbox 348 1285 412 1329; x_wconf 86' lang='lat' dir='ltr'><strong>ante</strong></span> <span class='ocrx_word' id='word_1_108' title='bbox 426 1285 541 1330; x_wconf 88' lang='lat' dir='ltr'><strong>mortem</strong></span> <span class='ocrx_word' id='word_1_109' title='bbox 555 1273 727 1345; x_wconf 72' lang='lat' dir='ltr'><strong>discrepabat</strong></span> <span class='ocrx_word' id='word_1_110' title='bbox 750 1274 868 1341; x_wconf 88' lang='lat' dir='ltr'><strong>actione,</strong></span> 
     </span>
     <span class='ocr_line' id='line_1_15' title="bbox 77 1364 869 1438; baseline 0 -17"><span class='ocrx_word' id='word_1_111' title='bbox 77 1378 136 1436; x_wconf 86' lang='lat' dir='ltr'><strong>qua</strong></span> <span class='ocrx_word' id='word_1_112' title='bbox 149 1364 280 1421; x_wconf 78' lang='lat' dir='ltr'>renuebat</span> <span class='ocrx_word' id='word_1_113' title='bbox 301 1365 415 1422; x_wconf 78' lang='lat' dir='ltr'><strong>calicem</strong></span> <span class='ocrx_word' id='word_1_114' title='bbox 437 1368 586 1438; x_wconf 85' lang='lat' dir='ltr'><strong>passionis.</strong></span> <span class='ocrx_word' id='word_1_115' title='bbox 609 1365 674 1423; x_wconf 88' lang='lat' dir='ltr'><strong>Post</strong></span> <span class='ocrx_word' id='word_1_116' title='bbox 690 1367 869 1423; x_wconf 88' lang='lat' dir='ltr'><strong>resurrectio·</strong></span> 
     </span>
    </p>
   </div>
   <div class='ocr_carea' id='block_1_6' title="bbox 918 433 1709 1427">
    <p class='ocr_par' dir='ltr' id='par_1_6' title="bbox 918 433 1709 880">
     <span class='ocr_line' id='line_1_16' title="bbox 919 433 1706 511; baseline -0.004 -17"><span class='ocrx_word' id='word_1_117' title='bbox 919 441 953 494; x_wconf 87' lang='lat' dir='ltr'><strong>sti</strong></span> <span class='ocrx_word' id='word_1_118' title='bbox 981 438 1089 511; x_wconf 89' lang='lat' dir='ltr'><strong>quoties</strong></span> <span class='ocrx_word' id='word_1_119' title='bbox 1112 436 1183 494; x_wconf 85' lang='lat' dir='ltr'><strong>labia</strong></span> <span class='ocrx_word' id='word_1_120' title='bbox 1214 450 1275 491; x_wconf 83' lang='lat' dir='ltr'><strong>mea</strong></span> <span class='ocrx_word' id='word_1_121' title='bbox 1300 448 1354 489; x_wconf 93' lang='lat' dir='ltr'><strong>non</strong></span> <span class='ocrx_word' id='word_1_122' title='bbox 1377 433 1521 503; x_wconf 89' lang='lat' dir='ltr'><strong>prohibui,</strong></span> <span class='ocrx_word' id='word_1_123' title='bbox 1546 434 1619 504; x_wconf 88' lang='lat' dir='ltr'><strong>quod</strong></span> <span class='ocrx_word' id='word_1_124' title='bbox 1651 450 1706 491; x_wconf 93' lang='lat' dir='ltr'><strong>non</strong></span> 
     </span>
     <span class='ocr_line' id='line_1_17' title="bbox 919 522 1706 597; baseline -0.005 -9"><span class='ocrx_word' id='word_1_125' title='bbox 919 534 947 588; x_wconf 90' lang='lat' dir='ltr'><strong>in</strong></span> <span class='ocrx_word' id='word_1_126' title='bbox 973 522 1056 587; x_wconf 80' lang='lat' dir='ltr'><strong>dorda</strong></span> <span class='ocrx_word' id='word_1_127' title='bbox 1077 539 1105 584; x_wconf 89' lang='lat' dir='ltr'><strong>et</strong></span> <span class='ocrx_word' id='word_1_128' title='bbox 1128 530 1210 586; x_wconf 90' lang='lat' dir='ltr'><strong>corde</strong></span> <span class='ocrx_word' id='word_1_129' title='bbox 1232 529 1341 585; x_wconf 88' lang='lat' dir='ltr'><strong>loeutus</strong></span> <span class='ocrx_word' id='word_1_130' title='bbox 1372 526 1410 581; x_wconf 87' lang='lat' dir='ltr'><strong>lai</strong></span> <span class='ocrx_word' id='word_1_131' title='bbox 1436 542 1484 597; x_wconf 86' lang='lat' dir='ltr'><strong>per</strong></span> <span class='ocrx_word' id='word_1_132' title='bbox 1508 528 1706 597; x_wconf 73' lang='lat' dir='ltr'><strong>duplicitatem,</strong></span> 
     </span>
     <span class='ocr_line' id='line_1_18' title="bbox 919 619 1709 694; baseline -0.006 -13"><span class='ocrx_word' id='word_1_133' title='bbox 919 624 1012 681; x_wconf 87' lang='lat' dir='ltr'><strong>sedin</strong></span> <span class='ocrx_word' id='word_1_134' title='bbox 1036 624 1152 694; x_wconf 86' lang='lat' dir='ltr'><strong>puritate</strong></span> <span class='ocrx_word' id='word_1_135' title='bbox 1175 621 1267 677; x_wconf 89' lang='lat' dir='ltr'><strong>cordis</strong></span> <span class='ocrx_word' id='word_1_136' title='bbox 1290 635 1337 691; x_wconf 92' lang='lat' dir='ltr'><strong>per</strong></span> <span class='ocrx_word' id='word_1_137' title='bbox 1360 619 1520 675; x_wconf 82' lang='lat' dir='ltr'><strong>intentionis</strong></span> <span class='ocrx_word' id='word_1_138' title='bbox 1543 621 1622 676; x_wconf 77' lang='lat' dir='ltr'><strong>bona</strong></span> <span class='ocrx_word' id='word_1_139' title='bbox 1642 621 1709 677; x_wconf 90' lang='lat' dir='ltr'><strong>sim·</strong></span> 
     </span>
     <span class='ocr_line' id='line_1_19' title="bbox 918 714 1707 789; baseline -0.003 -18"><span class='ocrx_word' id='word_1_140' title='bbox 918 718 1078 789; x_wconf 87' lang='lat' dir='ltr'><strong>plicitatcm.</strong></span> <span class='ocrx_word' id='word_1_141' title='bbox 1107 714 1166 772; x_wconf 87' lang='lat' dir='ltr'><strong>Non</strong></span> <span class='ocrx_word' id='word_1_142' title='bbox 1199 716 1272 770; x_wconf 89' lang='lat' dir='ltr'><strong>enim</strong></span> <span class='ocrx_word' id='word_1_143' title='bbox 1300 715 1430 771; x_wconf 83' lang='lat' dir='ltr'><strong>abscondi</strong></span> <span class='ocrx_word' id='word_1_144' title='bbox 1459 716 1486 770; x_wconf 91' lang='lat' dir='ltr'><strong>in</strong></span> <span class='ocrx_word' id='word_1_145' title='bbox 1517 715 1601 771; x_wconf 87' lang='lat' dir='ltr'><strong>corde</strong></span> <span class='ocrx_word' id='word_1_146' title='bbox 1633 728 1707 782; x_wconf 90' lang='lat' dir='ltr'><strong>meo,</strong></span> 
     </span>
     <span class='ocr_line' id='line_1_20' title="bbox 918 806 1671 880; baseline -0.005 -15"><span class='ocrx_word' id='word_1_147' title='bbox 918 810 1030 880; x_wconf 88' lang='lat' dir='ltr'><strong>quando</strong></span> <span class='ocrx_word' id='word_1_148' title='bbox 1042 807 1207 880; x_wconf 85' lang='lat' dir='ltr'><strong>loquendum</strong></span> <span class='ocrx_word' id='word_1_149' title='bbox 1219 807 1333 874; x_wconf 90' lang='lat' dir='ltr'><strong>credidi,</strong></span> <span class='ocrx_word' id='word_1_150' title='bbox 1345 808 1418 878; x_wconf 86' lang='lat' dir='ltr'><strong>quod</strong></span> <span class='ocrx_word' id='word_1_151' title='bbox 1425 807 1531 878; x_wconf 76' lang='lat' dir='ltr'><strong>iustum</strong></span> <span class='ocrx_word' id='word_1_152' title='bbox 1541 806 1671 862; x_wconf 82' lang='lat' dir='ltr'><strong>intellexi.</strong></span> 
     </span>
    </p>

    <p class='ocr_par' dir='ltr' id='par_1_7' title="bbox 918 899 1709 1427">
     <span class='ocr_line' id='line_1_21' title="bbox 957 899 1709 957; baseline 0.007 -6"><span class='ocrx_word' id='word_1_153' title='bbox 957 901 1039 957; x_wconf 75' lang='lat' dir='ltr'><strong>Vens.</strong></span> <span class='ocrx_word' id='word_1_154' title='bbox 1056 901 1099 956; x_wconf 90' lang='lat' dir='ltr'><strong>ll.</strong></span> <span class='ocrx_word' id='word_1_155' title='bbox 1118 899 1258 955; x_wconf 70' lang='lat' dir='ltr'><strong>Iustitiam</strong></span> <span class='ocrx_word' id='word_1_156' title='bbox 1281 912 1355 956; x_wconf 89' lang='lat' dir='ltr'><strong>tuom</strong></span> <span class='ocrx_word' id='word_1_157' title='bbox 1378 918 1429 955; x_wconf 88' lang='lat' dir='ltr'><strong>non</strong></span> <span class='ocrx_word' id='word_1_158' title='bbox 1447 900 1574 956; x_wconf 84' lang='lat' dir='ltr'><strong>abscondi</strong></span> <span class='ocrx_word' id='word_1_159' title='bbox 1589 903 1615 956; x_wconf 88' lang='lat' dir='ltr'><strong>iu</strong></span> <span class='ocrx_word' id='word_1_160' title='bbox 1630 901 1709 957; x_wconf 78' lang='lat' dir='ltr'><strong>corde</strong></span> 
     </span>
     <span class='ocr_line' id='line_1_22' title="bbox 918 992 1708 1063; baseline 0.003 -15"><span class='ocrx_word' id='word_1_161' title='bbox 918 1011 985 1060; x_wconf 91' lang='lat' dir='ltr'><strong>mco,</strong></span> <span class='ocrx_word' id='word_1_162' title='bbox 1006 994 1078 1049; x_wconf 90' lang='lat' dir='ltr'><strong>sicut</strong></span> <span class='ocrx_word' id='word_1_163' title='bbox 1092 993 1129 1047; x_wconf 87' lang='lat' dir='ltr'><strong>illi</strong></span> <span class='ocrx_word' id='word_1_164' title='bbox 1142 992 1255 1059; x_wconf 83' lang='lat' dir='ltr'><strong>iaciunt,</strong></span> <span class='ocrx_word' id='word_1_165' title='bbox 1268 992 1315 1063; x_wconf 87' lang='lat' dir='ltr'><strong>qui</strong></span> <span class='ocrx_word' id='word_1_166' title='bbox 1329 993 1458 1050; x_wconf 90' lang='lat' dir='ltr'><strong>dicuntur</strong></span> <span class='ocrx_word' id='word_1_167' title='bbox 1469 1010 1553 1050; x_wconf 93' lang='lat' dir='ltr'><strong>canes</strong></span> <span class='ocrx_word' id='word_1_168' title='bbox 1569 994 1636 1049; x_wconf 90' lang='lat' dir='ltr'><strong>muti</strong></span> <span class='ocrx_word' id='word_1_169' title='bbox 1653 1009 1708 1050; x_wconf 90' lang='lat' dir='ltr'><strong>non</strong></span> 
     </span>
     <span class='ocr_line' id='line_1_23' title="bbox 918 1084 1705 1158; baseline 0.004 -19"><span class='ocrx_word' id='word_1_170' title='bbox 918 1086 1041 1142; x_wconf 87' lang='lat' dir='ltr'><strong>valentes</strong></span> <span class='ocrx_word' id='word_1_171' title='bbox 1064 1086 1173 1140; x_wconf 81' lang='lat' dir='ltr'><strong>latrare.</strong></span> <span class='ocrx_word' id='word_1_172' title='bbox 1197 1084 1293 1140; x_wconf 87' lang='lat' dir='ltr'><strong>Sciens</strong></span> <span class='ocrx_word' id='word_1_173' title='bbox 1311 1086 1384 1142; x_wconf 81' lang='lat' dir='ltr'><strong>carim</strong></span> <span class='ocrx_word' id='word_1_174' title='bbox 1400 1087 1464 1157; x_wconf 89' lang='lat' dir='ltr'><strong>quia</strong></span> <span class='ocrx_word' id='word_1_175' title='bbox 1485 1086 1576 1158; x_wconf 85' lang='lat' dir='ltr'><strong>justas</strong></span> <span class='ocrx_word' id='word_1_176' title='bbox 1597 1102 1631 1142; x_wconf 85' lang='lat' dir='ltr'><strong>cx</strong></span> <span class='ocrx_word' id='word_1_177' title='bbox 1653 1086 1705 1143; x_wconf 84' lang='lat' dir='ltr'><strong>hdo</strong></span> 
     </span>
     <span class='ocr_line' id='line_1_24' title="bbox 918 1176 1705 1248; baseline 0.006 -18"><span class='ocrx_word' id='word_1_178' title='bbox 918 1178 994 1241; x_wconf 84' lang='lat' dir='ltr'><strong>vivit,</strong></span> <span class='ocrx_word' id='word_1_179' title='bbox 1017 1177 1153 1248; x_wconf 81' lang='lat' dir='ltr'><strong>justitiam</strong></span> <span class='ocrx_word' id='word_1_180' title='bbox 1170 1176 1231 1232; x_wconf 84' lang='lat' dir='ltr'><strong>lirici</strong></span> <span class='ocrx_word' id='word_1_181' title='bbox 1255 1177 1418 1234; x_wconf 81' lang='lat' dir='ltr'><strong>cordetenus</strong></span> <span class='ocrx_word' id='word_1_182' title='bbox 1438 1179 1524 1246; x_wconf 87' lang='lat' dir='ltr'><strong>tenui,</strong></span> <span class='ocrx_word' id='word_1_183' title='bbox 1551 1180 1622 1235; x_wconf 90' lang='lat' dir='ltr'><strong>sicut</strong></span> <span class='ocrx_word' id='word_1_184' title='bbox 1644 1195 1705 1235; x_wconf 87' lang='lat' dir='ltr'><strong>eam</strong></span> 
     </span>
     <span class='ocr_line' id='line_1_25' title="bbox 919 1266 1704 1339; baseline 0.004 -16"><span class='ocrx_word' id='word_1_185' title='bbox 919 1268 1064 1323; x_wconf 87' lang='lat' dir='ltr'><strong>tenendam</strong></span> <span class='ocrx_word' id='word_1_186' title='bbox 1088 1266 1202 1331; x_wconf 90' lang='lat' dir='ltr'><strong>credidi,</strong></span> <span class='ocrx_word' id='word_1_187' title='bbox 1226 1278 1336 1338; x_wconf 87' lang='lat' dir='ltr'><strong>propter</strong></span> <span class='ocrx_word' id='word_1_188' title='bbox 1359 1269 1432 1339; x_wconf 78' lang='lat' dir='ltr'><strong>qurrd</strong></span> <span class='ocrx_word' id='word_1_189' title='bbox 1454 1279 1482 1325; x_wconf 87' lang='lat' dir='ltr'><strong>ct</strong></span> <span class='ocrx_word' id='word_1_190' title='bbox 1505 1270 1614 1328; x_wconf 89' lang='lat' dir='ltr'><strong>locutus</strong></span> <span class='ocrx_word' id='word_1_191' title='bbox 1631 1287 1704 1327; x_wconf 88' lang='lat' dir='ltr'><strong>sum.</strong></span> 
     </span>
     <span class='ocr_line' id='line_1_26' title="bbox 919 1359 1209 1427; baseline -0.003 -12"><span class='ocrx_word' id='word_1_192' title='bbox 919 1359 989 1427; x_wconf 84' lang='lat' dir='ltr'><strong>Quid</strong></span> <span class='ocrx_word' id='word_1_193' title='bbox 1005 1362 1113 1415; x_wconf 90' lang='lat' dir='ltr'><strong>locutus</strong></span> <span class='ocrx_word' id='word_1_194' title='bbox 1129 1361 1209 1417; x_wconf 84' lang='lat' dir='ltr'><strong>sum?</strong></span> 
     </span>
    </p>
   </div>
   <div class='ocr_carea' id='block_1_7' title="bbox 78 1452 1711 1809">
    <p class='ocr_par' dir='ltr' id='par_1_8' title="bbox 78 1452 1711 1809">
     <span class='ocr_line' id='line_1_27' title="bbox 79 1452 1710 1524; baseline 0.003 -16"><span class='ocrx_word' id='word_1_195' title='bbox 79 1469 143 1508; x_wconf 92' lang='lat' dir='ltr'><strong>nem</strong></span> <span class='ocrx_word' id='word_1_196' title='bbox 166 1469 233 1510; x_wconf 85' lang='lat' dir='ltr'><strong>uero</strong></span> <span class='ocrx_word' id='word_1_197' title='bbox 253 1463 281 1511; x_wconf 87' lang='lat' dir='ltr'><strong>et</strong></span> <span class='ocrx_word' id='word_1_198' title='bbox 295 1456 485 1512; x_wconf 84' lang='lat' dir='ltr'><strong>ascensionem</strong></span> <span class='ocrx_word' id='word_1_199' title='bbox 500 1457 565 1512; x_wconf 91' lang='lat' dir='ltr'><strong>licet</strong></span> <span class='ocrx_word' id='word_1_200' title='bbox 578 1456 615 1513; x_wconf 90' lang='lat' dir='ltr'><strong>sit</strong></span> <span class='ocrx_word' id='word_1_201' title='bbox 634 1456 747 1512; x_wconf 87' lang='lat' dir='ltr'><strong>alterius</strong></span> <span class='ocrx_word' id='word_1_202' title='bbox 764 1466 869 1512; x_wconf 83' lang='lat' dir='ltr'><strong>naturae</strong></span> <span class='ocrx_word' id='word_1_203' title='bbox 962 1452 1104 1509; x_wconf 80' lang='lat' dir='ltr'><strong>Veritatem</strong></span> <span class='ocrx_word' id='word_1_204' title='bbox 1125 1466 1211 1524; x_wconf 87' lang='lat' dir='ltr'><strong>tuam,</strong></span> <span class='ocrx_word' id='word_1_205' title='bbox 1224 1466 1249 1510; x_wconf 93' lang='lat' dir='ltr'><strong>et</strong></span> <span class='ocrx_word' id='word_1_206' title='bbox 1265 1457 1384 1511; x_wconf 87' lang='lat' dir='ltr'><strong>solatore</strong></span> <span class='ocrx_word' id='word_1_207' title='bbox 1397 1466 1470 1511; x_wconf 89' lang='lat' dir='ltr'><strong>tuum</strong></span> <span class='ocrx_word' id='word_1_208' title='bbox 1488 1458 1557 1512; x_wconf 79' lang='lat' dir='ltr'><strong>diei.</strong></span> <span class='ocrx_word' id='word_1_209' title='bbox 1572 1456 1635 1512; x_wconf 88' lang='lat' dir='ltr'><strong>Non</strong></span> <span class='ocrx_word' id='word_1_210' title='bbox 1649 1457 1710 1513; x_wconf 87' lang='lat' dir='ltr'><strong>ols-</strong></span> 
     </span>
     <span class='ocr_line' id='line_1_28' title="bbox 78 1545 1711 1617; baseline 0.002 -15"><span class='ocrx_word' id='word_1_211' title='bbox 78 1561 164 1617; x_wconf 79' lang='lat' dir='ltr'><strong>quam</strong></span> <span class='ocrx_word' id='word_1_212' title='bbox 179 1545 281 1614; x_wconf 83' lang='lat' dir='ltr'><strong>divina,</strong></span> <span class='ocrx_word' id='word_1_213' title='bbox 297 1546 356 1617; x_wconf 88' lang='lat' dir='ltr'><strong>ipsa</strong></span> <span class='ocrx_word' id='word_1_214' title='bbox 376 1556 468 1603; x_wconf 86' lang='lat' dir='ltr'><strong>tamen</strong></span> <span class='ocrx_word' id='word_1_215' title='bbox 482 1556 525 1604; x_wconf 86' lang='lat' dir='ltr'><strong>cst</strong></span> <span class='ocrx_word' id='word_1_216' title='bbox 544 1547 572 1603; x_wconf 91' lang='lat' dir='ltr'><strong>in</strong></span> <span class='ocrx_word' id='word_1_217' title='bbox 587 1547 745 1604; x_wconf 87' lang='lat' dir='ltr'><strong>omnimoda</strong></span> <span class='ocrx_word' id='word_1_218' title='bbox 769 1548 869 1603; x_wconf 82' lang='lat' dir='ltr'><strong>uirtute</strong></span> <span class='ocrx_word' id='word_1_219' title='bbox 919 1545 997 1600; x_wconf 79' lang='lat' dir='ltr'><strong>ceredi</strong></span> <span class='ocrx_word' id='word_1_220' title='bbox 1023 1547 1233 1602; x_wconf 83' lang='lat' dir='ltr'><strong>misericordiam</strong></span> <span class='ocrx_word' id='word_1_221' title='bbox 1248 1558 1332 1617; x_wconf 89' lang='lat' dir='ltr'><strong>tuom,</strong></span> <span class='ocrx_word' id='word_1_222' title='bbox 1343 1559 1369 1603; x_wconf 89' lang='lat' dir='ltr'><strong>et</strong></span> <span class='ocrx_word' id='word_1_223' title='bbox 1384 1551 1521 1604; x_wconf 87' lang='lat' dir='ltr'><strong>ceritatem</strong></span> <span class='ocrx_word' id='word_1_224' title='bbox 1535 1561 1609 1605; x_wconf 89' lang='lat' dir='ltr'><strong>tuam</strong></span> <span class='ocrx_word' id='word_1_225' title='bbox 1621 1568 1637 1604; x_wconf 88' lang='lat' dir='ltr'><strong>a</strong></span> <span class='ocrx_word' id='word_1_226' title='bbox 1648 1567 1711 1606; x_wconf 86' lang='lat' dir='ltr'><strong>corr·</strong></span> 
     </span>
     <span class='ocr_line' id='line_1_29' title="bbox 79 1638 1710 1717; baseline 0.003 -20"><span class='ocrx_word' id='word_1_227' title='bbox 79 1640 173 1697; x_wconf 82' lang='lat' dir='ltr'><strong>diuina</strong></span> <span class='ocrx_word' id='word_1_228' title='bbox 188 1642 248 1698; x_wconf 90' lang='lat' dir='ltr'><strong>siue</strong></span> <span class='ocrx_word' id='word_1_229' title='bbox 261 1642 443 1707; x_wconf 84' lang='lat' dir='ltr'><strong>dissonantia,</strong></span> <span class='ocrx_word' id='word_1_230' title='bbox 460 1643 497 1698; x_wconf 92' lang='lat' dir='ltr'><strong>ita</strong></span> <span class='ocrx_word' id='word_1_231' title='bbox 512 1652 542 1698; x_wconf 91' lang='lat' dir='ltr'><strong>ut</strong></span> <span class='ocrx_word' id='word_1_232' title='bbox 560 1656 612 1715; x_wconf 74' lang='lat' dir='ltr'><strong>ego</strong></span> <span class='ocrx_word' id='word_1_233' title='bbox 624 1657 712 1698; x_wconf 83' lang='lat' dir='ltr'><strong>novus</strong></span> <span class='ocrx_word' id='word_1_234' title='bbox 726 1642 808 1698; x_wconf 90' lang='lat' dir='ltr'><strong>homo</strong></span> <span class='ocrx_word' id='word_1_235' title='bbox 826 1641 870 1696; x_wconf 90' lang='lat' dir='ltr'><strong>di·</strong></span> <span class='ocrx_word' id='word_1_236' title='bbox 919 1639 982 1693; x_wconf 85' lang='lat' dir='ltr'><strong>cr&#39;lr‘o</strong></span> <span class='ocrx_word' id='word_1_237' title='bbox 1007 1640 1099 1695; x_wconf 86' lang='lat' dir='ltr'><strong>multo.</strong></span> <span class='ocrx_word' id='word_1_238' title='bbox 1119 1638 1261 1696; x_wconf 81' lang='lat' dir='ltr'><strong>Veritatem</strong></span> <span class='ocrx_word' id='word_1_239' title='bbox 1277 1651 1350 1697; x_wconf 87' lang='lat' dir='ltr'><strong>tuam</strong></span> <span class='ocrx_word' id='word_1_240' title='bbox 1378 1643 1405 1698; x_wconf 89' lang='lat' dir='ltr'><strong>in</strong></span> <span class='ocrx_word' id='word_1_241' title='bbox 1420 1644 1649 1714; x_wconf 81' lang='lat' dir='ltr'><strong>promissionibus</strong></span> <span class='ocrx_word' id='word_1_242' title='bbox 1663 1662 1710 1717; x_wconf 92' lang='lat' dir='ltr'><strong>per</strong></span> 
     </span>
     <span class='ocr_line' id='line_1_30' title="bbox 78 1730 1709 1809; baseline 0.002 -19"><span class='ocrx_word' id='word_1_243' title='bbox 78 1749 143 1791; x_wconf 85' lang='lat' dir='ltr'><strong>cere</strong></span> <span class='ocrx_word' id='word_1_244' title='bbox 155 1734 259 1807; x_wconf 89' lang='lat' dir='ltr'><strong>possim</strong></span> <span class='ocrx_word' id='word_1_245' title='bbox 276 1754 283 1789; x_wconf 73' lang='grc' dir='ltr'>ε</span> <span class='ocrx_word' id='word_1_246' title='bbox 304 1734 472 1791; x_wconf 84' lang='lat' dir='ltr'><strong>Voluntatem</strong></span> <span class='ocrx_word' id='word_1_247' title='bbox 489 1745 575 1801; x_wconf 90' lang='lat' dir='ltr'><strong>tuam,</strong></span> <span class='ocrx_word' id='word_1_248' title='bbox 595 1734 666 1791; x_wconf 83' lang='lat' dir='ltr'><strong>Deus</strong></span> <span class='ocrx_word' id='word_1_249' title='bbox 685 1751 768 1801; x_wconf 83' lang='lat' dir='ltr'><strong>meus,</strong></span> <span class='ocrx_word' id='word_1_250' title='bbox 788 1734 868 1802; x_wconf 85' lang='lat' dir='ltr'><strong>uolui,</strong></span> <span class='ocrx_word' id='word_1_251' title='bbox 884 1730 1071 1797; x_wconf 80' lang='lat' dir='ltr'><strong>BChrlstum,</strong></span> <span class='ocrx_word' id='word_1_252' title='bbox 1089 1733 1136 1805; x_wconf 80' lang='lat' dir='ltr'><strong>qui</strong></span> <span class='ocrx_word' id='word_1_253' title='bbox 1161 1736 1327 1803; x_wconf 79' lang='lat' dir='ltr'><strong>ostracites,</strong></span> <span class='ocrx_word' id='word_1_254' title='bbox 1340 1737 1439 1808; x_wconf 88' lang='lat' dir='ltr'><strong>partim</strong></span> <span class='ocrx_word' id='word_1_255' title='bbox 1464 1737 1594 1808; x_wconf 89' lang='lat' dir='ltr'><strong>impletis,</strong></span> <span class='ocrx_word' id='word_1_256' title='bbox 1610 1740 1709 1809; x_wconf 86' lang='lat' dir='ltr'><strong>partim</strong></span> 
     </span>
    </p>
   </div>
   <div class='ocr_carea' id='block_1_8' title="bbox 78 1829 871 2456">
    <p class='ocr_par' dir='ltr' id='par_1_9' title="bbox 78 1829 871 2456">
     <span class='ocr_line' id='line_1_31' title="bbox 79 1829 868 1886; baseline 0.001 -3"><span class='ocrx_word' id='word_1_257' title='bbox 79 1829 164 1885; x_wconf 88' lang='lat' dir='ltr'><strong>idest</strong></span> <span class='ocrx_word' id='word_1_258' title='bbox 182 1830 316 1886; x_wconf 86' lang='lat' dir='ltr'><strong>uoluntati</strong></span> <span class='ocrx_word' id='word_1_259' title='bbox 333 1830 432 1886; x_wconf 84' lang='lat' dir='ltr'><strong>diuinae</strong></span> <span class='ocrx_word' id='word_1_260' title='bbox 455 1830 595 1885; x_wconf 83' lang='lat' dir='ltr'><strong>uoluntate</strong></span> <span class='ocrx_word' id='word_1_261' title='bbox 619 1830 739 1885; x_wconf 89' lang='lat' dir='ltr'><strong>humana</strong></span> <span class='ocrx_word' id='word_1_262' title='bbox 756 1829 868 1885; x_wconf 89' lang='lat' dir='ltr'><strong>omnino</strong></span> 
     </span>
     <span class='ocr_line' id='line_1_32' title="bbox 79 1921 866 1993; baseline 0.004 -17"><span class='ocrx_word' id='word_1_263' title='bbox 79 1922 218 1990; x_wconf 84' lang='lat' dir='ltr'><strong>consensi,</strong></span> <span class='ocrx_word' id='word_1_264' title='bbox 230 1931 256 1978; x_wconf 87' lang='lat' dir='ltr'><strong>et</strong></span> <span class='ocrx_word' id='word_1_265' title='bbox 270 1921 353 1993; x_wconf 82' lang='lat' dir='ltr'><strong>lepem</strong></span> <span class='ocrx_word' id='word_1_266' title='bbox 368 1931 441 1977; x_wconf 90' lang='lat' dir='ltr'><strong>tuam</strong></span> <span class='ocrx_word' id='word_1_267' title='bbox 459 1924 487 1976; x_wconf 80' lang='grc' dir='ltr'><strong>ιιι</strong></span> <span class='ocrx_word' id='word_1_268' title='bbox 502 1922 587 1978; x_wconf 76' lang='lat' dir='ltr'><strong>nmilia</strong></span> <span class='ocrx_word' id='word_1_269' title='bbox 606 1922 693 1978; x_wconf 83' lang='lat' dir='ltr'><strong>cordis</strong></span> <span class='ocrx_word' id='word_1_270' title='bbox 708 1924 758 1977; x_wconf 90' lang='lat' dir='ltr'><strong>mei</strong></span> <span class='ocrx_word' id='word_1_271' title='bbox 769 1924 866 1989; x_wconf 85' lang='lat' dir='ltr'><strong>habco,</strong></span> 
     </span>
     <span class='ocr_line' id='line_1_33' title="bbox 80 2013 868 2087; baseline 0 -18"><span class='ocrx_word' id='word_1_272' title='bbox 80 2013 153 2069; x_wconf 87' lang='lat' dir='ltr'><strong>sicut</strong></span> <span class='ocrx_word' id='word_1_273' title='bbox 176 2014 307 2084; x_wconf 81' lang='lat' dir='ltr'><strong>incapite</strong></span> <span class='ocrx_word' id='word_1_274' title='bbox 326 2014 398 2081; x_wconf 77' lang='lat' dir='ltr'><strong>libri,</strong></span> <span class='ocrx_word' id='word_1_275' title='bbox 418 2015 502 2071; x_wconf 91' lang='lat' dir='ltr'><strong>idest</strong></span> <span class='ocrx_word' id='word_1_276' title='bbox 524 2014 551 2069; x_wconf 93' lang='lat' dir='ltr'><strong>in</strong></span> <span class='ocrx_word' id='word_1_277' title='bbox 574 2013 662 2085; x_wconf 93' lang='lat' dir='ltr'><strong>primo</strong></span> <span class='ocrx_word' id='word_1_278' title='bbox 676 2015 783 2087; x_wconf 83' lang='lat' dir='ltr'><strong>psalmo</strong></span> <span class='ocrx_word' id='word_1_279' title='bbox 798 2016 868 2071; x_wconf 88' lang='lat' dir='ltr'><strong>scri·</strong></span> 
     </span>
     <span class='ocr_line' id='line_1_34' title="bbox 80 2107 868 2179; baseline -0.001 -17"><span class='ocrx_word' id='word_1_280' title='bbox 80 2115 158 2178; x_wconf 91' lang='lat' dir='ltr'><strong>ptum</strong></span> <span class='ocrx_word' id='word_1_281' title='bbox 178 2117 221 2163; x_wconf 89' lang='lat' dir='ltr'><strong>est</strong></span> <span class='ocrx_word' id='word_1_282' title='bbox 242 2107 276 2163; x_wconf 86' lang='lat' dir='ltr'><strong>de</strong></span> <span class='ocrx_word' id='word_1_283' title='bbox 297 2123 351 2175; x_wconf 89' lang='lat' dir='ltr'><strong>me,</strong></span> <span class='ocrx_word' id='word_1_284' title='bbox 367 2107 526 2165; x_wconf 89' lang='lat' dir='ltr'><strong>ubidicitur</strong></span> <span class='ocrx_word' id='word_1_285' title='bbox 544 2129 550 2164; x_wconf 93' lang='lat'>:</span> <span class='ocrx_word' id='word_1_286' title='bbox 566 2107 617 2164; x_wconf 83' lang='lat' dir='ltr'><strong>Sed</strong></span> <span class='ocrx_word' id='word_1_287' title='bbox 641 2109 669 2162; x_wconf 85' lang='lat' dir='ltr'><strong>iu</strong></span> <span class='ocrx_word' id='word_1_288' title='bbox 691 2109 746 2179; x_wconf 77' lang='lat' dir='ltr'><strong>leae</strong></span> <span class='ocrx_word' id='word_1_289' title='bbox 763 2107 868 2162; x_wconf 80' lang='lat' dir='ltr'><strong>bertini</strong></span> 
     </span>
     <span class='ocr_line' id='line_1_35' title="bbox 79 2197 869 2272; baseline 0.001 -19"><span class='ocrx_word' id='word_1_290' title='bbox 79 2197 203 2254; x_wconf 85' lang='lat' dir='ltr'><strong>uoluntas</strong></span> <span class='ocrx_word' id='word_1_291' title='bbox 214 2199 281 2271; x_wconf 83' lang='lat' dir='ltr'><strong>ejus,</strong></span> <span class='ocrx_word' id='word_1_292' title='bbox 295 2211 321 2255; x_wconf 90' lang='lat' dir='ltr'><strong>et</strong></span> <span class='ocrx_word' id='word_1_293' title='bbox 334 2201 361 2256; x_wconf 87' lang='lat' dir='ltr'><strong>in</strong></span> <span class='ocrx_word' id='word_1_294' title='bbox 375 2201 430 2272; x_wconf 70' lang='lat' dir='ltr'><strong>leae</strong></span> <span class='ocrx_word' id='word_1_295' title='bbox 445 2201 503 2271; x_wconf 81' lang='lat' dir='ltr'><strong>ejus</strong></span> <span class='ocrx_word' id='word_1_296' title='bbox 517 2201 688 2256; x_wconf 83' lang='lat' dir='ltr'><strong>meditabitur</strong></span> <span class='ocrx_word' id='word_1_297' title='bbox 703 2201 746 2255; x_wconf 87' lang='lat' dir='ltr'><strong>die</strong></span> <span class='ocrx_word' id='word_1_298' title='bbox 768 2217 799 2255; x_wconf 90' lang='lat' dir='ltr'><strong>ac</strong></span> <span class='ocrx_word' id='word_1_299' title='bbox 820 2217 869 2254; x_wconf 86' lang='lat' dir='ltr'><strong>rto·</strong></span> 
     </span>
     <span class='ocr_line' id='line_1_36' title="bbox 78 2289 868 2366; baseline 0.003 -19"><span class='ocrx_word' id='word_1_300' title='bbox 78 2304 122 2347; x_wconf 82' lang='lat' dir='ltr'><strong>cte</strong></span> <span class='ocrx_word' id='word_1_301' title='bbox 139 2289 226 2362; x_wconf 86' lang='lat' dir='ltr'><strong>(Psal.</strong></span> <span class='ocrx_word' id='word_1_302' title='bbox 243 2307 262 2359; x_wconf 93' lang='lat' dir='ltr'><strong>r,</strong></span> <span class='ocrx_word' id='word_1_303' title='bbox 277 2291 316 2364; x_wconf 71' lang='grc' dir='ltr'>ι).</span> <span class='ocrx_word' id='word_1_304' title='bbox 333 2292 411 2360; x_wconf 83' lang='lat' dir='ltr'><strong>Quod</strong></span> <span class='ocrx_word' id='word_1_305' title='bbox 430 2295 503 2350; x_wconf 86' lang='lat' dir='ltr'><strong>enim</strong></span> <span class='ocrx_word' id='word_1_306' title='bbox 526 2296 554 2349; x_wconf 89' lang='lat' dir='ltr'><strong>in</strong></span> <span class='ocrx_word' id='word_1_307' title='bbox 567 2294 652 2366; x_wconf 86' lang='lat' dir='ltr'><strong>capite</strong></span> <span class='ocrx_word' id='word_1_308' title='bbox 664 2293 727 2348; x_wconf 85' lang='lat' dir='ltr'><strong>libri</strong></span> <span class='ocrx_word' id='word_1_309' title='bbox 748 2293 868 2350; x_wconf 87' lang='lat' dir='ltr'><strong>dicitur:</strong></span> 
     </span>
     <span class='ocr_line' id='line_1_37' title="bbox 80 2380 871 2456; baseline 0.003 -17"><span class='ocrx_word' id='word_1_310' title='bbox 80 2380 115 2439; x_wconf 81' lang='lat' dir='ltr'><strong>ln</strong></span> <span class='ocrx_word' id='word_1_311' title='bbox 130 2384 184 2456; x_wconf 75' lang='lat' dir='ltr'><strong>leae</strong></span> <span class='ocrx_word' id='word_1_312' title='bbox 196 2383 303 2439; x_wconf 72' lang='lat' dir='ltr'><strong>Danuui</strong></span> <span class='ocrx_word' id='word_1_313' title='bbox 314 2384 434 2440; x_wconf 79' lang='lat' dir='ltr'><strong>uoluntas</strong></span> <span class='ocrx_word' id='word_1_314' title='bbox 446 2387 515 2453; x_wconf 78' lang='lat' dir='ltr'><strong>eius,</strong></span> <span class='ocrx_word' id='word_1_315' title='bbox 527 2396 660 2442; x_wconf 89' lang='lat' dir='ltr'><strong>consonat</strong></span> <span class='ocrx_word' id='word_1_316' title='bbox 674 2386 758 2444; x_wconf 80' lang='lat' dir='ltr'><strong>uerbo</strong></span> <span class='ocrx_word' id='word_1_317' title='bbox 772 2386 817 2442; x_wconf 92' lang='lat' dir='ltr'><strong>hic</strong></span> <span class='ocrx_word' id='word_1_318' title='bbox 828 2386 871 2441; x_wconf 93' lang='lat' dir='ltr'><strong>di·</strong></span> 
     </span>
    </p>
   </div>
   <div class='ocr_carea' id='block_1_9' title="bbox 919 1823 1712 2451">
    <p class='ocr_par' dir='ltr' id='par_1_10' title="bbox 919 1823 1712 2451">
     <span class='ocr_line' id='line_1_38' title="bbox 920 1823 1706 1897; baseline 0.015 -21"><span class='ocrx_word' id='word_1_319' title='bbox 920 1823 1009 1880; x_wconf 90' lang='lat' dir='ltr'><strong>adhuc</strong></span> <span class='ocrx_word' id='word_1_320' title='bbox 1032 1824 1186 1896; x_wconf 87' lang='lat' dir='ltr'><strong>implendis,</strong></span> <span class='ocrx_word' id='word_1_321' title='bbox 1204 1837 1229 1881; x_wconf 89' lang='lat' dir='ltr'><strong>et</strong></span> <span class='ocrx_word' id='word_1_322' title='bbox 1241 1828 1359 1883; x_wconf 87' lang='lat' dir='ltr'><strong>salutare</strong></span> <span class='ocrx_word' id='word_1_323' title='bbox 1372 1839 1458 1897; x_wconf 89' lang='lat' dir='ltr'><strong>tuum,</strong></span> <span class='ocrx_word' id='word_1_324' title='bbox 1479 1831 1505 1884; x_wconf 91' lang='lat' dir='ltr'><strong>id</strong></span> <span class='ocrx_word' id='word_1_325' title='bbox 1523 1840 1565 1887; x_wconf 91' lang='lat' dir='ltr'><strong>est</strong></span> <span class='ocrx_word' id='word_1_326' title='bbox 1579 1832 1706 1887; x_wconf 87' lang='lat' dir='ltr'><strong>aunrdcm</strong></span> 
     </span>
     <span class='ocr_line' id='line_1_39' title="bbox 919 1913 1710 1995; baseline 0.016 -27"><span class='ocrx_word' id='word_1_327' title='bbox 919 1913 1069 1984; x_wconf 84' lang='lat' dir='ltr'><strong>Christum,</strong></span> <span class='ocrx_word' id='word_1_328' title='bbox 1091 1918 1138 1988; x_wconf 82' lang='lat' dir='ltr'><strong>qui</strong></span> <span class='ocrx_word' id='word_1_329' title='bbox 1159 1927 1200 1975; x_wconf 89' lang='lat' dir='ltr'><strong>est</strong></span> <span class='ocrx_word' id='word_1_330' title='bbox 1216 1919 1315 1975; x_wconf 82' lang='lat' dir='ltr'><strong>ueritas</strong></span> <span class='ocrx_word' id='word_1_331' title='bbox 1328 1921 1362 1975; x_wconf 91' lang='lat' dir='ltr'><strong>ad</strong></span> <span class='ocrx_word' id='word_1_332' title='bbox 1377 1921 1578 1979; x_wconf 85' lang='lat' dir='ltr'><strong>confirmandas</strong></span> <span class='ocrx_word' id='word_1_333' title='bbox 1592 1925 1710 1995; x_wconf 86' lang='lat' dir='ltr'><strong>promis·</strong></span> 
     </span>
     <span class='ocr_line' id='line_1_40' title="bbox 920 2005 1710 2077; baseline 0.018 -17"><span class='ocrx_word' id='word_1_334' title='bbox 920 2005 1012 2063; x_wconf 90' lang='lat' dir='ltr'><strong>siones</strong></span> <span class='ocrx_word' id='word_1_335' title='bbox 1038 2006 1162 2077; x_wconf 79' lang='lat' dir='ltr'><strong>Petrum,</strong></span> <span class='ocrx_word' id='word_1_336' title='bbox 1181 2020 1208 2067; x_wconf 85' lang='lat' dir='ltr'><strong>et</strong></span> <span class='ocrx_word' id='word_1_337' title='bbox 1223 2010 1393 2067; x_wconf 76' lang='lat' dir='ltr'><strong>Salt&#39;atorcm</strong></span> <span class='ocrx_word' id='word_1_338' title='bbox 1418 2029 1472 2069; x_wconf 92' lang='lat' dir='ltr'><strong>non</strong></span> <span class='ocrx_word' id='word_1_339' title='bbox 1489 2015 1578 2070; x_wconf 87' lang='lat' dir='ltr'><strong>solum</strong></span> <span class='ocrx_word' id='word_1_340' title='bbox 1603 2015 1710 2074; x_wconf 82' lang='lat' dir='ltr'><strong>ludaeo-</strong></span> 
     </span>
     <span class='ocr_line' id='line_1_41' title="bbox 919 2100 1711 2172; baseline 0.015 -21"><span class='ocrx_word' id='word_1_341' title='bbox 919 2113 992 2165; x_wconf 86' lang='lat' dir='ltr'><strong>rum,</strong></span> <span class='ocrx_word' id='word_1_342' title='bbox 1007 2100 1054 2155; x_wconf 85' lang='lat' dir='ltr'><strong>sed</strong></span> <span class='ocrx_word' id='word_1_343' title='bbox 1069 2111 1096 2156; x_wconf 91' lang='lat' dir='ltr'><strong>et</strong></span> <span class='ocrx_word' id='word_1_344' title='bbox 1110 2101 1231 2172; x_wconf 81' lang='lat' dir='ltr'><strong>gentium</strong></span> <span class='ocrx_word' id='word_1_345' title='bbox 1255 2104 1323 2158; x_wconf 77' lang='lat' dir='ltr'><strong>diri.</strong></span> <span class='ocrx_word' id='word_1_346' title='bbox 1341 2104 1406 2158; x_wconf 77' lang='lat' dir='ltr'><strong>Diti</strong></span> <span class='ocrx_word' id='word_1_347' title='bbox 1428 2105 1501 2160; x_wconf 87' lang='lat' dir='ltr'><strong>enim</strong></span> <span class='ocrx_word' id='word_1_348' title='bbox 1518 2104 1610 2162; x_wconf 83' lang='lat' dir='ltr'><strong>lesum</strong></span> <span class='ocrx_word' id='word_1_349' title='bbox 1632 2106 1711 2163; x_wconf 79' lang='lat' dir='ltr'><strong>Cirri-</strong></span> 
     </span>
     <span class='ocr_line' id='line_1_42' title="bbox 920 2194 1711 2271; baseline 0.014 -27"><span class='ocrx_word' id='word_1_350' title='bbox 920 2201 990 2244; x_wconf 86' lang='lat' dir='ltr'><strong>rtum</strong></span> <span class='ocrx_word' id='word_1_351' title='bbox 1008 2194 1160 2249; x_wconf 89' lang='lat' dir='ltr'><strong>ministrum</strong></span> <span class='ocrx_word' id='word_1_352' title='bbox 1179 2196 1262 2267; x_wconf 76' lang='lat' dir='ltr'><strong>[uisse</strong></span> <span class='ocrx_word' id='word_1_353' title='bbox 1282 2198 1492 2253; x_wconf 88' lang='lat' dir='ltr'><strong>circumcisionis</strong></span> <span class='ocrx_word' id='word_1_354' title='bbox 1515 2212 1622 2271; x_wconf 84' lang='lat' dir='ltr'><strong>propter</strong></span> <span class='ocrx_word' id='word_1_355' title='bbox 1640 2200 1711 2256; x_wconf 83' lang='lat' dir='ltr'><strong>rcri-</strong></span> 
     </span>
     <span class='ocr_line' id='line_1_43' title="bbox 921 2286 1712 2365; baseline 0.013 -26"><span class='ocrx_word' id='word_1_356' title='bbox 921 2296 1002 2340; x_wconf 86' lang='lat' dir='ltr'><strong>tatcm</strong></span> <span class='ocrx_word' id='word_1_357' title='bbox 1019 2286 1067 2342; x_wconf 80' lang='lat' dir='ltr'><strong>Dei</strong></span> <span class='ocrx_word' id='word_1_358' title='bbox 1093 2289 1128 2342; x_wconf 88' lang='lat' dir='ltr'><strong>ad</strong></span> <span class='ocrx_word' id='word_1_359' title='bbox 1152 2290 1350 2360; x_wconf 78' lang='lat' dir='ltr'><strong>confirmandas</strong></span> <span class='ocrx_word' id='word_1_360' title='bbox 1378 2293 1565 2362; x_wconf 75' lang='lat' dir='ltr'><strong>promissiones</strong></span> <span class='ocrx_word' id='word_1_361' title='bbox 1585 2292 1712 2365; x_wconf 82' lang='lat' dir='ltr'><strong>Patruus,</strong></span> 
     </span>
     <span class='ocr_line' id='line_1_44' title="bbox 920 2384 1712 2451; baseline 0.013 -20"><span class='ocrx_word' id='word_1_362' title='bbox 920 2388 1008 2449; x_wconf 82' lang='lat' dir='ltr'><strong>pentes</strong></span> <span class='ocrx_word' id='word_1_363' title='bbox 1043 2391 1133 2435; x_wconf 88' lang='lat' dir='ltr'><strong>autem</strong></span> <span class='ocrx_word' id='word_1_364' title='bbox 1159 2398 1237 2451; x_wconf 85' lang='lat' dir='ltr'><strong>super</strong></span> <span class='ocrx_word' id='word_1_365' title='bbox 1268 2384 1450 2437; x_wconf 85' lang='lat' dir='ltr'><strong>misericordia</strong></span> <span class='ocrx_word' id='word_1_366' title='bbox 1473 2384 1603 2440; x_wconf 84' lang='lat' dir='ltr'><strong>honorare</strong></span> <span class='ocrx_word' id='word_1_367' title='bbox 1626 2385 1712 2441; x_wconf 78' lang='lat' dir='ltr'><strong>Deum</strong></span> 
     </span>
    </p>
   </div>
   <div class='ocr_carea' id='block_1_10' title="bbox 79 2472 1712 2826">
    <p class='ocr_par' dir='ltr' id='par_1_11' title="bbox 79 2472 1712 2826">
     <span class='ocr_line' id='line_1_45' title="bbox 80 2472 1711 2551; baseline 0.005 -25"><span class='ocrx_word' id='word_1_368' title='bbox 80 2486 149 2534; x_wconf 80' lang='lat' dir='ltr'><strong>cto:</strong></span> <span class='ocrx_word' id='word_1_369' title='bbox 174 2477 343 2534; x_wconf 73' lang='lat' dir='ltr'><strong>Voluntatem</strong></span> <span class='ocrx_word' id='word_1_370' title='bbox 359 2490 442 2547; x_wconf 77' lang='lat' dir='ltr'><strong>taam,</strong></span> <span class='ocrx_word' id='word_1_371' title='bbox 456 2478 527 2534; x_wconf 71' lang='lat' dir='ltr'><strong>Deae</strong></span> <span class='ocrx_word' id='word_1_372' title='bbox 548 2495 631 2545; x_wconf 74' lang='lat' dir='ltr'><strong>maai,</strong></span> <span class='ocrx_word' id='word_1_373' title='bbox 646 2479 716 2534; x_wconf 75' lang='lat' dir='ltr'><strong>salai</strong></span> <span class='ocrx_word' id='word_1_374' title='bbox 729 2495 738 2533; x_wconf 88' lang='grc'><strong>,·</strong></span> <span class='ocrx_word' id='word_1_375' title='bbox 753 2490 781 2535; x_wconf 82' lang='lat' dir='ltr'><strong>et</strong></span> <span class='ocrx_word' id='word_1_376' title='bbox 796 2480 870 2551; x_wconf 79' lang='lat' dir='ltr'><strong>quad</strong></span> <span class='ocrx_word' id='word_1_377' title='bbox 921 2472 1009 2542; x_wconf 81' lang='lat' dir='ltr'><strong>(Rom.</strong></span> <span class='ocrx_word' id='word_1_378' title='bbox 1026 2490 1071 2543; x_wconf 76' lang='grc' dir='ltr'>ιιι,</span> <span class='ocrx_word' id='word_1_379' title='bbox 1084 2474 1122 2545; x_wconf 79' lang='grc'><strong>8).</strong></span> <span class='ocrx_word' id='word_1_380' title='bbox 1140 2474 1176 2529; x_wconf 89' lang='lat' dir='ltr'><strong>Et</strong></span> <span class='ocrx_word' id='word_1_381' title='bbox 1199 2476 1260 2532; x_wconf 86' lang='lat' dir='ltr'><strong>ideo</strong></span> <span class='ocrx_word' id='word_1_382' title='bbox 1283 2492 1335 2530; x_wconf 88' lang='lat' dir='ltr'><strong>uon</strong></span> <span class='ocrx_word' id='word_1_383' title='bbox 1353 2476 1479 2532; x_wconf 80' lang='lat' dir='ltr'><strong>abscondi</strong></span> <span class='ocrx_word' id='word_1_384' title='bbox 1499 2479 1711 2534; x_wconf 85' lang='lat' dir='ltr'><strong>misericordiam</strong></span> 
     </span>
     <span class='ocr_line' id='line_1_46' title="bbox 82 2569 1712 2644; baseline 0.006 -25"><span class='ocrx_word' id='word_1_385' title='bbox 82 2572 121 2626; x_wconf 81' lang='lat' dir='ltr'><strong>ihi</strong></span> <span class='ocrx_word' id='word_1_386' title='bbox 132 2571 233 2628; x_wconf 74' lang='lat' dir='ltr'><strong>dieitur</strong></span> <span class='ocrx_word' id='word_1_387' title='bbox 249 2589 256 2624; x_wconf 70' lang='grc' dir='ltr'><strong>ς</strong></span> <span class='ocrx_word' id='word_1_388' title='bbox 269 2570 305 2627; x_wconf 74' lang='lat' dir='ltr'><strong>Et</strong></span> <span class='ocrx_word' id='word_1_389' title='bbox 319 2574 347 2628; x_wconf 75' lang='lat' dir='ltr'><strong>iit</strong></span> <span class='ocrx_word' id='word_1_390' title='bbox 361 2573 416 2644; x_wconf 52' lang='grc' dir='ltr'>ιαμ</span> <span class='ocrx_word' id='word_1_391' title='bbox 426 2573 484 2643; x_wconf 71' lang='lat' dir='ltr'><strong>ajat</strong></span> <span class='ocrx_word' id='word_1_392' title='bbox 500 2570 671 2627; x_wconf 70' lang='lat' dir='ltr'><strong>meditabitur</strong></span> <span class='ocrx_word' id='word_1_393' title='bbox 684 2572 727 2626; x_wconf 78' lang='lat' dir='ltr'><strong>atie</strong></span> <span class='ocrx_word' id='word_1_394' title='bbox 737 2587 769 2627; x_wconf 85' lang='lat' dir='ltr'><strong>aa</strong></span> <span class='ocrx_word' id='word_1_395' title='bbox 783 2580 868 2639; x_wconf 77' lang='lat' dir='ltr'><strong>nacte,</strong></span> <span class='ocrx_word' id='word_1_396' title='bbox 921 2574 1006 2633; x_wconf 88' lang='lat' dir='ltr'><strong>tuam,</strong></span> <span class='ocrx_word' id='word_1_397' title='bbox 1023 2577 1048 2622; x_wconf 89' lang='lat' dir='ltr'><strong>et</strong></span> <span class='ocrx_word' id='word_1_398' title='bbox 1060 2569 1197 2622; x_wconf 85' lang='lat' dir='ltr'><strong>ueritatem</strong></span> <span class='ocrx_word' id='word_1_399' title='bbox 1210 2579 1283 2622; x_wconf 88' lang='lat' dir='ltr'><strong>tuum</strong></span> <span class='ocrx_word' id='word_1_400' title='bbox 1299 2587 1315 2623; x_wconf 87' lang='lat' dir='ltr'><strong>o</strong></span> <span class='ocrx_word' id='word_1_401' title='bbox 1336 2571 1448 2625; x_wconf 87' lang='lat' dir='ltr'><strong>concilio</strong></span> <span class='ocrx_word' id='word_1_402' title='bbox 1464 2572 1558 2627; x_wconf 82' lang='lat' dir='ltr'><strong>multo.</strong></span> <span class='ocrx_word' id='word_1_403' title='bbox 1575 2571 1638 2628; x_wconf 89' lang='lat' dir='ltr'><strong>Non</strong></span> <span class='ocrx_word' id='word_1_404' title='bbox 1651 2572 1712 2629; x_wconf 70' lang='lat' dir='ltr'><strong>aba·</strong></span> 
     </span>
     <span class='ocr_line' id='line_1_47' title="bbox 79 2659 1712 2737; baseline 0.001 -14"><span class='ocrx_word' id='word_1_405' title='bbox 79 2663 153 2723; x_wconf 88' lang='lat' dir='ltr'><strong>idem</strong></span> <span class='ocrx_word' id='word_1_406' title='bbox 167 2673 210 2721; x_wconf 87' lang='lat' dir='ltr'><strong>est</strong></span> <span class='ocrx_word' id='word_1_407' title='bbox 230 2681 292 2722; x_wconf 91' lang='lat' dir='ltr'><strong>cum</strong></span> <span class='ocrx_word' id='word_1_408' title='bbox 305 2681 349 2733; x_wconf 90' lang='lat' dir='ltr'><strong>eo,</strong></span> <span class='ocrx_word' id='word_1_409' title='bbox 373 2665 447 2737; x_wconf 80' lang='lat' dir='ltr'><strong>quod</strong></span> <span class='ocrx_word' id='word_1_410' title='bbox 468 2665 513 2721; x_wconf 92' lang='lat' dir='ltr'><strong>bic</strong></span> <span class='ocrx_word' id='word_1_411' title='bbox 530 2673 610 2721; x_wconf 89' lang='lat' dir='ltr'><strong>sonat</strong></span> <span class='ocrx_word' id='word_1_412' title='bbox 630 2684 637 2720; x_wconf 92' lang='lat'>:</span> <span class='ocrx_word' id='word_1_413' title='bbox 654 2663 688 2718; x_wconf 87' lang='lat' dir='ltr'><strong>Et</strong></span> <span class='ocrx_word' id='word_1_414' title='bbox 701 2664 781 2736; x_wconf 79' lang='lat' dir='ltr'><strong>lepem</strong></span> <span class='ocrx_word' id='word_1_415' title='bbox 796 2675 870 2719; x_wconf 86' lang='lat' dir='ltr'><strong>tuam</strong></span> <span class='ocrx_word' id='word_1_416' title='bbox 921 2659 998 2714; x_wconf 83' lang='lat' dir='ltr'><strong>condi</strong></span> <span class='ocrx_word' id='word_1_417' title='bbox 1023 2676 1039 2713; x_wconf 91' lang='lat' dir='ltr'><strong>a</strong></span> <span class='ocrx_word' id='word_1_418' title='bbox 1060 2660 1171 2716; x_wconf 76' lang='lat' dir='ltr'><strong>coercitio</strong></span> <span class='ocrx_word' id='word_1_419' title='bbox 1194 2662 1287 2727; x_wconf 88' lang='lat' dir='ltr'><strong>rrrulro,</strong></span> <span class='ocrx_word' id='word_1_420' title='bbox 1314 2662 1396 2718; x_wconf 89' lang='lat' dir='ltr'><strong>idest</strong></span> <span class='ocrx_word' id='word_1_421' title='bbox 1418 2673 1530 2734; x_wconf 87' lang='lat' dir='ltr'><strong>propter</strong></span> <span class='ocrx_word' id='word_1_422' title='bbox 1545 2666 1646 2723; x_wconf 89' lang='lat' dir='ltr'><strong>multos</strong></span> <span class='ocrx_word' id='word_1_423' title='bbox 1660 2667 1712 2725; x_wconf 90' lang='lat' dir='ltr'><strong>ob·</strong></span> 
     </span>
     <span class='ocr_line' id='line_1_48' title="bbox 79 2750 1712 2826; baseline 0.005 -22"><span class='ocrx_word' id='word_1_424' title='bbox 79 2756 110 2813; x_wconf 79' lang='lat' dir='ltr'><strong>ia</strong></span> <span class='ocrx_word' id='word_1_425' title='bbox 121 2757 207 2813; x_wconf 64' lang='lat' dir='ltr'><strong>mitia</strong></span> <span class='ocrx_word' id='word_1_426' title='bbox 221 2758 308 2814; x_wconf 75' lang='lat' dir='ltr'><strong>aaiaia</strong></span> <span class='ocrx_word' id='word_1_427' title='bbox 331 2759 391 2813; x_wconf 78' lang='lat' dir='ltr'><strong>atat,</strong></span> <span class='ocrx_word' id='word_1_428' title='bbox 921 2750 1075 2821; x_wconf 81' lang='lat' dir='ltr'><strong>loquentes,</strong></span> <span class='ocrx_word' id='word_1_429' title='bbox 1088 2752 1298 2807; x_wconf 84' lang='lat' dir='ltr'><strong>misericordiam</strong></span> <span class='ocrx_word' id='word_1_430' title='bbox 1312 2762 1396 2821; x_wconf 87' lang='lat' dir='ltr'><strong>tuam,</strong></span> <span class='ocrx_word' id='word_1_431' title='bbox 1409 2769 1463 2825; x_wconf 90' lang='lat' dir='ltr'><strong>qua</strong></span> <span class='ocrx_word' id='word_1_432' title='bbox 1475 2765 1585 2826; x_wconf 89' lang='lat' dir='ltr'><strong>peccata</strong></span> <span class='ocrx_word' id='word_1_433' title='bbox 1595 2756 1712 2816; x_wconf 87' lang='lat' dir='ltr'><strong>dimittis</strong></span> 
     </span>
    </p>
   </div>
   <div class='ocr_carea' id='block_1_11' title="bbox 81 2845 1711 3014">
    <p class='ocr_par' dir='ltr' id='par_1_12' title="bbox 81 2845 1711 3014">
     <span class='ocr_line' id='line_1_49' title="bbox 120 2845 1711 2920; baseline 0.003 -17"><span class='ocrx_word' id='word_1_434' title='bbox 120 2846 202 2906; x_wconf 85' lang='lat' dir='ltr'><strong>Vens.</strong></span> <span class='ocrx_word' id='word_1_435' title='bbox 219 2849 261 2905; x_wconf 85' lang='lat' dir='ltr'><strong>td.</strong></span> <span class='ocrx_word' id='word_1_436' title='bbox 281 2850 443 2905; x_wconf 70' lang='lat' dir='ltr'><strong>annuntiari</strong></span> <span class='ocrx_word' id='word_1_437' title='bbox 459 2849 597 2920; x_wconf 80' lang='lat' dir='ltr'><strong>justitiam</strong></span> <span class='ocrx_word' id='word_1_438' title='bbox 616 2860 690 2905; x_wconf 89' lang='lat' dir='ltr'><strong>tuam</strong></span> <span class='ocrx_word' id='word_1_439' title='bbox 707 2852 735 2905; x_wconf 85' lang='lat' dir='ltr'><strong>iu</strong></span> <span class='ocrx_word' id='word_1_440' title='bbox 749 2848 870 2906; x_wconf 72' lang='lat' dir='ltr'><strong>Ecacsia</strong></span> <span class='ocrx_word' id='word_1_441' title='bbox 921 2859 985 2899; x_wconf 77' lang='lat' dir='ltr'><strong>vere</strong></span> <span class='ocrx_word' id='word_1_442' title='bbox 1006 2845 1212 2915; x_wconf 77' lang='lat' dir='ltr'><strong>paenitentibus.</strong></span> <span class='ocrx_word' id='word_1_443' title='bbox 1228 2856 1254 2900; x_wconf 84' lang='lat' dir='ltr'><strong>et</strong></span> <span class='ocrx_word' id='word_1_444' title='bbox 1275 2848 1412 2901; x_wconf 84' lang='lat' dir='ltr'><strong>ueritatem</strong></span> <span class='ocrx_word' id='word_1_445' title='bbox 1428 2856 1512 2915; x_wconf 83' lang='lat' dir='ltr'><strong>tuero,</strong></span> <span class='ocrx_word' id='word_1_446' title='bbox 1527 2865 1581 2919; x_wconf 86' lang='lat' dir='ltr'><strong>qua</strong></span> <span class='ocrx_word' id='word_1_447' title='bbox 1600 2860 1711 2920; x_wconf 78' lang='lat' dir='ltr'><strong>peccata</strong></span> 
     </span>
     <span class='ocr_line' id='line_1_50' title="bbox 81 2935 1710 3014; baseline 0.006 -22"><span class='ocrx_word' id='word_1_448' title='bbox 81 2953 189 3011; x_wconf 69' lang='lat' dir='ltr'><strong>maana.</strong></span> <span class='ocrx_word' id='word_1_449' title='bbox 208 2938 287 3009; x_wconf 80' lang='lat' dir='ltr'><strong>Quod</strong></span> <span class='ocrx_word' id='word_1_450' title='bbox 308 2939 395 3014; x_wconf 76' lang='lat' dir='ltr'><strong>legam</strong></span> <span class='ocrx_word' id='word_1_451' title='bbox 410 2949 483 2995; x_wconf 92' lang='lat' dir='ltr'><strong>tuam</strong></span> <span class='ocrx_word' id='word_1_452' title='bbox 499 2940 526 2995; x_wconf 88' lang='lat' dir='ltr'><strong>in</strong></span> <span class='ocrx_word' id='word_1_453' title='bbox 542 2941 632 2996; x_wconf 92' lang='lat' dir='ltr'><strong>medio</strong></span> <span class='ocrx_word' id='word_1_454' title='bbox 649 2941 740 2999; x_wconf 90' lang='lat' dir='ltr'><strong>cordis</strong></span> <span class='ocrx_word' id='word_1_455' title='bbox 758 2941 812 2999; x_wconf 91' lang='lat' dir='ltr'><strong>mei</strong></span> <span class='ocrx_word' id='word_1_456' title='bbox 825 2942 871 2996; x_wconf 90' lang='lat' dir='ltr'><strong>ba·</strong></span> <span class='ocrx_word' id='word_1_457' title='bbox 921 2935 1003 3006; x_wconf 83' lang='lat' dir='ltr'><strong>punis</strong></span> <span class='ocrx_word' id='word_1_458' title='bbox 1018 2936 1047 2992; x_wconf 88' lang='lat' dir='ltr'><strong>in</strong></span> <span class='ocrx_word' id='word_1_459' title='bbox 1066 2936 1120 3003; x_wconf 77' lang='lat' dir='ltr'><strong>hit,</strong></span> <span class='ocrx_word' id='word_1_460' title='bbox 1143 2936 1190 3007; x_wconf 83' lang='lat' dir='ltr'><strong>oui</strong></span> <span class='ocrx_word' id='word_1_461' title='bbox 1204 2952 1337 2993; x_wconf 85' lang='lat' dir='ltr'><strong>nonucre</strong></span> <span class='ocrx_word' id='word_1_462' title='bbox 1351 2938 1555 3010; x_wconf 67' lang='lat' dir='ltr'><strong>pertimuerat</strong></span> <span class='ocrx_word' id='word_1_463' title='bbox 1572 2941 1645 3012; x_wconf 88' lang='lat' dir='ltr'><strong>quod</strong></span> <span class='ocrx_word' id='word_1_464' title='bbox 1660 2957 1710 3013; x_wconf 81' lang='lat' dir='ltr'><strong>tre-</strong></span> 
     </span>
    </p>
   </div>
   <div class='ocr_carea' id='block_1_12' title="bbox 81 3028 1714 5789">
    <p class='ocr_par' dir='ltr' id='par_1_13' title="bbox 81 3028 1714 3846">
     <span class='ocr_line' id='line_1_51' title="bbox 81 3028 1710 3105; baseline 0.002 -19"><span class='ocrx_word' id='word_1_465' title='bbox 81 3032 139 3098; x_wconf 89' lang='lat' dir='ltr'><strong>bui,</strong></span> <span class='ocrx_word' id='word_1_466' title='bbox 152 3034 456 3105; x_wconf 82' lang='lat' dir='ltr'><strong>quodqueuolantstem</strong></span> <span class='ocrx_word' id='word_1_467' title='bbox 473 3042 548 3090; x_wconf 91' lang='lat' dir='ltr'><strong>tuam</strong></span> <span class='ocrx_word' id='word_1_468' title='bbox 563 3035 647 3100; x_wconf 86' lang='lat' dir='ltr'><strong>roloi,</strong></span> <span class='ocrx_word' id='word_1_469' title='bbox 662 3037 783 3092; x_wconf 87' lang='lat' dir='ltr'><strong>hocerat</strong></span> <span class='ocrx_word' id='word_1_470' title='bbox 801 3035 869 3090; x_wconf 90' lang='lat' dir='ltr'><strong>mihi</strong></span> <span class='ocrx_word' id='word_1_471' title='bbox 919 3028 967 3098; x_wconf 83' lang='lat' dir='ltr'><strong>ius</strong></span> <span class='ocrx_word' id='word_1_472' title='bbox 988 3038 1030 3084; x_wconf 87' lang='lat' dir='ltr'><strong>est</strong></span> <span class='ocrx_word' id='word_1_473' title='bbox 1051 3028 1080 3083; x_wconf 94' lang='lat' dir='ltr'><strong>in</strong></span> <span class='ocrx_word' id='word_1_474' title='bbox 1100 3029 1257 3085; x_wconf 87' lang='lat' dir='ltr'><strong>delensione</strong></span> <span class='ocrx_word' id='word_1_475' title='bbox 1271 3031 1375 3100; x_wconf 89' lang='lat' dir='ltr'><strong>peccati</strong></span> <span class='ocrx_word' id='word_1_476' title='bbox 1393 3040 1422 3087; x_wconf 92' lang='lat' dir='ltr'><strong>et</strong></span> <span class='ocrx_word' id='word_1_477' title='bbox 1444 3031 1470 3087; x_wconf 93' lang='lat' dir='ltr'><strong>in</strong></span> <span class='ocrx_word' id='word_1_478' title='bbox 1487 3032 1631 3090; x_wconf 85' lang='lat' dir='ltr'><strong>allectione</strong></span> <span class='ocrx_word' id='word_1_479' title='bbox 1644 3050 1710 3105; x_wconf 78' lang='lat' dir='ltr'><strong>pec-</strong></span> 
     </span>
     <span class='ocr_line' id='line_1_52' title="bbox 81 3119 1711 3198; baseline 0.009 -19"><span class='ocrx_word' id='word_1_480' title='bbox 81 3125 234 3195; x_wconf 88' lang='lat' dir='ltr'><strong>plantatum</strong></span> <span class='ocrx_word' id='word_1_481' title='bbox 247 3135 503 3197; x_wconf 86' lang='lat' dir='ltr'><strong>essemetanquam</strong></span> <span class='ocrx_word' id='word_1_482' title='bbox 518 3127 622 3198; x_wconf 76' lang='lat' dir='ltr'><strong>lignum</strong></span> <span class='ocrx_word' id='word_1_483' title='bbox 642 3144 721 3184; x_wconf 89' lang='lat' dir='ltr'><strong>secus</strong></span> <span class='ocrx_word' id='word_1_484' title='bbox 736 3128 869 3185; x_wconf 88' lang='lat' dir='ltr'><strong>decursus</strong></span> <span class='ocrx_word' id='word_1_485' title='bbox 922 3121 1002 3175; x_wconf 73' lang='grc'>11111111</span> <span class='ocrx_word' id='word_1_486' title='bbox 1029 3130 1150 3176; x_wconf 75' lang='grc'>1111111111·</span> <span class='ocrx_word' id='word_1_487' title='bbox 1181 3119 1227 3177; x_wconf 65' lang='lat' dir='ltr'><strong>Sic</strong></span> <span class='ocrx_word' id='word_1_488' title='bbox 1248 3137 1310 3193; x_wconf 65' lang='lat'><strong>280·</strong></span> <span class='ocrx_word' id='word_1_489' title='bbox 1334 3130 1416 3192; x_wconf 77' lang='grc'>11111111</span> <span class='ocrx_word' id='word_1_490' title='bbox 1443 3124 1571 3195; x_wconf 56' lang='lat' dir='ltr'><strong>expedire</strong></span> <span class='ocrx_word' id='word_1_491' title='bbox 1597 3127 1711 3194; x_wconf 84' lang='lat' dir='ltr'><strong>credidi,</strong></span> 
     </span>
     <span class='ocr_line' id='line_1_53' title="bbox 81 3197 1710 3289; baseline 0.006 -23"><span class='ocrx_word' id='word_1_492' title='bbox 81 3231 229 3287; x_wconf 81' lang='lat' dir='ltr'><strong>aquarum.</strong></span> <span class='ocrx_word' id='word_1_493' title='bbox 246 3215 322 3284; x_wconf 79' lang='lat' dir='ltr'><strong>Quod</strong></span> <span class='ocrx_word' id='word_1_494' title='bbox 336 3228 427 3273; x_wconf 77' lang='lat' dir='ltr'><strong>satam</strong></span> <span class='ocrx_word' id='word_1_495' title='bbox 442 3220 598 3274; x_wconf 68' lang='lat' dir='ltr'><strong>antemittit</strong></span> <span class='ocrx_word' id='word_1_496' title='bbox 605 3220 742 3289; x_wconf 61' lang='lat' dir='ltr'><strong>justitiam</strong></span> <span class='ocrx_word' id='word_1_497' title='bbox 757 3231 830 3276; x_wconf 80' lang='lat' dir='ltr'><strong>taam</strong></span> <span class='ocrx_word' id='word_1_498' title='bbox 844 3222 872 3276; x_wconf 74' lang='lat' dir='ltr'><strong>ia</strong></span> <span class='ocrx_word' id='word_1_499' title='bbox 922 3222 1079 3283; x_wconf 88' lang='lat' dir='ltr'><strong>utrumqne,</strong></span> <span class='ocrx_word' id='word_1_500' title='bbox 1093 3213 1307 3269; x_wconf 89' lang='lat' dir='ltr'><strong>misericordiam</strong></span> <span class='ocrx_word' id='word_1_501' title='bbox 1324 3197 1428 3272; x_wconf 77' lang='lat' dir='ltr'><strong>scilicet</strong></span> <span class='ocrx_word' id='word_1_502' title='bbox 1447 3226 1475 3272; x_wconf 86' lang='lat' dir='ltr'><strong>et</strong></span> <span class='ocrx_word' id='word_1_503' title='bbox 1487 3217 1628 3274; x_wconf 80' lang='lat' dir='ltr'><strong>ueritatem</strong></span> <span class='ocrx_word' id='word_1_504' title='bbox 1642 3218 1710 3275; x_wconf 81' lang='lat' dir='ltr'><strong>dixi.</strong></span> 
     </span>
     <span class='ocr_line' id='line_1_54' title="bbox 83 3303 1711 3380; baseline 0.001 -18"><span class='ocrx_word' id='word_1_505' title='bbox 83 3306 204 3364; x_wconf 82' lang='lat' dir='ltr'><strong>Ecclesia</strong></span> <span class='ocrx_word' id='word_1_506' title='bbox 217 3325 323 3380; x_wconf 82' lang='lat' dir='ltr'><strong>mapsa,</strong></span> <span class='ocrx_word' id='word_1_507' title='bbox 339 3308 464 3366; x_wconf 88' lang='lat' dir='ltr'><strong>hocerat</strong></span> <span class='ocrx_word' id='word_1_508' title='bbox 479 3309 544 3364; x_wconf 83' lang='lat' dir='ltr'><strong>milri</strong></span> <span class='ocrx_word' id='word_1_509' title='bbox 558 3310 676 3366; x_wconf 83' lang='lat' dir='ltr'><strong>tractura</strong></span> <span class='ocrx_word' id='word_1_510' title='bbox 692 3311 758 3366; x_wconf 80' lang='lat' dir='ltr'><strong>dare</strong></span> <span class='ocrx_word' id='word_1_511' title='bbox 768 3312 795 3368; x_wconf 82' lang='lat' dir='ltr'><strong>ia</strong></span> <span class='ocrx_word' id='word_1_512' title='bbox 807 3321 873 3367; x_wconf 78' lang='lat' dir='ltr'><strong>tem-</strong></span> <span class='ocrx_word' id='word_1_513' title='bbox 921 3305 1047 3358; x_wconf 78' lang='lat' dir='ltr'><strong>Attamen</strong></span> <span class='ocrx_word' id='word_1_514' title='bbox 1062 3304 1183 3373; x_wconf 88' lang='lat' dir='ltr'><strong>prosola</strong></span> <span class='ocrx_word' id='word_1_515' title='bbox 1202 3303 1390 3360; x_wconf 86' lang='lat' dir='ltr'><strong>misericordia</strong></span> <span class='ocrx_word' id='word_1_516' title='bbox 1405 3306 1472 3360; x_wconf 90' lang='lat' dir='ltr'><strong>mihi</strong></span> <span class='ocrx_word' id='word_1_517' title='bbox 1488 3306 1530 3361; x_wconf 84' lang='lat' dir='ltr'><strong>uel</strong></span> <span class='ocrx_word' id='word_1_518' title='bbox 1541 3306 1603 3362; x_wconf 90' lang='lat' dir='ltr'><strong>aliis</strong></span> <span class='ocrx_word' id='word_1_519' title='bbox 1614 3307 1711 3364; x_wconf 86' lang='lat' dir='ltr'><strong>conle-</strong></span> 
     </span>
     <span class='ocr_line' id='line_1_55' title="bbox 82 3395 1710 3472; baseline 0.001 -17"><span class='ocrx_word' id='word_1_520' title='bbox 82 3414 149 3472; x_wconf 87' lang='lat' dir='ltr'><strong>pore</strong></span> <span class='ocrx_word' id='word_1_521' title='bbox 169 3407 334 3470; x_wconf 90' lang='lat' dir='ltr'><strong>opportuno,</strong></span> <span class='ocrx_word' id='word_1_522' title='bbox 359 3398 597 3469; x_wconf 83' lang='lat' dir='ltr'><strong>secundumquod</strong></span> <span class='ocrx_word' id='word_1_523' title='bbox 621 3401 753 3471; x_wconf 90' lang='lat' dir='ltr'><strong>seriptum</strong></span> <span class='ocrx_word' id='word_1_524' title='bbox 779 3401 870 3457; x_wconf 84' lang='lat' dir='ltr'><strong>estin</strong></span> <span class='ocrx_word' id='word_1_525' title='bbox 922 3395 1710 3470; x_wconf 84' lang='lat' dir='ltr'><strong>rendainorationesupplicari,etadhucsupplicodicens:</strong></span> 
     </span>
     <span class='ocr_line' id='line_1_56' title="bbox 82 3485 1712 3563; baseline 0.004 -14"><span class='ocrx_word' id='word_1_526' title='bbox 82 3491 173 3563; x_wconf 86' lang='lat' dir='ltr'><strong>capite</strong></span> <span class='ocrx_word' id='word_1_527' title='bbox 190 3493 251 3548; x_wconf 90' lang='lat' dir='ltr'><strong>libri</strong></span> <span class='ocrx_word' id='word_1_528' title='bbox 266 3494 300 3549; x_wconf 93' lang='lat' dir='ltr'><strong>de</strong></span> <span class='ocrx_word' id='word_1_529' title='bbox 317 3508 371 3560; x_wconf 90' lang='lat' dir='ltr'><strong>me,</strong></span> <span class='ocrx_word' id='word_1_530' title='bbox 397 3493 442 3549; x_wconf 92' lang='lat' dir='ltr'><strong>ubi</strong></span> <span class='ocrx_word' id='word_1_531' title='bbox 464 3492 568 3547; x_wconf 90' lang='lat' dir='ltr'><strong>dictum</strong></span> <span class='ocrx_word' id='word_1_532' title='bbox 584 3503 626 3549; x_wconf 84' lang='lat' dir='ltr'><strong>est</strong></span> <span class='ocrx_word' id='word_1_533' title='bbox 643 3494 677 3549; x_wconf 88' lang='lat' dir='ltr'><strong>de</strong></span> <span class='ocrx_word' id='word_1_534' title='bbox 692 3508 756 3548; x_wconf 89' lang='lat' dir='ltr'><strong>me:</strong></span> <span class='ocrx_word' id='word_1_535' title='bbox 773 3491 808 3546; x_wconf 89' lang='lat' dir='ltr'><strong>Et</strong></span> <span class='ocrx_word' id='word_1_536' title='bbox 820 3493 871 3547; x_wconf 87' lang='lat' dir='ltr'><strong>erit</strong></span> <span class='ocrx_word' id='word_1_537' title='bbox 957 3485 1040 3543; x_wconf 85' lang='lat' dir='ltr'><strong>Vnus.</strong></span> <span class='ocrx_word' id='word_1_538' title='bbox 1055 3487 1098 3542; x_wconf 74' lang='grc' dir='ltr'><strong>ιι.</strong></span> <span class='ocrx_word' id='word_1_539' title='bbox 1121 3487 1160 3543; x_wconf 84' lang='lat' dir='ltr'><strong>Tu</strong></span> <span class='ocrx_word' id='word_1_540' title='bbox 1171 3498 1269 3555; x_wconf 78' lang='lat' dir='ltr'><strong>autem</strong></span> <span class='ocrx_word' id='word_1_541' title='bbox 1281 3489 1403 3556; x_wconf 70' lang='grc' dir='ltr'>ὓο1111111,</span> <span class='ocrx_word' id='word_1_542' title='bbox 1419 3507 1450 3545; x_wconf 74' lang='grc'><strong>111</strong></span> <span class='ocrx_word' id='word_1_543' title='bbox 1468 3490 1544 3563; x_wconf 65' lang='lat' dir='ltr'><strong>lotide</strong></span> <span class='ocrx_word' id='word_1_544' title='bbox 1559 3493 1644 3563; x_wconf 79' lang='lat' dir='ltr'><strong>terias</strong></span> <span class='ocrx_word' id='word_1_545' title='bbox 1661 3495 1712 3549; x_wconf 89' lang='lat' dir='ltr'><strong>mi·</strong></span> 
     </span>
     <span class='ocr_line' id='line_1_57' title="bbox 83 3579 1711 3658; baseline 0.001 -19"><span class='ocrx_word' id='word_1_546' title='bbox 83 3598 212 3658; x_wconf 83' lang='lat' dir='ltr'><strong>tanpuam</strong></span> <span class='ocrx_word' id='word_1_547' title='bbox 231 3585 341 3655; x_wconf 80' lang='lat' dir='ltr'><strong>liparem,</strong></span> <span class='ocrx_word' id='word_1_548' title='bbox 355 3585 426 3656; x_wconf 85' lang='lat' dir='ltr'><strong>quod</strong></span> <span class='ocrx_word' id='word_1_549' title='bbox 438 3585 588 3657; x_wconf 84' lang='lat' dir='ltr'><strong>plautatum</strong></span> <span class='ocrx_word' id='word_1_550' title='bbox 606 3599 645 3640; x_wconf 87' lang='lat' dir='ltr'><strong>esr</strong></span> <span class='ocrx_word' id='word_1_551' title='bbox 659 3601 732 3639; x_wconf 87' lang='lat' dir='ltr'><strong>secus</strong></span> <span class='ocrx_word' id='word_1_552' title='bbox 745 3585 871 3640; x_wconf 79' lang='lat' dir='ltr'><strong>decursas</strong></span> <span class='ocrx_word' id='word_1_553' title='bbox 921 3581 1064 3635; x_wconf 79' lang='lat' dir='ltr'><strong>serarianas</strong></span> <span class='ocrx_word' id='word_1_554' title='bbox 1080 3590 1140 3636; x_wconf 86' lang='lat' dir='ltr'><strong>tuus</strong></span> <span class='ocrx_word' id='word_1_555' title='bbox 1155 3598 1171 3635; x_wconf 88' lang='lat' dir='ltr'><strong>a</strong></span> <span class='ocrx_word' id='word_1_556' title='bbox 1196 3597 1245 3635; x_wconf 89' lang='lat' dir='ltr'><strong>mc.</strong></span> <span class='ocrx_word' id='word_1_557' title='bbox 1263 3579 1339 3638; x_wconf 86' lang='lat' dir='ltr'><strong>Sicut</strong></span> <span class='ocrx_word' id='word_1_558' title='bbox 1354 3585 1427 3638; x_wconf 89' lang='lat' dir='ltr'><strong>enim</strong></span> <span class='ocrx_word' id='word_1_559' title='bbox 1442 3585 1527 3640; x_wconf 88' lang='lat' dir='ltr'><strong>linitis</strong></span> <span class='ocrx_word' id='word_1_560' title='bbox 1542 3585 1711 3642; x_wconf 82' lang='lat' dir='ltr'><strong>nocturnali·</strong></span> 
     </span>
     <span class='ocr_line' id='line_1_58' title="bbox 82 3659 1711 3752; baseline 0.001 -19"><span class='ocrx_word' id='word_1_561' title='bbox 82 3695 226 3752; x_wconf 85' lang='lat' dir='ltr'><strong>aquarum,</strong></span> <span class='ocrx_word' id='word_1_562' title='bbox 241 3679 310 3750; x_wconf 72' lang='lat' dir='ltr'><strong>quud</strong></span> <span class='ocrx_word' id='word_1_563' title='bbox 326 3679 442 3749; x_wconf 73' lang='lat' dir='ltr'><strong>[ructum</strong></span> <span class='ocrx_word' id='word_1_564' title='bbox 463 3695 541 3733; x_wconf 89' lang='lat' dir='ltr'><strong>suum</strong></span> <span class='ocrx_word' id='word_1_565' title='bbox 560 3678 634 3733; x_wconf 83' lang='lat' dir='ltr'><strong>talu</strong></span> <span class='ocrx_word' id='word_1_566' title='bbox 648 3680 678 3732; x_wconf 88' lang='lat' dir='ltr'><strong>iu</strong></span> <span class='ocrx_word' id='word_1_567' title='bbox 696 3688 811 3749; x_wconf 85' lang='lat' dir='ltr'><strong>tempore</strong></span> <span class='ocrx_word' id='word_1_568' title='bbox 823 3696 871 3733; x_wconf 93' lang='lat' dir='ltr'><strong>suo</strong></span> <span class='ocrx_word' id='word_1_569' title='bbox 921 3672 975 3727; x_wconf 89' lang='lat' dir='ltr'><strong>bus</strong></span> <span class='ocrx_word' id='word_1_570' title='bbox 1001 3672 1030 3727; x_wconf 95' lang='lat' dir='ltr'><strong>in</strong></span> <span class='ocrx_word' id='word_1_571' title='bbox 1046 3670 1167 3729; x_wconf 84' lang='lat' dir='ltr'><strong>Ecclesia</strong></span> <span class='ocrx_word' id='word_1_572' title='bbox 1191 3673 1355 3734; x_wconf 87' lang='lat' dir='ltr'><strong>lectionibus</strong></span> <span class='ocrx_word' id='word_1_573' title='bbox 1382 3677 1410 3732; x_wconf 93' lang='lat' dir='ltr'><strong>in</strong></span> <span class='ocrx_word' id='word_1_574' title='bbox 1434 3679 1487 3735; x_wconf 87' lang='lat' dir='ltr'><strong>hnc</strong></span> <span class='ocrx_word' id='word_1_575' title='bbox 1502 3659 1711 3751; x_wconf 78' lang='lat' dir='ltr'><strong>subjungitur.</strong></span> 
     </span>
     <span class='ocr_line' id='line_1_59' title="bbox 83 3761 1714 3846; baseline -0.001 -19"><span class='ocrx_word' id='word_1_576' title='bbox 83 3771 173 3846; x_wconf 86' lang='lat' dir='ltr'><strong>(Psal.</strong></span> <span class='ocrx_word' id='word_1_577' title='bbox 186 3788 205 3838; x_wconf 89' lang='lat' dir='ltr'><strong>r,</strong></span> <span class='ocrx_word' id='word_1_578' title='bbox 222 3773 261 3843; x_wconf 77' lang='lat'><strong>5).</strong></span> <span class='ocrx_word' id='word_1_579' title='bbox 924 3761 964 3817; x_wconf 83' lang='lat' dir='ltr'><strong>Tu</strong></span> <span class='ocrx_word' id='word_1_580' title='bbox 982 3773 1080 3830; x_wconf 90' lang='lat' dir='ltr'><strong>autem,</strong></span> <span class='ocrx_word' id='word_1_581' title='bbox 1100 3763 1220 3832; x_wconf 84' lang='lat' dir='ltr'><strong>Domine,</strong></span> <span class='ocrx_word' id='word_1_582' title='bbox 1241 3767 1363 3824; x_wconf 83' lang='lat' dir='ltr'><strong>miserere</strong></span> <span class='ocrx_word' id='word_1_583' title='bbox 1376 3770 1463 3834; x_wconf 85' lang='lat' dir='ltr'><strong>nolis,</strong></span> <span class='ocrx_word' id='word_1_584' title='bbox 1478 3770 1516 3825; x_wconf 91' lang='lat' dir='ltr'><strong>ita</strong></span> <span class='ocrx_word' id='word_1_585' title='bbox 1531 3787 1640 3841; x_wconf 84' lang='lat' dir='ltr'><strong>quoquc</strong></span> <span class='ocrx_word' id='word_1_586' title='bbox 1654 3770 1714 3826; x_wconf 84' lang='lat' dir='ltr'><strong>lini·</strong></span> 
     </span>
    </p>

    <p class='ocr_par' dir='ltr' id='par_1_14' title="bbox 82 3857 1714 4767">
     <span class='ocr_line' id='line_1_60' title="bbox 119 3857 1712 3939; baseline -0.002 -18"><span class='ocrx_word' id='word_1_587' title='bbox 119 3867 206 3922; x_wconf 79' lang='lat' dir='ltr'><strong>hliter</strong></span> <span class='ocrx_word' id='word_1_588' title='bbox 219 3883 226 3920; x_wconf 73' lang='grc' dir='ltr'><strong><em>ε</em></strong></span> <span class='ocrx_word' id='word_1_589' title='bbox 244 3864 300 3938; x_wconf 77' lang='lat' dir='ltr'><strong>Ego</strong></span> <span class='ocrx_word' id='word_1_590' title='bbox 313 3866 495 3934; x_wconf 81' lang='lat' dir='ltr'><strong>Christianus,</strong></span> <span class='ocrx_word' id='word_1_591' title='bbox 508 3866 551 3922; x_wconf 86' lang='lat' dir='ltr'><strong>ret</strong></span> <span class='ocrx_word' id='word_1_592' title='bbox 565 3882 615 3939; x_wconf 70' lang='lat' dir='ltr'><strong>epo</strong></span> <span class='ocrx_word' id='word_1_593' title='bbox 627 3865 711 3922; x_wconf 85' lang='lat' dir='ltr'><strong>David</strong></span> <span class='ocrx_word' id='word_1_594' title='bbox 723 3867 870 3938; x_wconf 88' lang='lat' dir='ltr'><strong>poenitens,</strong></span> <span class='ocrx_word' id='word_1_595' title='bbox 921 3857 958 3913; x_wconf 89' lang='lat' dir='ltr'><strong>tis</strong></span> <span class='ocrx_word' id='word_1_596' title='bbox 972 3857 1212 3927; x_wconf 71' lang='lat' dir='ltr'><strong>predicationibus</strong></span> <span class='ocrx_word' id='word_1_597' title='bbox 1222 3868 1250 3914; x_wconf 87' lang='lat' dir='ltr'><strong>et</strong></span> <span class='ocrx_word' id='word_1_598' title='bbox 1262 3860 1411 3916; x_wconf 88' lang='lat' dir='ltr'><strong>enuntiatis</strong></span> <span class='ocrx_word' id='word_1_599' title='bbox 1426 3873 1521 3917; x_wconf 89' lang='lat' dir='ltr'><strong>contra</strong></span> <span class='ocrx_word' id='word_1_600' title='bbox 1540 3863 1628 3920; x_wconf 91' lang='lat' dir='ltr'><strong>noctis</strong></span> <span class='ocrx_word' id='word_1_601' title='bbox 1641 3863 1712 3920; x_wconf 81' lang='lat' dir='ltr'><strong>filios</strong></span> 
     </span>
     <span class='ocr_line' id='line_1_61' title="bbox 84 3949 1713 4028; baseline 0.004 -24"><span class='ocrx_word' id='word_1_602' title='bbox 84 3956 127 4012; x_wconf 76' lang='lat' dir='ltr'><strong>vai</strong></span> <span class='ocrx_word' id='word_1_603' title='bbox 147 3956 266 4027; x_wconf 76' lang='lat' dir='ltr'><strong>psaltas,</strong></span> <span class='ocrx_word' id='word_1_604' title='bbox 291 3956 337 4027; x_wconf 86' lang='lat' dir='ltr'><strong>qai</strong></span> <span class='ocrx_word' id='word_1_605' title='bbox 360 3966 513 4028; x_wconf 64' lang='lat' dir='ltr'><strong>exspectans</strong></span> <span class='ocrx_word' id='word_1_606' title='bbox 539 3957 686 4027; x_wconf 76' lang='lat' dir='ltr'><strong>acapaataai</strong></span> <span class='ocrx_word' id='word_1_607' title='bbox 709 3957 870 4022; x_wconf 75' lang='lat' dir='ltr'><strong>Domitiam,</strong></span> <span class='ocrx_word' id='word_1_608' title='bbox 922 3949 1157 4020; x_wconf 89' lang='lat' dir='ltr'><strong>increpationibus</strong></span> <span class='ocrx_word' id='word_1_609' title='bbox 1180 3966 1242 4023; x_wconf 80' lang='lat' dir='ltr'><strong>ego,</strong></span> <span class='ocrx_word' id='word_1_610' title='bbox 1265 3953 1312 4022; x_wconf 83' lang='lat' dir='ltr'><strong>qui</strong></span> <span class='ocrx_word' id='word_1_611' title='bbox 1339 3951 1482 4009; x_wconf 79' lang='lat' dir='ltr'><strong>ueritatem</strong></span> <span class='ocrx_word' id='word_1_612' title='bbox 1507 3964 1535 4010; x_wconf 87' lang='lat' dir='ltr'><strong>et</strong></span> <span class='ocrx_word' id='word_1_613' title='bbox 1555 3957 1713 4013; x_wconf 88' lang='lat' dir='ltr'><strong>misericor·</strong></span> 
     </span>
     <span class='ocr_line' id='line_1_62' title="bbox 82 4042 1713 4121; baseline 0.001 -17"><span class='ocrx_word' id='word_1_614' title='bbox 82 4049 166 4105; x_wconf 87' lang='lat' dir='ltr'><strong>corde</strong></span> <span class='ocrx_word' id='word_1_615' title='bbox 190 4048 293 4105; x_wconf 87' lang='lat' dir='ltr'><strong>credidi</strong></span> <span class='ocrx_word' id='word_1_616' title='bbox 319 4049 512 4121; x_wconf 78' lang='lat' dir='ltr'><strong>adjustitiam,</strong></span> <span class='ocrx_word' id='word_1_617' title='bbox 526 4049 591 4120; x_wconf 86' lang='lat' dir='ltr'><strong>qaia</strong></span> <span class='ocrx_word' id='word_1_618' title='bbox 609 4049 768 4105; x_wconf 83' lang='lat' dir='ltr'><strong>roluumtem</strong></span> <span class='ocrx_word' id='word_1_619' title='bbox 785 4061 870 4118; x_wconf 80' lang='lat' dir='ltr'><strong>taam,</strong></span> <span class='ocrx_word' id='word_1_620' title='bbox 922 4042 995 4099; x_wconf 87' lang='lat' dir='ltr'><strong>diam</strong></span> <span class='ocrx_word' id='word_1_621' title='bbox 1012 4043 1181 4109; x_wconf 86' lang='lat' dir='ltr'><strong>annuntiari,</strong></span> <span class='ocrx_word' id='word_1_622' title='bbox 1198 4043 1413 4104; x_wconf 84' lang='lat' dir='ltr'><strong>miscricordiam</strong></span> <span class='ocrx_word' id='word_1_623' title='bbox 1428 4047 1514 4103; x_wconf 89' lang='lat' dir='ltr'><strong>solam</strong></span> <span class='ocrx_word' id='word_1_624' title='bbox 1528 4049 1606 4116; x_wconf 90' lang='lat' dir='ltr'><strong>mihi,</strong></span> <span class='ocrx_word' id='word_1_625' title='bbox 1622 4059 1713 4106; x_wconf 56' lang='lat' dir='ltr'><strong>etann</strong></span> 
     </span>
     <span class='ocr_line' id='line_1_63' title="bbox 86 4135 1712 4213; baseline 0.002 -18"><span class='ocrx_word' id='word_1_626' title='bbox 86 4140 155 4196; x_wconf 77' lang='lat' dir='ltr'><strong>heus</strong></span> <span class='ocrx_word' id='word_1_627' title='bbox 170 4158 254 4209; x_wconf 89' lang='lat' dir='ltr'><strong>meus,</strong></span> <span class='ocrx_word' id='word_1_628' title='bbox 272 4141 353 4209; x_wconf 82' lang='lat' dir='ltr'><strong>volui,</strong></span> <span class='ocrx_word' id='word_1_629' title='bbox 365 4153 389 4196; x_wconf 88' lang='lat' dir='ltr'><strong>et</strong></span> <span class='ocrx_word' id='word_1_630' title='bbox 400 4142 482 4213; x_wconf 81' lang='lat' dir='ltr'><strong>lepem</strong></span> <span class='ocrx_word' id='word_1_631' title='bbox 496 4152 568 4196; x_wconf 88' lang='lat' dir='ltr'><strong>tuam</strong></span> <span class='ocrx_word' id='word_1_632' title='bbox 582 4142 804 4198; x_wconf 82' lang='lat' dir='ltr'><strong>inmedioeardia</strong></span> <span class='ocrx_word' id='word_1_633' title='bbox 821 4144 872 4197; x_wconf 80' lang='lat' dir='ltr'><strong>mci</strong></span> <span class='ocrx_word' id='word_1_634' title='bbox 922 4135 1059 4192; x_wconf 87' lang='lat' dir='ltr'><strong>ditoribus</strong></span> <span class='ocrx_word' id='word_1_635' title='bbox 1082 4137 1183 4207; x_wconf 84' lang='lat' dir='ltr'><strong>optari.</strong></span> <span class='ocrx_word' id='word_1_636' title='bbox 1200 4135 1269 4193; x_wconf 85' lang='lat' dir='ltr'><strong>h&#39;am</strong></span> <span class='ocrx_word' id='word_1_637' title='bbox 1290 4138 1397 4208; x_wconf 83' lang='lat' dir='ltr'><strong>justitia</strong></span> <span class='ocrx_word' id='word_1_638' title='bbox 1418 4139 1527 4209; x_wconf 86' lang='lat' dir='ltr'><strong>quidem</strong></span> <span class='ocrx_word' id='word_1_639' title='bbox 1542 4157 1650 4212; x_wconf 87' lang='lat' dir='ltr'><strong>semper</strong></span> <span class='ocrx_word' id='word_1_640' title='bbox 1668 4146 1712 4198; x_wconf 87' lang='lat' dir='ltr'><strong>ui·</strong></span> 
     </span>
     <span class='ocr_line' id='line_1_64' title="bbox 83 4228 1713 4306; baseline 0.004 -23"><span class='ocrx_word' id='word_1_641' title='bbox 83 4231 179 4287; x_wconf 84' lang='lat' dir='ltr'><strong>habui.</strong></span> <span class='ocrx_word' id='word_1_642' title='bbox 194 4230 247 4288; x_wconf 87' lang='lat' dir='ltr'><strong>Ore</strong></span> <span class='ocrx_word' id='word_1_643' title='bbox 261 4247 371 4304; x_wconf 83' lang='lat' dir='ltr'><strong>quoque</strong></span> <span class='ocrx_word' id='word_1_644' title='bbox 385 4230 528 4290; x_wconf 76' lang='lat' dir='ltr'><strong>consessus</strong></span> <span class='ocrx_word' id='word_1_645' title='bbox 541 4248 602 4289; x_wconf 82' lang='lat' dir='ltr'><strong>sum</strong></span> <span class='ocrx_word' id='word_1_646' title='bbox 616 4232 650 4288; x_wconf 79' lang='lat' dir='ltr'><strong>ad</strong></span> <span class='ocrx_word' id='word_1_647' title='bbox 661 4234 790 4300; x_wconf 80' lang='lat' dir='ltr'><strong>salutent,</strong></span> <span class='ocrx_word' id='word_1_648' title='bbox 806 4250 872 4305; x_wconf 72' lang='lat' dir='ltr'><strong>qua</strong></span> <span class='ocrx_word' id='word_1_649' title='bbox 923 4228 1000 4301; x_wconf 80' lang='lat' dir='ltr'><strong>gilot,</strong></span> <span class='ocrx_word' id='word_1_650' title='bbox 1018 4245 1101 4301; x_wconf 87' lang='lat' dir='ltr'><strong>quam</strong></span> <span class='ocrx_word' id='word_1_651' title='bbox 1124 4230 1258 4302; x_wconf 87' lang='lat' dir='ltr'><strong>propbeta</strong></span> <span class='ocrx_word' id='word_1_652' title='bbox 1278 4228 1412 4288; x_wconf 75' lang='lat' dir='ltr'><strong>ieremias</strong></span> <span class='ocrx_word' id='word_1_653' title='bbox 1434 4233 1535 4305; x_wconf 81' lang='lat' dir='ltr'><strong>uirpam</strong></span> <span class='ocrx_word' id='word_1_654' title='bbox 1560 4235 1713 4306; x_wconf 77' lang='lat' dir='ltr'><strong>ripilontcm</strong></span> 
     </span>
     <span class='ocr_line' id='line_1_65' title="bbox 85 4323 1713 4396; baseline 0.004 -17"><span class='ocrx_word' id='word_1_655' title='bbox 85 4325 158 4379; x_wconf 86' lang='lat' dir='ltr'><strong>triam</strong></span> <span class='ocrx_word' id='word_1_656' title='bbox 171 4326 328 4381; x_wconf 81' lang='lat' dir='ltr'><strong>annuntiari</strong></span> <span class='ocrx_word' id='word_1_657' title='bbox 338 4325 474 4396; x_wconf 78' lang='lat' dir='ltr'><strong>iustitiam</strong></span> <span class='ocrx_word' id='word_1_658' title='bbox 488 4335 562 4380; x_wconf 84' lang='lat' dir='ltr'><strong>tuam</strong></span> <span class='ocrx_word' id='word_1_659' title='bbox 579 4326 607 4378; x_wconf 84' lang='lat' dir='ltr'><strong>ia</strong></span> <span class='ocrx_word' id='word_1_660' title='bbox 628 4323 750 4380; x_wconf 84' lang='lat' dir='ltr'><strong>Ecclesia</strong></span> <span class='ocrx_word' id='word_1_661' title='bbox 762 4340 870 4395; x_wconf 73' lang='lat' dir='ltr'><strong>maana.</strong></span> <span class='ocrx_word' id='word_1_662' title='bbox 923 4333 1013 4389; x_wconf 82' lang='lat' dir='ltr'><strong>uocat,</strong></span> <span class='ocrx_word' id='word_1_663' title='bbox 1033 4323 1170 4395; x_wconf 85' lang='lat' dir='ltr'><strong>nequead</strong></span> <span class='ocrx_word' id='word_1_664' title='bbox 1186 4324 1239 4381; x_wconf 90' lang='lat' dir='ltr'><strong>hoe</strong></span> <span class='ocrx_word' id='word_1_665' title='bbox 1253 4333 1296 4380; x_wconf 90' lang='lat' dir='ltr'><strong>est</strong></span> <span class='ocrx_word' id='word_1_666' title='bbox 1317 4326 1406 4382; x_wconf 92' lang='lat' dir='ltr'><strong>oratio</strong></span> <span class='ocrx_word' id='word_1_667' title='bbox 1416 4328 1582 4392; x_wconf 87' lang='lat' dir='ltr'><strong>necessaria,</strong></span> <span class='ocrx_word' id='word_1_668' title='bbox 1598 4338 1628 4384; x_wconf 91' lang='lat' dir='ltr'><strong>ut</strong></span> <span class='ocrx_word' id='word_1_669' title='bbox 1638 4330 1713 4385; x_wconf 81' lang='lat' dir='ltr'><strong>exci-</strong></span> 
     </span>
     <span class='ocr_line' id='line_1_66' title="bbox 82 4413 1713 4490; baseline 0.004 -21"><span class='ocrx_word' id='word_1_670' title='bbox 82 4413 221 4472; x_wconf 88' lang='lat' dir='ltr'><strong>Justitiam</strong></span> <span class='ocrx_word' id='word_1_671' title='bbox 243 4427 330 4485; x_wconf 90' lang='lat' dir='ltr'><strong>tuam,</strong></span> <span class='ocrx_word' id='word_1_672' title='bbox 355 4431 417 4487; x_wconf 81' lang='lat' dir='ltr'><strong>quac</strong></span> <span class='ocrx_word' id='word_1_673' title='bbox 437 4431 471 4472; x_wconf 84' lang='lat' dir='ltr'><strong>ex</strong></span> <span class='ocrx_word' id='word_1_674' title='bbox 493 4415 546 4471; x_wconf 83' lang='lat' dir='ltr'><strong>lide</strong></span> <span class='ocrx_word' id='word_1_675' title='bbox 570 4426 622 4483; x_wconf 89' lang='lat' dir='ltr'><strong>est,</strong></span> <span class='ocrx_word' id='word_1_676' title='bbox 637 4425 771 4486; x_wconf 83' lang='lat' dir='ltr'><strong>quamtu</strong></span> <span class='ocrx_word' id='word_1_677' title='bbox 785 4415 870 4486; x_wconf 86' lang='lat' dir='ltr'><strong>inspi·</strong></span> <span class='ocrx_word' id='word_1_678' title='bbox 887 4433 909 4490; x_wconf 69' lang='grc' dir='ltr'><strong>ῃ</strong></span> <span class='ocrx_word' id='word_1_679' title='bbox 924 4424 996 4470; x_wconf 88' lang='lat' dir='ltr'><strong>tetur</strong></span> <span class='ocrx_word' id='word_1_680' title='bbox 1005 4414 1113 4486; x_wconf 84' lang='lat' dir='ltr'><strong>justitia</strong></span> <span class='ocrx_word' id='word_1_681' title='bbox 1136 4416 1254 4473; x_wconf 89' lang='lat' dir='ltr'><strong>reddens</strong></span> <span class='ocrx_word' id='word_1_682' title='bbox 1276 4418 1516 4488; x_wconf 63' lang='lat' dir='ltr'><strong>calamensem</strong></span> <span class='ocrx_word' id='word_1_683' title='bbox 1540 4435 1591 4490; x_wconf 91' lang='lat' dir='ltr'><strong>pro</strong></span> <span class='ocrx_word' id='word_1_684' title='bbox 1605 4420 1713 4476; x_wconf 88' lang='lat' dir='ltr'><strong>miseri·</strong></span> 
     </span>
     <span class='ocr_line' id='line_1_67' title="bbox 85 4505 1713 4581; baseline 0.004 -21"><span class='ocrx_word' id='word_1_685' title='bbox 85 4522 142 4572; x_wconf 86' lang='lat' dir='ltr'><strong>ras,</strong></span> <span class='ocrx_word' id='word_1_686' title='bbox 159 4523 212 4562; x_wconf 95' lang='lat' dir='ltr'><strong>non</strong></span> <span class='ocrx_word' id='word_1_687' title='bbox 224 4507 359 4578; x_wconf 84' lang='lat' dir='ltr'><strong>justitiam</strong></span> <span class='ocrx_word' id='word_1_688' title='bbox 370 4522 494 4580; x_wconf 90' lang='lat' dir='ltr'><strong>operum,</strong></span> <span class='ocrx_word' id='word_1_689' title='bbox 510 4521 570 4576; x_wconf 87' lang='lat' dir='ltr'><strong>quae</strong></span> <span class='ocrx_word' id='word_1_690' title='bbox 589 4507 617 4561; x_wconf 92' lang='lat' dir='ltr'><strong>in</strong></span> <span class='ocrx_word' id='word_1_691' title='bbox 638 4506 695 4577; x_wconf 80' lang='lat' dir='ltr'><strong>lege</strong></span> <span class='ocrx_word' id='word_1_692' title='bbox 719 4514 793 4562; x_wconf 86' lang='lat' dir='ltr'><strong>sunt.</strong></span> <span class='ocrx_word' id='word_1_693' title='bbox 816 4505 872 4559; x_wconf 77' lang='lat' dir='ltr'><strong>Aa·</strong></span> <span class='ocrx_word' id='word_1_694' title='bbox 924 4507 1017 4563; x_wconf 89' lang='lat' dir='ltr'><strong>cordia</strong></span> <span class='ocrx_word' id='word_1_695' title='bbox 1029 4508 1183 4576; x_wconf 73' lang='lat' dir='ltr'><strong>excitanda,</strong></span> <span class='ocrx_word' id='word_1_696' title='bbox 1197 4524 1259 4580; x_wconf 75' lang='lat' dir='ltr'><strong>qum</strong></span> <span class='ocrx_word' id='word_1_697' title='bbox 1271 4509 1300 4564; x_wconf 93' lang='lat' dir='ltr'><strong>in</strong></span> <span class='ocrx_word' id='word_1_698' title='bbox 1321 4508 1447 4565; x_wconf 84' lang='lat' dir='ltr'><strong>nauicula</strong></span> <span class='ocrx_word' id='word_1_699' title='bbox 1459 4511 1541 4567; x_wconf 89' lang='lat' dir='ltr'><strong>etiam</strong></span> <span class='ocrx_word' id='word_1_700' title='bbox 1563 4511 1713 4581; x_wconf 87' lang='lat' dir='ltr'><strong>discipulo-</strong></span> 
     </span>
     <span class='ocr_line' id='line_1_68' title="bbox 85 4597 1714 4671; baseline 0.006 -20"><span class='ocrx_word' id='word_1_701' title='bbox 85 4600 206 4652; x_wconf 86' lang='lat' dir='ltr'><strong>rumtr&#39;aui</strong></span> <span class='ocrx_word' id='word_1_702' title='bbox 230 4599 368 4668; x_wconf 70' lang='lat' dir='ltr'><strong>lusatiam</strong></span> <span class='ocrx_word' id='word_1_703' title='bbox 387 4609 462 4655; x_wconf 88' lang='lat' dir='ltr'><strong>tuam</strong></span> <span class='ocrx_word' id='word_1_704' title='bbox 483 4599 511 4653; x_wconf 89' lang='lat' dir='ltr'><strong>in</strong></span> <span class='ocrx_word' id='word_1_705' title='bbox 526 4597 647 4653; x_wconf 82' lang='lat' dir='ltr'><strong>Ecclesia</strong></span> <span class='ocrx_word' id='word_1_706' title='bbox 672 4613 727 4654; x_wconf 93' lang='lat' dir='ltr'><strong>non</strong></span> <span class='ocrx_word' id='word_1_707' title='bbox 744 4614 828 4669; x_wconf 87' lang='lat' dir='ltr'><strong>parra</strong></span> <span class='ocrx_word' id='word_1_708' title='bbox 842 4607 873 4654; x_wconf 91' lang='lat' dir='ltr'><strong>ut</strong></span> <span class='ocrx_word' id='word_1_709' title='bbox 923 4614 986 4655; x_wconf 89' lang='lat' dir='ltr'><strong>rum</strong></span> <span class='ocrx_word' id='word_1_710' title='bbox 1000 4599 1112 4668; x_wconf 89' lang='lat' dir='ltr'><strong>dormit,</strong></span> <span class='ocrx_word' id='word_1_711' title='bbox 1127 4600 1275 4671; x_wconf 86' lang='lat' dir='ltr'><strong>aliquando</strong></span> <span class='ocrx_word' id='word_1_712' title='bbox 1292 4602 1447 4657; x_wconf 84' lang='lat' dir='ltr'><strong>neccssaria</strong></span> <span class='ocrx_word' id='word_1_713' title='bbox 1461 4614 1503 4659; x_wconf 88' lang='lat' dir='ltr'><strong>est</strong></span> <span class='ocrx_word' id='word_1_714' title='bbox 1521 4603 1619 4659; x_wconf 87' lang='lat' dir='ltr'><strong>oratio.</strong></span> <span class='ocrx_word' id='word_1_715' title='bbox 1636 4603 1714 4660; x_wconf 87' lang='lat' dir='ltr'><strong>Unde</strong></span> 
     </span>
     <span class='ocr_line' id='line_1_69' title="bbox 86 4688 1714 4767; baseline 0.004 -21"><span class='ocrx_word' id='word_1_716' title='bbox 86 4691 172 4760; x_wconf 88' lang='lat' dir='ltr'><strong>prius,</strong></span> <span class='ocrx_word' id='word_1_717' title='bbox 189 4691 236 4747; x_wconf 88' lang='lat' dir='ltr'><strong>scd</strong></span> <span class='ocrx_word' id='word_1_718' title='bbox 259 4709 366 4763; x_wconf 77' lang='lat' dir='ltr'><strong>maana,</strong></span> <span class='ocrx_word' id='word_1_719' title='bbox 385 4701 442 4749; x_wconf 88' lang='lat' dir='ltr'><strong>toto</strong></span> <span class='ocrx_word' id='word_1_720' title='bbox 460 4701 596 4747; x_wconf 87' lang='lat' dir='ltr'><strong>terrarum</strong></span> <span class='ocrx_word' id='word_1_721' title='bbox 610 4689 677 4745; x_wconf 89' lang='lat' dir='ltr'><strong>orbe</strong></span> <span class='ocrx_word' id='word_1_722' title='bbox 700 4690 822 4746; x_wconf 87' lang='lat' dir='ltr'><strong>dilatata.</strong></span> <span class='ocrx_word' id='word_1_723' title='bbox 840 4688 873 4745; x_wconf 85' lang='lat' dir='ltr'><strong>Et</strong></span> <span class='ocrx_word' id='word_1_724' title='bbox 924 4707 999 4748; x_wconf 90' lang='lat' dir='ltr'><strong>nunc</strong></span> <span class='ocrx_word' id='word_1_725' title='bbox 1013 4693 1075 4749; x_wconf 91' lang='lat' dir='ltr'><strong>dico</strong></span> <span class='ocrx_word' id='word_1_726' title='bbox 1092 4712 1099 4746; x_wconf 82' lang='lat' dir='ltr'><strong>s</strong></span> <span class='ocrx_word' id='word_1_727' title='bbox 1117 4691 1156 4747; x_wconf 84' lang='lat' dir='ltr'><strong>Tu</strong></span> <span class='ocrx_word' id='word_1_728' title='bbox 1176 4704 1274 4756; x_wconf 87' lang='lat' dir='ltr'><strong>autern,</strong></span> <span class='ocrx_word' id='word_1_729' title='bbox 1295 4691 1416 4759; x_wconf 77' lang='lat' dir='ltr'><strong>Dandae,</strong></span> <span class='ocrx_word' id='word_1_730' title='bbox 1431 4695 1547 4767; x_wconf 80' lang='lat' dir='ltr'><strong>netmae</strong></span> <span class='ocrx_word' id='word_1_731' title='bbox 1562 4697 1647 4767; x_wconf 73' lang='lat' dir='ltr'><strong>lacios</strong></span> <span class='ocrx_word' id='word_1_732' title='bbox 1662 4697 1714 4752; x_wconf 89' lang='lat' dir='ltr'><strong>mi·</strong></span> 
     </span>
    </p>

    <p class='ocr_par' dir='ltr' id='par_1_15' title="bbox 86 4780 1714 5789">
     <span class='ocr_line' id='line_1_70' title="bbox 122 4780 1714 4860; baseline 0.004 -23"><span class='ocrx_word' id='word_1_733' title='bbox 122 4782 190 4839; x_wconf 88' lang='lat' dir='ltr'><strong>Ecce</strong></span> <span class='ocrx_word' id='word_1_734' title='bbox 201 4783 275 4838; x_wconf 84' lang='lat' dir='ltr'><strong>labia</strong></span> <span class='ocrx_word' id='word_1_735' title='bbox 285 4801 343 4839; x_wconf 89' lang='lat' dir='ltr'><strong>mea</strong></span> <span class='ocrx_word' id='word_1_736' title='bbox 358 4801 409 4839; x_wconf 82' lang='lat' dir='ltr'><strong>aaa</strong></span> <span class='ocrx_word' id='word_1_737' title='bbox 422 4781 561 4856; x_wconf 78' lang='lat' dir='ltr'><strong>prohibebo</strong></span> <span class='ocrx_word' id='word_1_738' title='bbox 572 4796 587 4835; x_wconf 92' lang='lat' dir='ltr'><strong>a</strong></span> <span class='ocrx_word' id='word_1_739' title='bbox 600 4780 737 4838; x_wconf 90' lang='lat' dir='ltr'><strong>locutione</strong></span> <span class='ocrx_word' id='word_1_740' title='bbox 749 4783 872 4839; x_wconf 85' lang='lat' dir='ltr'><strong>veritatis</strong></span> <span class='ocrx_word' id='word_1_741' title='bbox 922 4787 1066 4840; x_wconf 77' lang='lat' dir='ltr'><strong>errationes</strong></span> <span class='ocrx_word' id='word_1_742' title='bbox 1079 4795 1138 4839; x_wconf 89' lang='lat' dir='ltr'><strong>tuas</strong></span> <span class='ocrx_word' id='word_1_743' title='bbox 1153 4801 1169 4839; x_wconf 92' lang='lat' dir='ltr'><strong>a</strong></span> <span class='ocrx_word' id='word_1_744' title='bbox 1184 4801 1235 4839; x_wconf 91' lang='lat' dir='ltr'><strong>me.</strong></span> <span class='ocrx_word' id='word_1_745' title='bbox 1248 4782 1402 4855; x_wconf 82' lang='lat' dir='ltr'><strong>Utrumque</strong></span> <span class='ocrx_word' id='word_1_746' title='bbox 1412 4787 1537 4841; x_wconf 80' lang='lat' dir='ltr'><strong>nuntiari</strong></span> <span class='ocrx_word' id='word_1_747' title='bbox 1555 4803 1616 4860; x_wconf 78' lang='lat' dir='ltr'><strong>ego,</strong></span> <span class='ocrx_word' id='word_1_748' title='bbox 1631 4788 1714 4845; x_wconf 90' lang='lat' dir='ltr'><strong>mise·</strong></span> 
     </span>
     <span class='ocr_line' id='line_1_71' title="bbox 87 4873 1712 4948; baseline 0.001 -14"><span class='ocrx_word' id='word_1_749' title='bbox 87 4877 200 4934; x_wconf 87' lang='lat' dir='ltr'><strong>territus</strong></span> <span class='ocrx_word' id='word_1_750' title='bbox 217 4892 312 4934; x_wconf 89' lang='lat' dir='ltr'><strong>corum</strong></span> <span class='ocrx_word' id='word_1_751' title='bbox 337 4878 446 4944; x_wconf 87' lang='lat' dir='ltr'><strong>timore,</strong></span> <span class='ocrx_word' id='word_1_752' title='bbox 462 4877 509 4948; x_wconf 87' lang='lat' dir='ltr'><strong>qui</strong></span> <span class='ocrx_word' id='word_1_753' title='bbox 533 4892 633 4948; x_wconf 90' lang='lat' dir='ltr'><strong>corpus</strong></span> <span class='ocrx_word' id='word_1_754' title='bbox 659 4873 797 4942; x_wconf 89' lang='lat' dir='ltr'><strong>occidunt,</strong></span> <span class='ocrx_word' id='word_1_755' title='bbox 813 4874 873 4931; x_wconf 88' lang='lat' dir='ltr'><strong>ani·</strong></span> <span class='ocrx_word' id='word_1_756' title='bbox 924 4878 1070 4933; x_wconf 87' lang='lat' dir='ltr'><strong>ricordiam</strong></span> <span class='ocrx_word' id='word_1_757' title='bbox 1088 4876 1192 4933; x_wconf 88' lang='lat' dir='ltr'><strong>seilicet</strong></span> <span class='ocrx_word' id='word_1_758' title='bbox 1204 4886 1232 4932; x_wconf 88' lang='lat' dir='ltr'><strong>et</strong></span> <span class='ocrx_word' id='word_1_759' title='bbox 1243 4876 1389 4948; x_wconf 86' lang='lat' dir='ltr'><strong>justitiam.</strong></span> <span class='ocrx_word' id='word_1_760' title='bbox 1405 4875 1447 4931; x_wconf 82' lang='lat' dir='ltr'><strong>&#39;lu</strong></span> <span class='ocrx_word' id='word_1_761' title='bbox 1467 4888 1570 4947; x_wconf 89' lang='lat' dir='ltr'><strong>autem,</strong></span> <span class='ocrx_word' id='word_1_762' title='bbox 1585 4878 1712 4948; x_wconf 85' lang='lat' dir='ltr'><strong>Domine,</strong></span> 
     </span>
     <span class='ocr_line' id='line_1_72' title="bbox 87 4967 1714 5042; baseline 0.002 -16"><span class='ocrx_word' id='word_1_763' title='bbox 87 4985 161 5026; x_wconf 90' lang='lat' dir='ltr'><strong>mam</strong></span> <span class='ocrx_word' id='word_1_764' title='bbox 176 4978 337 5025; x_wconf 85' lang='lat' dir='ltr'><strong>autemnon</strong></span> <span class='ocrx_word' id='word_1_765' title='bbox 360 4977 476 5041; x_wconf 86' lang='lat' dir='ltr'><strong>possunt</strong></span> <span class='ocrx_word' id='word_1_766' title='bbox 494 4969 628 5028; x_wconf 88' lang='lat' dir='ltr'><strong>occidere.</strong></span> <span class='ocrx_word' id='word_1_767' title='bbox 655 4967 727 5023; x_wconf 88' lang='lat' dir='ltr'><strong>luter</strong></span> <span class='ocrx_word' id='word_1_768' title='bbox 749 4967 808 5023; x_wconf 75' lang='lat' dir='ltr'><strong>hac</strong></span> <span class='ocrx_word' id='word_1_769' title='bbox 822 4968 873 5023; x_wconf 89' lang='lat' dir='ltr'><strong>ali·</strong></span> <span class='ocrx_word' id='word_1_770' title='bbox 924 4970 1011 5027; x_wconf 91' lang='lat' dir='ltr'><strong>solam</strong></span> <span class='ocrx_word' id='word_1_771' title='bbox 1034 4970 1123 5040; x_wconf 89' lang='lat' dir='ltr'><strong>primo</strong></span> <span class='ocrx_word' id='word_1_772' title='bbox 1139 4970 1239 5027; x_wconf 86' lang='lat' dir='ltr'><strong>exhibe</strong></span> <span class='ocrx_word' id='word_1_773' title='bbox 1257 4970 1472 5028; x_wconf 87' lang='lat' dir='ltr'><strong>misericordiam</strong></span> <span class='ocrx_word' id='word_1_774' title='bbox 1492 4983 1605 5042; x_wconf 89' lang='lat' dir='ltr'><strong>peccata</strong></span> <span class='ocrx_word' id='word_1_775' title='bbox 1621 4972 1714 5029; x_wconf 88' lang='lat' dir='ltr'><strong>remit·</strong></span> 
     </span>
     <span class='ocr_line' id='line_1_73' title="bbox 87 5061 1714 5135; baseline 0 -15"><span class='ocrx_word' id='word_1_776' title='bbox 87 5063 196 5135; x_wconf 77' lang='lat' dir='ltr'><strong>quotics</strong></span> <span class='ocrx_word' id='word_1_777' title='bbox 223 5062 400 5133; x_wconf 87' lang='lat' dir='ltr'><strong>blasphemor</strong></span> <span class='ocrx_word' id='word_1_778' title='bbox 427 5073 558 5135; x_wconf 87' lang='lat' dir='ltr'><strong>tanquam</strong></span> <span class='ocrx_word' id='word_1_779' title='bbox 584 5063 738 5129; x_wconf 89' lang='lat' dir='ltr'><strong>simulator,</strong></span> <span class='ocrx_word' id='word_1_780' title='bbox 769 5063 832 5128; x_wconf 84' lang='lat' dir='ltr'><strong>sed,</strong></span> <span class='ocrx_word' id='word_1_781' title='bbox 855 5076 873 5116; x_wconf 94' lang='lat' dir='ltr'><strong>o</strong></span> <span class='ocrx_word' id='word_1_782' title='bbox 923 5062 1017 5128; x_wconf 88' lang='lat' dir='ltr'><strong>tendo,</strong></span> <span class='ocrx_word' id='word_1_783' title='bbox 1038 5072 1066 5119; x_wconf 87' lang='lat' dir='ltr'><strong>et</strong></span> <span class='ocrx_word' id='word_1_784' title='bbox 1083 5061 1303 5120; x_wconf 88' lang='lat' dir='ltr'><strong>emendationem</strong></span> <span class='ocrx_word' id='word_1_785' title='bbox 1320 5062 1488 5120; x_wconf 74' lang='lat' dir='ltr'><strong>fructuosam</strong></span> <span class='ocrx_word' id='word_1_786' title='bbox 1507 5064 1665 5130; x_wconf 85' lang='lat' dir='ltr'><strong>tribuendo,</strong></span> <span class='ocrx_word' id='word_1_787' title='bbox 1682 5074 1714 5120; x_wconf 89' lang='lat' dir='ltr'><strong>ut</strong></span> 
     </span>
     <span class='ocr_line' id='line_1_74' title="bbox 87 5152 1714 5228; baseline -0.001 -14"><span class='ocrx_word' id='word_1_788' title='bbox 87 5152 213 5224; x_wconf 75' lang='lat' dir='ltr'><strong>Domine,</strong></span> <span class='ocrx_word' id='word_1_789' title='bbox 235 5164 265 5210; x_wconf 82' lang='lat' dir='ltr'><strong>ts</strong></span> <span class='ocrx_word' id='word_1_790' title='bbox 286 5155 372 5211; x_wconf 86' lang='lat' dir='ltr'><strong>scisti.</strong></span> <span class='ocrx_word' id='word_1_791' title='bbox 396 5154 437 5212; x_wconf 86' lang='lat' dir='ltr'><strong>Tu</strong></span> <span class='ocrx_word' id='word_1_792' title='bbox 461 5156 528 5211; x_wconf 90' lang='lat' dir='ltr'><strong>milri</strong></span> <span class='ocrx_word' id='word_1_793' title='bbox 551 5157 628 5212; x_wconf 88' lang='lat' dir='ltr'><strong>tastis</strong></span> <span class='ocrx_word' id='word_1_794' title='bbox 653 5171 695 5220; x_wconf 88' lang='lat' dir='ltr'><strong>es,</strong></span> <span class='ocrx_word' id='word_1_795' title='bbox 720 5154 794 5225; x_wconf 84' lang='lat' dir='ltr'><strong>quod</strong></span> <span class='ocrx_word' id='word_1_796' title='bbox 818 5168 871 5209; x_wconf 93' lang='lat' dir='ltr'><strong>non</strong></span> <span class='ocrx_word' id='word_1_797' title='bbox 922 5154 1059 5224; x_wconf 84' lang='lat' dir='ltr'><strong>justitium</strong></span> <span class='ocrx_word' id='word_1_798' title='bbox 1074 5163 1148 5210; x_wconf 91' lang='lat' dir='ltr'><strong>tuam</strong></span> <span class='ocrx_word' id='word_1_799' title='bbox 1162 5153 1235 5211; x_wconf 80' lang='lat' dir='ltr'><strong>serre</strong></span> <span class='ocrx_word' id='word_1_800' title='bbox 1244 5155 1714 5228; x_wconf 57' lang='lat' dir='ltr'><strong>possithomoreusotmisermua·</strong></span> 
     </span>
     <span class='ocr_line' id='line_1_75' title="bbox 86 5245 1711 5324; baseline -0.002 -19"><span class='ocrx_word' id='word_1_801' title='bbox 86 5258 199 5324; x_wconf 88' lang='lat' dir='ltr'><strong>propter</strong></span> <span class='ocrx_word' id='word_1_802' title='bbox 214 5247 340 5305; x_wconf 89' lang='lat' dir='ltr'><strong>tlmorem</strong></span> <span class='ocrx_word' id='word_1_803' title='bbox 361 5248 493 5319; x_wconf 87' lang='lat' dir='ltr'><strong>prohibeo</strong></span> <span class='ocrx_word' id='word_1_804' title='bbox 505 5248 575 5304; x_wconf 87' lang='lat' dir='ltr'><strong>labia</strong></span> <span class='ocrx_word' id='word_1_805' title='bbox 589 5262 649 5303; x_wconf 92' lang='lat' dir='ltr'><strong>mea</strong></span> <span class='ocrx_word' id='word_1_806' title='bbox 663 5245 738 5317; x_wconf 85' lang='lat' dir='ltr'><strong>loqui</strong></span> <span class='ocrx_word' id='word_1_807' title='bbox 752 5261 815 5302; x_wconf 90' lang='lat' dir='ltr'><strong>cum</strong></span> <span class='ocrx_word' id='word_1_808' title='bbox 830 5254 873 5300; x_wconf 89' lang='lat' dir='ltr'><strong>ta·</strong></span> <span class='ocrx_word' id='word_1_809' title='bbox 923 5247 958 5303; x_wconf 90' lang='lat' dir='ltr'><strong>lis</strong></span> <span class='ocrx_word' id='word_1_810' title='bbox 970 5262 1022 5320; x_wconf 77' lang='lat' dir='ltr'><strong>ego</strong></span> <span class='ocrx_word' id='word_1_811' title='bbox 1036 5262 1099 5304; x_wconf 88' lang='lat' dir='ltr'><strong>sum</strong></span> <span class='ocrx_word' id='word_1_812' title='bbox 1113 5247 1198 5304; x_wconf 62' lang='lat' dir='ltr'><strong>llatrid</strong></span> <span class='ocrx_word' id='word_1_813' title='bbox 1210 5248 1349 5319; x_wconf 86' lang='lat' dir='ltr'><strong>poenitcns</strong></span> <span class='ocrx_word' id='word_1_814' title='bbox 1363 5247 1405 5303; x_wconf 89' lang='lat' dir='ltr'><strong>rel</strong></span> <span class='ocrx_word' id='word_1_815' title='bbox 1423 5248 1554 5318; x_wconf 87' lang='lat' dir='ltr'><strong>psallens,</strong></span> <span class='ocrx_word' id='word_1_816' title='bbox 1570 5246 1614 5303; x_wconf 89' lang='lat' dir='ltr'><strong>cul</strong></span> <span class='ocrx_word' id='word_1_817' title='bbox 1638 5248 1711 5303; x_wconf 89' lang='lat' dir='ltr'><strong>ultro</strong></span> 
     </span>
     <span class='ocr_line' id='line_1_76' title="bbox 87 5336 1711 5413; baseline -0.004 -13"><span class='ocrx_word' id='word_1_818' title='bbox 87 5355 147 5406; x_wconf 82' lang='lat' dir='ltr'><strong>oco,</strong></span> <span class='ocrx_word' id='word_1_819' title='bbox 163 5355 253 5412; x_wconf 84' lang='lat' dir='ltr'><strong>neque</strong></span> <span class='ocrx_word' id='word_1_820' title='bbox 269 5339 297 5395; x_wconf 92' lang='lat' dir='ltr'><strong>in</strong></span> <span class='ocrx_word' id='word_1_821' title='bbox 311 5338 446 5413; x_wconf 87' lang='lat' dir='ltr'><strong>hypocrisi</strong></span> <span class='ocrx_word' id='word_1_822' title='bbox 459 5338 556 5411; x_wconf 82' lang='lat' dir='ltr'><strong>loquor</strong></span> <span class='ocrx_word' id='word_1_823' title='bbox 569 5355 611 5407; x_wconf 87' lang='lat' dir='ltr'><strong>ca,</strong></span> <span class='ocrx_word' id='word_1_824' title='bbox 625 5354 686 5410; x_wconf 80' lang='lat' dir='ltr'><strong>quae</strong></span> <span class='ocrx_word' id='word_1_825' title='bbox 700 5339 807 5409; x_wconf 82' lang='lat' dir='ltr'><strong>loquor.</strong></span> <span class='ocrx_word' id='word_1_826' title='bbox 825 5336 874 5394; x_wconf 90' lang='lat' dir='ltr'><strong>Vel</strong></span> <span class='ocrx_word' id='word_1_827' title='bbox 924 5341 1014 5396; x_wconf 81' lang='lat' dir='ltr'><strong>uicina</strong></span> <span class='ocrx_word' id='word_1_828' title='bbox 1029 5350 1071 5398; x_wconf 89' lang='lat' dir='ltr'><strong>est</strong></span> <span class='ocrx_word' id='word_1_829' title='bbox 1079 5340 1186 5412; x_wconf 82' lang='lat' dir='ltr'><strong>justitia</strong></span> <span class='ocrx_word' id='word_1_830' title='bbox 1198 5349 1245 5396; x_wconf 88' lang='lat' dir='ltr'><strong>tua</strong></span> <span class='ocrx_word' id='word_1_831' title='bbox 1259 5349 1355 5411; x_wconf 89' lang='lat' dir='ltr'><strong>parata</strong></span> <span class='ocrx_word' id='word_1_832' title='bbox 1367 5341 1473 5407; x_wconf 86' lang='lat' dir='ltr'><strong>ulcisci,</strong></span> <span class='ocrx_word' id='word_1_833' title='bbox 1485 5339 1558 5411; x_wconf 77' lang='lat' dir='ltr'><strong>quod</strong></span> <span class='ocrx_word' id='word_1_834' title='bbox 1569 5340 1711 5396; x_wconf 82' lang='lat' dir='ltr'><strong>maleleel.</strong></span> 
     </span>
     <span class='ocr_line' id='line_1_77' title="bbox 88 5432 1711 5506; baseline -0.004 -13"><span class='ocrx_word' id='word_1_835' title='bbox 88 5437 216 5504; x_wconf 74' lang='lat' dir='ltr'><strong>tuscisti,</strong></span> <span class='ocrx_word' id='word_1_836' title='bbox 230 5435 257 5492; x_wconf 95' lang='lat' dir='ltr'><strong>id</strong></span> <span class='ocrx_word' id='word_1_837' title='bbox 274 5446 316 5492; x_wconf 84' lang='lat' dir='ltr'><strong>est</strong></span> <span class='ocrx_word' id='word_1_838' title='bbox 330 5435 365 5490; x_wconf 88' lang='lat' dir='ltr'><strong>ab</strong></span> <span class='ocrx_word' id='word_1_839' title='bbox 382 5444 485 5490; x_wconf 76' lang='lat' dir='ltr'><strong>aeterno</strong></span> <span class='ocrx_word' id='word_1_840' title='bbox 501 5436 539 5491; x_wconf 89' lang='lat' dir='ltr'><strong>ita</strong></span> <span class='ocrx_word' id='word_1_841' title='bbox 562 5433 683 5490; x_wconf 86' lang='lat' dir='ltr'><strong>laturum</strong></span> <span class='ocrx_word' id='word_1_842' title='bbox 703 5433 872 5506; x_wconf 87' lang='lat' dir='ltr'><strong>disposuisti.</strong></span> <span class='ocrx_word' id='word_1_843' title='bbox 962 5432 1002 5487; x_wconf 77' lang='lat' dir='ltr'><strong>Tu</strong></span> <span class='ocrx_word' id='word_1_844' title='bbox 1025 5442 1122 5500; x_wconf 88' lang='lat' dir='ltr'><strong>autem,</strong></span> <span class='ocrx_word' id='word_1_845' title='bbox 1142 5432 1270 5499; x_wconf 85' lang='lat' dir='ltr'><strong>Domine,</strong></span> <span class='ocrx_word' id='word_1_846' title='bbox 1292 5434 1412 5505; x_wconf 80' lang='lat' dir='ltr'><strong>nclonpe</strong></span> <span class='ocrx_word' id='word_1_847' title='bbox 1431 5433 1711 5504; x_wconf 72' lang='lat' dir='ltr'><strong>iaciasmiaerationes</strong></span> 
     </span>
     <span class='ocr_line' id='line_1_78' title="bbox 90 5526 1712 5602; baseline -0.004 -15"><span class='ocrx_word' id='word_1_848' title='bbox 90 5528 168 5588; x_wconf 83' lang='lat' dir='ltr'><strong>llnrle</strong></span> <span class='ocrx_word' id='word_1_849' title='bbox 184 5535 259 5601; x_wconf 86' lang='lat' dir='ltr'><strong>patet</strong></span> <span class='ocrx_word' id='word_1_850' title='bbox 273 5529 344 5584; x_wconf 83' lang='lat' dir='ltr'><strong>hanc</strong></span> <span class='ocrx_word' id='word_1_851' title='bbox 366 5527 601 5584; x_wconf 86' lang='lat' dir='ltr'><strong>annuntiationem</strong></span> <span class='ocrx_word' id='word_1_852' title='bbox 620 5527 734 5599; x_wconf 77' lang='lat' dir='ltr'><strong>justitia</strong></span> <span class='ocrx_word' id='word_1_853' title='bbox 749 5537 796 5582; x_wconf 90' lang='lat' dir='ltr'><strong>tua</strong></span> <span class='ocrx_word' id='word_1_854' title='bbox 815 5526 875 5582; x_wconf 84' lang='lat' dir='ltr'><strong>llari</strong></span> <span class='ocrx_word' id='word_1_855' title='bbox 926 5537 1013 5582; x_wconf 89' lang='lat' dir='ltr'><strong>tuasa</strong></span> <span class='ocrx_word' id='word_1_856' title='bbox 1028 5544 1078 5582; x_wconf 89' lang='lat' dir='ltr'><strong>me.</strong></span> <span class='ocrx_word' id='word_1_857' title='bbox 1092 5526 1210 5586; x_wconf 84' lang='lat' dir='ltr'><strong>Ostende</strong></span> <span class='ocrx_word' id='word_1_858' title='bbox 1225 5526 1255 5580; x_wconf 87' lang='lat' dir='ltr'><strong>in</strong></span> <span class='ocrx_word' id='word_1_859' title='bbox 1268 5542 1312 5583; x_wconf 87' lang='lat' dir='ltr'><strong>mc</strong></span> <span class='ocrx_word' id='word_1_860' title='bbox 1325 5528 1414 5602; x_wconf 89' lang='lat' dir='ltr'><strong>primo</strong></span> <span class='ocrx_word' id='word_1_861' title='bbox 1436 5528 1470 5583; x_wconf 88' lang='lat' dir='ltr'><strong>ad</strong></span> <span class='ocrx_word' id='word_1_862' title='bbox 1488 5526 1712 5582; x_wconf 79' lang='lat' dir='ltr'><strong>informationem</strong></span> 
     </span>
     <span class='ocr_line' id='line_1_79' title="bbox 89 5617 1712 5692; baseline -0.004 -14"><span class='ocrx_word' id='word_1_863' title='bbox 89 5623 336 5689; x_wconf 66' lang='lat' dir='ltr'><strong>auctoritatatem</strong></span> <span class='ocrx_word' id='word_1_864' title='bbox 358 5621 386 5675; x_wconf 93' lang='lat' dir='ltr'><strong>in</strong></span> <span class='ocrx_word' id='word_1_865' title='bbox 405 5617 479 5684; x_wconf 93' lang='lat' dir='ltr'><strong>dolo,</strong></span> <span class='ocrx_word' id='word_1_866' title='bbox 502 5620 549 5675; x_wconf 83' lang='lat' dir='ltr'><strong>sed</strong></span> <span class='ocrx_word' id='word_1_867' title='bbox 573 5619 602 5675; x_wconf 91' lang='lat' dir='ltr'><strong>in</strong></span> <span class='ocrx_word' id='word_1_868' title='bbox 625 5620 748 5677; x_wconf 88' lang='lat' dir='ltr'><strong>ueritate.</strong></span> <span class='ocrx_word' id='word_1_869' title='bbox 765 5618 822 5675; x_wconf 91' lang='lat' dir='ltr'><strong>lloc</strong></span> <span class='ocrx_word' id='word_1_870' title='bbox 845 5629 874 5673; x_wconf 89' lang='lat' dir='ltr'><strong>tu</strong></span> <span class='ocrx_word' id='word_1_871' title='bbox 925 5618 1106 5686; x_wconf 87' lang='lat' dir='ltr'><strong>credentium,</strong></span> <span class='ocrx_word' id='word_1_872' title='bbox 1118 5629 1146 5674; x_wconf 92' lang='lat' dir='ltr'><strong>et</strong></span> <span class='ocrx_word' id='word_1_873' title='bbox 1157 5633 1201 5674; x_wconf 90' lang='lat' dir='ltr'><strong>me</strong></span> <span class='ocrx_word' id='word_1_874' title='bbox 1215 5617 1396 5687; x_wconf 87' lang='lat' dir='ltr'><strong>audientium,</strong></span> <span class='ocrx_word' id='word_1_875' title='bbox 1410 5621 1483 5690; x_wconf 86' lang='lat' dir='ltr'><strong>quod</strong></span> <span class='ocrx_word' id='word_1_876' title='bbox 1501 5635 1552 5692; x_wconf 76' lang='lat' dir='ltr'><strong>ego</strong></span> <span class='ocrx_word' id='word_1_877' title='bbox 1567 5617 1712 5675; x_wconf 75' lang='lat' dir='ltr'><strong>tet-eract-</strong></span> 
     </span>
     <span class='ocr_line' id='line_1_80' title="bbox 88 5710 1712 5789; baseline -0.001 -18"><span class='ocrx_word' id='word_1_878' title='bbox 88 5715 173 5784; x_wconf 86' lang='lat' dir='ltr'><strong>scisti,</strong></span> <span class='ocrx_word' id='word_1_879' title='bbox 188 5716 235 5789; x_wconf 86' lang='lat' dir='ltr'><strong>qui</strong></span> <span class='ocrx_word' id='word_1_880' title='bbox 250 5714 326 5771; x_wconf 85' lang='lat' dir='ltr'><strong>rides</strong></span> <span class='ocrx_word' id='word_1_881' title='bbox 348 5727 510 5779; x_wconf 88' lang='lat' dir='ltr'><strong>cormeum,</strong></span> <span class='ocrx_word' id='word_1_882' title='bbox 532 5729 586 5786; x_wconf 87' lang='lat' dir='ltr'><strong>quo</strong></span> <span class='ocrx_word' id='word_1_883' title='bbox 601 5711 628 5769; x_wconf 89' lang='lat' dir='ltr'><strong>id</strong></span> <span class='ocrx_word' id='word_1_884' title='bbox 641 5714 727 5786; x_wconf 88' lang='lat' dir='ltr'><strong>ipsum</strong></span> <span class='ocrx_word' id='word_1_885' title='bbox 743 5711 823 5769; x_wconf 86' lang='lat' dir='ltr'><strong>credo</strong></span> <span class='ocrx_word' id='word_1_886' title='bbox 839 5711 873 5767; x_wconf 91' lang='lat' dir='ltr'><strong>ad</strong></span> <span class='ocrx_word' id='word_1_887' title='bbox 926 5721 968 5768; x_wconf 90' lang='lat' dir='ltr'><strong>ter</strong></span> <span class='ocrx_word' id='word_1_888' title='bbox 982 5712 1186 5768; x_wconf 86' lang='lat' dir='ltr'><strong>misericordem</strong></span> <span class='ocrx_word' id='word_1_889' title='bbox 1208 5720 1326 5770; x_wconf 86' lang='lat' dir='ltr'><strong>testatus</strong></span> <span class='ocrx_word' id='word_1_890' title='bbox 1347 5729 1418 5771; x_wconf 89' lang='lat' dir='ltr'><strong>sum.</strong></span> <span class='ocrx_word' id='word_1_891' title='bbox 1436 5712 1490 5770; x_wconf 78' lang='lat' dir='ltr'><strong>Vae</strong></span> <span class='ocrx_word' id='word_1_892' title='bbox 1507 5722 1536 5767; x_wconf 93' lang='lat' dir='ltr'><strong>ut</strong></span> <span class='ocrx_word' id='word_1_893' title='bbox 1555 5710 1712 5769; x_wconf 79' lang='lat' dir='ltr'><strong>miseratio·</strong></span> 
     </span>
    </p>
   </div>
   <div class='ocr_carea' id='block_1_13' title="bbox 269 5805 1638 5894">
    <p class='ocr_par' dir='ltr' id='par_1_16' title="bbox 269 5805 1638 5894">
     <span class='ocr_line' id='line_1_81' title="bbox 269 5805 1638 5894; baseline -0.018 -21"><span class='ocrx_word' id='word_1_894' title='bbox 269 5811 404 5873; x_wconf 81' lang='lat' dir='ltr'><strong>l‘sruor..</strong></span> <span class='ocrx_word' id='word_1_895' title='bbox 422 5806 557 5871; x_wconf 83' lang='lat' dir='ltr'><strong>CXClll.</strong></span> <span class='ocrx_word' id='word_1_896' title='bbox 1501 5805 1540 5866; x_wconf 74' lang='lat' dir='ltr'><strong>tt</strong></span> <span class='ocrx_word' id='word_1_897' title='bbox 1606 5841 1638 5894; x_wconf 88' lang='lat'><strong>&#39;.</strong></span> 
     </span>
    </p>
   </div>
   <div class='ocr_carea' id='block_1_14' title="bbox 0 0 1921 6000">
    <p class='ocr_par' dir='ltr' id='par_1_17' title="bbox 0 0 1921 6000">
     <span class='ocr_line' id='line_1_82' title="bbox 0 0 1921 6000; baseline 0 0"><span class='ocrx_word' id='word_1_898' title='bbox 0 0 1921 6000; x_wconf 95' lang='lat' dir='ltr'><strong> </strong></span> 
     </span>
    </p>
   </div>
  </div>
 </body>
</html>
