3817 6000
327 202 466 263 1115

1280 200 1598 257 cennom-
1629 200 2015 261 PRAEpostTt
2056 200 2601 258 REtanRSPERG.

3445 198 3618 313 mo(

326 329 416 375 est
456 319 510 374 in
543 317 753 374 luctum
785 317 991 381 chorus
1023 323 1229 373 noster.
1278 315 1488 371 Cecidit
1527 332 1732 373 corona
1760 318 1908 390 capi·
1937 327 1983 382 Λ
2018 314 2178 384 «quia
2211 314 2477 370 Dominus
2506 321 2592 369 est
2622 309 2806 383 (lomi.
2836 327 2950 376 xxi,
2980 311 3089 384 7),›
3122 309 3305 376 Petro,
3333 312 3595 381 inquam,

320 414 395 468 tis
421 411 621 479 nostri,
643 425 724 466 vae
742 410 904 466 nobis
926 408 1053 481 quia
1074 407 1440 480 peccavimus.
1453 405 1747 478 Propterea
1771 426 1909 467 moe·

323 510 470 558 stum
508 500 714 559 factum
754 501 920 558 estin
952 500 1144 557 dolore
1185 514 1282 557 cor
1307 508 1593 555 nostrum:
1626 501 1748 558 ideo
1774 518 1909 559 eon-

324 594 593 651 tenebrati
640 604 773 651 sunt
800 594 946 651 oculi
982 592 1179 649 nostri.
1218 591 1450 663 Propter
1479 600 1725 649 montem
1770 592 1905 650 Sion

324 686 455 757 quia
480 684 767 757 disperiit,
797 684 989 756 vulpes
1030 683 1456 740 ambulaverunt
1484 684 1538 738 in
1569 699 1655 740 eo.
1698 683 1779 740 Tu
1809 701 1910 741 au-

327 790 455 838 1--111,
483 778 728 838 nurnine.
764 778 820 830 in
844 790 1108 834 :fllnrnum
1132 776 1502 847 permanebis,
1528 776 1730 834 sollum
1753 786 1908 833 tuum

331 870 383 922 111
415 870 844 938 genoratiuncni.
876 878 928 922 et
953 868 1389 940 generationem.
1420 865 1603 934 Quare
1630 868 1686 923 in
1716 884 1910 941 perpe·-

331 974 483 1014 tuum
515 962 856 1018 obliuiscaris
892 960 1081 1028 nostri,
1120 959 1471 1030 derelinques
1502 974 1606 1016 nos
1631 960 1687 1015 in
1734 960 1910 1032 longi-

331 1055 519 1111 tudine
567 1059 816 1111 uim-um?
860 1059 1128 1111 [unverte
1169 1068 1294 1123 nos,
1338 1052 1590 1121 Domine,
1632 1053 1701 1110 ad
1742 1062 1814 1121 te,
1856 1063 1910 1110 et

331 1159 716 1203 contestentur
748 1171 760 1203 2
800 1151 996 1204 'innova
1034 1148 1152 1206 dies
1173 1157 1421 1213 nostros,
1452 1147 1599 1204 Sicut
1643 1162 1675 1202 a
1705 1147 1909 1218 princi-

331 1243 439 1311 pio.
495 1239 603 1295 §jv-1
652 1243 946 1311 projiciens
974 1240 1221 1312 repulisti
1256 1255 1379 1304 nos,
1410 1238 1585 1297 iratus
1629 1254 1690 1295 es
1715 1249 1907 1296 contra

326 1347 431 1388 nos
455 1330 805 1388 vehementer
830 1331 1049 1403 (Tltren.
1073 1348 1128 1399 v,
1161 1333 1186 1387 1
1222 1340 1272 1385 et
1293 1330 1515 1403 seqq.).»

399 1419 539 1479 111110
558 1422 938 1479 lamentationi
980 1423 1065 1478 vel
1089 1422 1328 1479 orationi
1355 1421 1623 1493 plorantis
1659 1419 1908 1478 Ieremiae

326 1513 568 1585 adjungo
592 1530 694 1585 ego
724 1514 996 1585 poenitens
1028 1514 1173 1571 istud
1200 1513 1536 1570 Psalmistae:
1559 1513 1908 1580 Remini-scere

329 1608 729 1662 miserationum
755 1617 992 1674 tuarum,
1033 1608 1276 1674 Domine,
1331 1615 1382 1661 et
1420 1606 1907 1661 misericordiarum

2008 407 2120 463 illic
2166 406 2382 462 timenti
2414 403 2772 477 opprobrium
2802 403 3130 460 delictorum
3180 417 3410 459 suorum
3452 419 3598 460 con-

2005 496 2230 553 veniens
2256 494 2360 552 suit
2388 496 2470 552 sic
2487 509 2708 551 orasse:
2742 493 2787 550 Ο
2812 493 3045 551 Domine
3070 495 3084 549 !
3109 495 3204 566 qui
3225 510 3371 550 nunc
3393 495 3450 549 in
3473 504 3597 549 tam

2007 589 2199 661 grandi
2229 603 2488 645 successu
2516 586 2840 660 piscationis
2862 587 3229 643 manilestasti
3253 586 3435 654 nobis,
3454 587 3601 656 quia

2009 692 2064 738 tu
2096 680 2362 739 Dominus
2387 696 2471 748 es,
2495 695 2659 753 quem
2691 694 2794 751 ego
2831 678 3026 750 negavi
3054 676 3350 734 Dominum
3382 687 3440 733 01
3468 690 3599 731 ma-

2007 773 2259 844 gistrum,
2282 773 2503 843 quando
2528 770 2722 843 negavi
2752 784 2840 826 me
2860 780 3015 826 tuum
3053 783 3178 824 csse
3208 764 3548 838 discipulum
3576 783 3597 820 ε

2008 864 2091 921 Tu
2120 864 2315 921 delicta
2351 865 2647 936 juventutis
2677 879 2831 934 meoe,
2868 873 2919 919 et
2962 862 3293 936 ἱρῇσι-0111103
3337 878 3482 916 meae
3526 876 3600 914 ne

2009 958 2324 1014 memineris.
2350 955 2707 1029 Recognosco
2726 956 2897 1025 enim,
2918 956 3066 1026 quod
3087 952 3320 1025 juvenili
3344 950 3600 1023 quadam

2008 1048 2435 1122 praesumptione
2462 1050 2671 1121 absque
2699 1048 2892 1105 senilis
2927 1040 3387 1105 considerationis
3412 1057 3601 1103 matu·

2011 1140 2192 1208 ritate,
2243 1156 2370 1196 cum
2400 1155 2581 1197 essem
2618 1139 2828 1212 junior,
2858 1138 3145 1210 cingebam
3171 1152 3260 1193 me
3301 1135 3372 1194 ad
3422 1152 3600 1207 opus,

2009 1233 2152 1304 quod
2172 1241 2289 1289 erat
2311 1248 2474 1304 super
2501 1246 2610 1299 me,
2647 1230 2853 1287 oblitus
2888 1229 3189 1300 proverbii,
3214 1244 3326 1299 quo
3352 1229 3599 1284 dicitur:

2015 1343 2033 1377 ‹
2044 1323 2160 1381 Non
2174 1324 2438 1396 glorietur
2447 1323 2726 1379 accinctus
2740 1336 2916 1392 aeque,
2931 1329 2992 1376 ut
3003 1320 3302 1377 discinctus
3317 1319 3407 1391 (11
3412 1319 3445 1374 1
3456 1320 3600 1392 Req.

2008 1434 2101 1486 xx,
2143 1418 2286 1490 11).»
2326 1416 2442 1489 Ego
2471 1416 2619 1472 enim
2656 1429 2784 1472 cum
2818 1429 2996 1470 essem
3022 1413 3283 1485 juvenilis
3314 1429 3600 1485 praesum-

2008 1509 2212 1580 ptionis
2245 1506 2424 1580 gladio
2443 1507 2724 1564 accinctus
2743 1547 2759 1575 ,
2797 1521 2910 1577 quo
2937 1512 3198 1576 tanquam
3237 1504 3460 1576 iuvenis
3490 1520 3606 1559 au-

2010 1597 2340 1654 dacissimus
2364 1594 2644 1666 amputavi
2669 1595 2976 1651 auriculam
3007 1594 3254 1650 dextram
3286 1611 3471 1660 servo,
3499 1597 3605 1650 eui

332 1710 567 1767 tuarum,
591 1717 709 1772 quae
743 1718 777 1755 o
806 1701 1002 1757 aoeculo
1026 1711 1168 1756 sunt.
1209 1700 1329 1758 Non
1351 1710 1475 1772 peto
1498 1700 1644 1756 leves
1673 1709 1768 1756 aut
1791 1699 1917 1755 bre·
1944 1687 1986 1742 Β
2016 1705 2215 1746 nomen
2244 1698 2363 1745 erat
2390 1688 2657 1758 Habitus,
2681 1688 2939 1761 putabam
2971 1689 3117 1760 quod
3142 1689 3285 1745 inter
3312 1689 3603 1745 condisci-

329 1808 425 1848 ves
468 1793 870 1860 miserationes,
901 1809 1012 1849 non
1041 1792 1296 1850 desidero
1344 1793 1400 1848 in
1438 1790 1742 1863 piscatione
1789 1804 1910 1845 mea

329 1900 525 1956 capere
547 1901 753 1956 paucos
788 1894 885 1942 aut
907 1901 1105 1957 parvos
1127 1886 1445 1957 pisciculos,
1477 1884 1701 1957 quando
1722 1882 1911 1954 singu-

330 1977 443 2032 lare
467 1978 794 2034 sacrificium
814 1979 1124 2049 corporiset
1146 1978 1429 2049 sanguinis
1448 1977 1526 2033 tui
1547 1974 1913 2042 offero,Cbri-

329 2078 432 2136 ste,
463 2069 545 2124 vel
572 2069 793 2141 quando
819 2071 955 2126 alias
980 2085 1169 2140 preces
1198 2070 1370 2126 fundo
1393 2070 1447 2125 in
1477 2079 1769 2141 conspectu
1793 2078 1907 2135 tuo,

331 2167 386 2214 et
419 2173 519 2229 pro
548 2159 893 2231 acquirendis
918 2159 1236 2229 virtutibus,
1274 2161 1358 2216 vel
1383 2160 1765 2217 convertendis
1792 2161 1896 2217 ho-

332 2249 577 2307 minibus
610 2267 731 2318 oro,
761 2261 815 2307 et
839 2250 1000 2321 nihil,
1024 2252 1113 2308 vel
1140 2269 1336 2324 parum
1364 2253 1736 2325 apprehendo,
1771 2255 1909 2310 nihil

337 2335 529 2410 iestat,
565 2341 672 2399 nisi
705 2352 854 2398 tuam
889 2343 1325 2400 consolationem
1352 2345 1560 2415 'tuique
1591 2345 1914 2403 manifesta-

328 2432 531 2489 tionem
569 2443 908 2505 exspectare,
932 2434 1025 2506 qui
1049 2451 1196 2492 nunc
1223 2446 1337 2493 stas
1364 2438 1419 2493 in
1452 2438 1634 2495 littore
1666 2439 1915 2495 solidita-

330 2522 403 2580 tis
430 2533 649 2581 aeternae
680 2525 872 2583 videns
896 2533 1021 2584 tuos
1044 2527 1357 2586 laborantes
1384 2529 1439 2585 in
1468 2546 1626 2588 cassa
1651 2533 1917 2602 piscatio-

331 2631 421 2682 ne,
467 2632 608 2688 quos
638 2618 910 2674 interdum
940 2622 1101 2690 quasi
1147 2620 1385 2692 despicis
1415 2631 1718 2694 propterea,
1765 2625 1914 2695 quod

330 2723 545 2765 memor
566 2726 627 2768 es
654 2720 1000 2781 peccatorum
1029 2721 1366 2779 nostrorum,
1394 2725 1448 2769 et
1475 2715 1765 2772 immemor
1785 2733 1914 2791 erga

332 2816 436 2856 nos
464 2802 879 2860 miserationum
911 2813 1129 2860 tuarum
1157 2822 1280 2877 quae
1303 2821 1332 2860 a
1360 2808 1559 2864 saeculo
1581 2820 1728 2865 sunt.
1749 2809 1913 2882 Ergo,

332 2903 395 2949 nt
419 2895 473 2950 in
501 2903 729 2967 captura
754 2912 1077 2968 magnorum
1100 2897 1355 2969 piscium,
1388 2899 1440 2955 id
1462 2909 1565 2968 est,
1591 2917 1915 2973 magnarum

330 2985 596 3043 virtutum
629 2995 684 3044 et
711 3003 1035 3060 magnarum
1080 3004 1439 3060 personarum
1477 2990 1563 3047 ssat
1600 2992 1759 3050 nobis
1792 3010 1914 3051 cer·

333 3086 451 3133 tum
484 3087 538 3135 et
564 3087 814 3149 apertum
849 3079 1129 3148 solatium,
1172 3090 1335 3154 atque
1364 3092 1425 3137 ut
1460 3084 1682 3141 tristitia
1724 3094 1914 3143 nostra

333 3170 560 3226 omnino
587 3180 831 3227 vertatur
866 3172 1204 3245 ingaudium
1249 3184 1304 3231 et
1356 3175 1619 3247 gaudium
1665 3186 1919 3236 nostrum

334 3264 410 3320 sit
450 3265 697 3336 plenum,
744 3266 1112 3339 gaudiumque
1134 3267 1265 3324 illud
1296 3284 1458 3325 nemo
1484 3270 1638 3327 tollat
1663 3286 1696 3327 a
1717 3270 1917 3329 nobis:

336 3357 686 3415 Reminiscere
707 3349 1106 3416 miserationum
1125 3370 1358 3430 tuarum,
1381 3361 1624 3432 Domine,
1646 3373 1697 3420 et
1713 3365 1922 3419 miseri-

337 3448 639 3505 cordiarum
662 3459 896 3518 tuarum,
925 3467 1043 3522 quoe
1066 3469 1100 3506 o
1128 3453 1323 3509 aoeento
1347 3464 1493 3521 aunt,
1524 3471 1701 3527 neque
1736 3463 1922 3513 trans-

335 3549 471 3596 eunt
512 3556 638 3597 cum
685 3543 907 3610 saeculo,
952 3544 1080 3615 quia
1121 3552 1173 3602 te
1216 3555 1395 3603 stante
1449 3547 1509 3604 in
1551 3547 1740 3605 littore
1786 3549 1921 3606 soli-

337 3632 411 3690 do
427 3642 607 3690 tecum
648 3642 755 3691 stat
782 3636 1180 3693 miserationum
1210 3648 1441 3708 tuarum,
1475 3640 1716 3709 Domine,
1739 3652 1791 3699 et
1818 3645 1923 3698 mi-

339 3726 756 3781 sericordiarum
782 3736 1016 3795 tuorum,
1049 3747 1168 3802 quoe
1207 3748 1240 3786 a
1269 3732 1465 3788 soeculo
1489 3743 1634 3799 111111,
1663 3736 1917 3791 (inuitas,

340 3814 421 3873 Ne
467 3828 648 3875 autem
685 3820 828 3876 bona
860 3829 1009 3878 tanta
1036 3822 1399 3894 impediantur
1418 3841 1514 3897 per
1535 3841 1687 3885 meas
1708 3828 1919 3900 eulpaS,

342 3906 635 3981 diligenter
673 3910 728 3966 in
758 3910 899 3968 libro
921 3915 1200 3971 memoriae
1220 3927 1327 3973 tuae
1356 3917 1608 3989 scriptas,

418 3998 581 4058 Vens.
617 4002 669 4059 7.
713 4002 924 4060 Delicta
956 4007 1251 4077 juventutis
1299 4024 1447 4078 meoe,
1491 4020 1542 4066 et
1589 4011 1919 4082 iqnorantiae

342 4107 487 4147 meas
525 4111 589 4150 ne
623 4097 941 4153 memineris.
969 4097 1084 4171 Ego
1108 4098 1324 4166 Petrus,
1361 4117 1487 4159 cum
1512 4117 1689 4159 essem
1708 4104 1919 4175 junior,

343 4184 628 4257 cingebam
656 4202 744 4243 me
781 4196 836 4244 et
871 4189 1241 4257 ambulabam,
1276 4192 1369 4248 ubi
1397 4192 1672 4262 volebam,
1703 4197 1833 4266 quia
1854 4198 1924 4253 de

344 4276 564 4346 propria
590 4277 789 4338 virtute
810 4281 1223 4349 praesumebam,
1244 4280 1366 4338 ideo
1404 4283 1623 4353 quoties
1658 4299 1924 4354 praesum-

2013 1783 2173 1853 pulos
2198 1797 2375 1839 essem
2406 1780 2766 1838 fortissimus.
2788 1783 2859 1839 At
2884 1780 2978 1836 illa
3002 1781 3186 1837 omnis
3216 1796 3338 1836 mea
3367 1780 3605 1837 fortitu-

2011 1875 2083 1930 do
2115 1873 2183 1930 ad
2230 1873 2395 1930 unius
2425 1873 2641 1930 ancillae
2680 1873 3164 1945 interrogationem
3200 1872 3423 1944 penitus
3458 1887 3601 1927 eva-

2012 1968 2151 2034 nuit,
2179 1968 2446 2039 planeque
2466 1966 2823 2037 mihimetipsi
2847 1965 3220 2043 tuncnevidens
3241 1964 3448 2021 iactum
3484 1973 3598 2031 est,

2012 2059 2160 2131 quod
2187 2059 2442 2114 humanae
2470 2058 2915 2130 praesumptionis
2951 2056 3216 2113 fortitudo
3260 2056 3472 2128 absque
3501 2057 3599 2113 di·-

2010 2151 2141 2207 vino
2170 2148 2445 2221 adjutorio
2475 2150 2614 2206 1111111
2650 2159 2754 2208 est.
2794 2149 2911 2207 1100
2940 2158 3124 2206 autem
3164 2158 3395 2206 eatenus
3426 2149 3599 2222 igno-

2011 2255 2285 2308 raveram,
2313 2240 2537 2311 quando
2564 2255 2656 2296 me
2701 2241 2883 2312 ipsum
2925 2240 3135 2312 aliquid
3173 2255 3314 2308 esse,
3365 2241 3453 2298 vel
3488 2242 3600 2297 ali-

2014 2334 2145 2407 quid
2169 2349 2330 2406 posse
2347 2334 2634 2406 putabam.
2660 2331 2755 2390 Sic
2785 2334 2922 2390 mihi
2949 2349 3076 2391 cum
3100 2333 3332 2407 juvenili
3360 2335 3600 2391 audacia

2013 2429 2177 2486 mista
2215 2438 2334 2485 erat
2370 2428 2704 2502 ignorantia.
2737 2426 2880 2500 Ergo
2909 2427 3105 2483 delicta
3129 2428 3424 2499 juventutis
3441 2443 3599 2494 meoe,

2013 2531 2063 2578 et
2084 2522 2411 2594 ignorantias
2431 2538 2576 2577 meas
2600 2537 2666 2577 ne
2700 2522 3023 2587 memineris,
3050 2520 3180 2592 quia
3223 2520 3397 2585 decet,
3427 2530 3493 2576 111
3516 2520 3601 2576 sis

2013 2628 2222 2684 pronus
2251 2613 2319 2671 ad
2358 2612 2774 2686 ignoscendum,
2825 2613 2970 2684 quod
3022 2628 3132 2668 non
3181 2612 3250 2668 de
3293 2611 3602 2684 impietatis

2015 2706 2236 2774 astutia,
2268 2706 2362 2763 sed
2393 2706 2462 2762 de
2480 2704 2715 2777 juvenili
2737 2705 2974 2777 quadam
3003 2704 3312 2778 ignorantia
3334 2719 3602 2776 praesum·

2014 2807 2169 2869 ptum
2191 2807 2296 2856 est.

2087 2887 2231 2956 Quid
2268 2888 2370 2955 ais,
2416 2886 2622 2945 Petre?
2649 2888 2731 2945 vis
2768 2897 3053 2960 peccatum
3093 2888 3402 2961 negationis
3435 2888 3603 2946 trinae

2018 2987 2099 3045 sic
2127 2984 2267 3043 tradi
2289 2984 2573 3054 oblivioni,
2595 2994 2656 3042 ut
2681 2985 2892 3043 medico
2914 2995 3009 3043 tuo
3038 2985 3186 3042 nulla
3209 2986 3280 3042 sit
3303 2984 3598 3050 memoria,

2019 3077 2105 3135 vel
2123 3091 2256 3135 cura
2284 3076 2574 3132 vulnerum
2613 3082 2835 3132 tuorum
2865 3076 3276 3135 curandorum!
3302 3075 3600 3144 Absit,·in·

2019 3171 2165 3242 quis,
2193 3171 2302 3227 hoc
2325 3185 2355 3226 a
2400 3184 2510 3237 me,
2538 3169 2636 3226 sed
2658 3167 2788 3224 volo
2816 3177 2874 3225 et
2898 3177 3029 3242 opto
3067 3179 3290 3241 peccata
3314 3185 3439 3225 mea
3487 3184 3602 3225 11οι

2018 3275 2142 3318 esse
2161 3260 2219 3317 in
2242 3260 2626 3318 recordatione
2648 3259 2851 3332 judicis
2874 3259 2941 3316 ad
2967 3259 3232 3316 ultionem
3259 3278 3274 3317 ε
3311 3260 3472 3317 valde
3498 3277 3604 3316 au-

2022 3361 2128 3410 tem
2155 3369 2349 3426 precor
2372 3361 2434 3411 ut
2460 3354 2570 3411 sint
2605 3353 2663 3409 in
2694 3353 2960 3410 memoria
2994 3352 3197 3411 medici
3240 3354 3311 3409 ad
3344 3354 3600 3410 curatio·

2019 3460 2167 3513 nem,
2199 3446 2285 3503 vel
2312 3446 2496 3517 potius
2523 3445 2600 3502 ita
2624 3446 2716 3501 1131
2736 3454 3083 3518 peccatorum
3110 3461 3363 3503 meorum
3391 3447 3604 3504 oblivio

2020 3552 2206 3593 coram
2234 3536 2491 3607 Domino,
2537 3550 2597 3595 ut
2623 3538 2733 3593 mei
2762 3536 3079 3610 poenitentis
3105 3551 3208 3608 pro
3234 3537 3440 3594 eisdem
3472 3553 3603 3609 pec·

2020 3630 2158 3687 catis
2188 3630 2276 3701 pia
2307 3630 2378 3686 sit
2405 3645 2589 3687 coram
2631 3645 2699 3686 eo
2745 3629 3069 3697 recordatio,
3100 3627 3407 3702 Utrumque
3460 3630 3602 3687 mibi

2020 3722 2442 3791 bonumcredo,
2476 3722 2601 3779 ideo
2627 3729 2928 3793 utrumque
2967 3729 3158 3793 petens
3182 3720 3310 3777 dieo
3337 3740 3350 3776 :
3389 3720 3603 3778 Delicta

2010 3816 2308 3884 juventutis
2337 3830 2465 3871 meoe
2513 3825 2563 3869 et
2607 3811 2941 3885 ignorantiae
2994 3828 3137 3867 meaa
3172 3828 3236 3866 ne
3276 3812 3600 3879 menineris.

2021 3906 2170 3979 quod
2201 3915 2284 3963 est
2314 3921 2483 3961 unum
2505 3904 2732 3960 bonum.

2094 3996 2165 4053 Et
2193 3998 2479 4053 secundum
2528 3996 2944 4051 misericordiam
2999 4006 3146 4052 tuam
3197 4004 3456 4052 memento
3497 3996 3606 4051 mei

2025 4102 2103 4163 tu,
2133 4101 2347 4167 propter
2380 4091 2664 4147 bonitatem
2695 4099 2862 4160 tuam,
2892 4090 3135 4146 Domine.
3175 4089 3333 4158 Quod
3354 4089 3602 4146 0013110-

2023 4203 2147 4244 rum
2173 4187 2400 4243 bonurn.
2432 4183 2512 4240 Ex
2571 4185 2759 4242 eadem
2813 4184 3252 4242 consideratione
3293 4182 3461 4254 hujus
3507 4197 3604 4253 ge-

2023 4282 2188 4336 11111110
2229 4277 2482 4334 utilitatis
2504 4277 2641 4334 alias
2675 4276 2861 4335 dicere
2890 4275 3042 4334 soleo
3070 4294 3084 4332 ε
3120 4295 3140 4329 ι
3173 4276 3373 4333 Averte
3401 4275 3601 4332 faciem

345 4366 453 4437 psi,
497 4369 661 4423 toties
708 4376 760 4424 te
785 4371 998 4441 negavi.
1024 4370 1208 4428 Tertio
1228 4374 1571 4443 praesumpsi,
1595 4375 1754 4430 tertio
1781 4392 1923 4448 quo·
1951 4395 1996 4450 D
2023 4383 2173 4431 tuam
2197 4388 2227 4427 a
2253 4371 2490 4444 peccatis
2510 4370 2671 4439 meis,
2707 4389 2727 4424 1
2749 4371 2898 4442 quod
2923 4379 3008 4427 est
3024 4385 3196 4426 unum
3219 4369 3424 4425 bonum
3452 4386 3512 4424 :c
3546 4377 3604 4425 01

346 4473 454 4528 que
488 4459 630 4515 mori
658 4460 854 4517 timens
877 4470 931 4519 te
958 4464 1128 4520 vitam
1149 4466 1362 4536 negavi.
1393 4465 1464 4522 Et
1477 4482 1662 4524 revera
1688 4468 1810 4536 suit,
1836 4472 1919 4527 vel

345 4551 393 4605 si
419 4565 525 4605 non
553 4550 672 4619 suit,
696 4565 817 4608 esse
841 4553 1017 4624 potuit
1048 4554 1138 4611 hic
1166 4556 1329 4613 timor
1364 4556 1421 4612 in
1450 4559 1612 4615 corde
1632 4557 1777 4616 Petri
1803 4577 1922 4633 poe-

346 4641 570 4698 nitentis
597 4643 665 4699 de
692 4644 891 4702 delicto
914 4646 1239 4718 juventutis,
1287 4650 1342 4704 in
1373 4667 1482 4722 qua
1514 4667 1574 4707 se
1595 4652 1788 4723 junior
1821 4671 1921 4713 30-

347 4733 612 4802 cinxerat,
646 4738 792 4807 quod
821 4737 1109 4809 Dominus,
1142 4743 1235 4814 qui
1273 4743 1483 4814 pridem
1514 4745 1591 4801 illi
1626 4747 1919 4817 dubitanti,

345 4826 478 4883 etin
500 4828 636 4883 mari
665 4831 993 4901 periclitanti
1017 4834 1262 4891 dixerat:
1297 4836 1553 4894 ‹Modicae
1578 4838 1726 4909 fidei,
1750 4856 1923 4911 quare

345 4914 607 4974 dubitasti
625 4920 648 4975 ⁴?
666 4940 686 4974 1
710 4920 927 4993 (Matth.
948 4941 1059 4994 xtv,
1081 4925 1368 4998 3¹.)Nunc
1395 4928 1450 4984 in
1478 4929 1567 4985 illa
1593 4931 1918 5001 piscatione,

343 5024 455 5084 qua
486 5011 721 5072 Domino
750 5026 1043 5089 apparente
1071 5021 1319 5077 ascendit
1362 5020 1554 5101 Simon
1600 5021 1813 5089 Petrus,
1864 5032 1924 5081 et

350 5104 519 5162 traxit
544 5117 659 5186 rete
692 5109 746 5164 in
789 5123 992 5168 terram
1036 5115 1259 5184 plenum
1291 5116 1503 5186 magnis
1534 5117 1800 5188 piscibus,
1836 5119 1923 5175 di-

349 5207 494 5256 ceret
515 5199 593 5255 illi
621 5200 888 5261 Dominus
914 5223 929 5260 ι
954 5203 1350 5275 11001031·ῆάοἰ,
1376 5224 1548 5280 quare
1568 5225 1656 5265 me
1680 5211 1924 5283 negasti?

347 5288 641 5363 Propterea
679 5293 784 5366 ipsi
811 5294 973 5353 Petro
1014 5296 1299 5367 poenitenti
1337 5306 1393 5356 et
1429 5300 1781 5371 opprobrium
1812 5316 1922 5356 ne-

353 5383 590 5454 gationis
617 5386 828 5444 timenti
880 5405 1067 5447 coram
1111 5399 1317 5463 septem
1349 5391 1740 5462 condiscipulis
1760 5433 1777 5461 ,
1828 5392 1924 5463 qui

353 5488 512 5534 crant
535 5478 671 5536 socii
703 5488 836 5538 tunc
861 5480 1019 5540 130131
1042 5482 1377 5555 piscationis,
1410 5483 1629 5555 quando
1656 5484 1711 5538 in
1736 5483 1927 5540 convi-

357 5569 449 5621 vio
469 5569 635 5639 piscis
658 5573 771 5628 assi
797 5582 851 5630 et
878 5590 1035 5646 panis
1078 5591 1242 5633 nemo
1264 5576 1723 5633 discumbentium
1757 5591 1927 5633 ausus

362 5657 467 5716 fuit
495 5659 833 5737 interrogare
863 5665 1059 5743 ipsum>
1074 5665 1283 5737 lesum,
1307 5669 1433 5741 quis
1455 5676 1625 5739 esset,
1648 5668 1883 5730 scientes
1910 5689 1922 5726 :

2021 4484 2090 4525 ne
2112 4467 2368 4539 projicias
2405 4482 2493 4522 me
2514 4481 2546 4521 a
2567 4464 2711 4522 facie
2738 4472 2830 4521 tua
2865 4463 3042 4539 (Psoi.
3069 4465 3230 4534 1.,11,
3265 4464 3377 4535 15),
3402 4482 3422 4516 n
3448 4462 3603 4534 quod

2020 4567 2106 4614 est
2131 4557 2361 4612 alterum
2386 4555 2613 4611 bonum.
2654 4552 2811 4611 Sicut
2835 4570 2966 4628 ergo
2997 4570 3129 4628 rogo
3160 4554 3236 4611 ibi
3286 4552 3478 4610 faciem
3504 4550 3604 4608 Dei

2021 4650 2193 4707 averti
2222 4665 2254 4705 a
2274 4649 2516 4721 peccatis
2539 4649 2698 4716 meis,
2726 4664 2836 4704 non
2859 4658 3042 4705 tamen
3072 4649 3244 4705 averti
3270 4664 3302 4704 a
3339 4661 3429 4704 1110
3454 4646 3602 4717 ipso,

2022 4742 2104 4799 sic
2159 4750 2217 4797 et
2272 4740 2436 4797 modo
2479 4756 2673 4812 precor
2702 4739 3034 4797 oblivionem
3085 4738 3204 4796 11011
3256 4740 3324 4796 de
3362 4739 3605 4810 peccatis

2022 4833 2182 4903 meis,
2217 4848 2326 4889 non
2356 4832 2425 4890 de
2458 4848 2547 4889 me
2595 4832 2715 4903 ipso
2744 4841 2965 4904 propter
2999 4832 3148 4904 quod
3199 4834 3326 4890 dico
3351 4850 3364 4888 :
3389 4831 3604 4888 Delicta

2014 4926 2308 4997 juventutis
2333 4941 2484 4993 meae,
2517 4936 2567 4979 et
2598 4925 2931 4997 ignorantias
2954 4943 3097 4983 meas
3123 4943 3187 4983 ne
3206 4927 3607 4996 meminerim&

2023 5021 2305 5093 adjungo:
2347 5020 2640 5075 ¹secundam
2679 5020 3103 5076 misericordiam
3157 5031 3307 5077 tuam
3341 5030 3602 5077 memento

1992 5189 1998 5195 ἢ
2022 5114 2125 5167 mei
2142 5124 2220 5180 tu,
2245 5120 2458 5184 propter
2478 5111 2765 5167 bonitatem
2797 5121 2966 5181 tuam,
2997 5112 3241 5169 Domine.

2094 5205 2272 5277 Atque
2296 5207 2359 5261 ut‘
2376 5204 2658 5271 noveritis,
2681 5205 2812 5275 quia
2840 5206 2908 5262 de
2930 5214 3163 5277 utroque
3185 5206 3291 5262 hoc
3323 5205 3470 5262 bono
3492 5204 3591 5262 de-

2025 5299 2285 5358 siderium
2307 5314 2606 5371 pauperum
2631 5298 2893 5355 exaudire
2912 5297 3178 5357 Dominus
3203 5297 3360 5368 solet,
3384 5308 3442 5356 et
3458 5312 3604 5369 pre·

2024 5393 2363 5464 parationem
2379 5391 2558 5448 cordis
2574 5406 2764 5447 eorum
2781 5391 2934 5448 audit
2953 5391 3106 5448 auris
3122 5391 3243 5463 ejus
3271 5391 3328 5448 in
3360 5391 3562 5447 talibus
3581 5410 3600 5447 ε

2028 5492 2213 5541 1101310
2245 5485 2523 5557 quomodo
2547 5485 3003 5558 praeparationem
3031 5501 3098 5541 30
3118 5486 3455 5543 desiderium
3479 5500 3606 5541 cor·

2028 5578 2115 5636 ciis
2150 5579 2255 5633 mei
2282 5578 2515 5647 audivit,
2539 5579 2636 5649 qui
2671 5594 2759 5635 me
2783 5578 2912 5635 talia
2938 5578 3271 5651 cogitantem
3300 5578 3602 5636 exaudivit.

2031 5665 2199 5728 Facto
2229 5669 2376 5729 enim
2403 5670 2654 5754 convivio
2678 5671 2917 5730 surrexit
2938 5671 3205 5730 Dominus
3227 5671 3296 5731 de
3318 5672 3442 5730 1000
3469 5686 3604 5728 con-
