3817 6000
193 165 260 222 1151
665 155 818 214 uenbottt
836 153 1033 214 pomposis}
1052 155 1325 214 nntcnssnsebnu.
1751 158 1826 214 itas

192 300 243 342 nes
256 293 309 339 tuae
320 287 469 352 appareant
480 278 507 333 in
523 293 576 344 me,
590 285 620 333 ut
630 277 735 349 possim
749 275 841 332 dicere
855 294 862 329 ι
878 273 979 329 Fidelis
994 286 1016 335 A
1030 275 1146 346 pinques
1171 290 1243 331 nune
1269 273 1335 329 lacit
1358 271 1519 330 maniiestas
1532 280 1560 328 et
1581 272 1735 344 proximas,
1757 288 1826 329 meo

193 392 289 441 sermo,
309 382 334 428 et
350 372 421 426 omni
435 370 584 440 acceptione
594 369 700 441 dipnoa,
715 367 784 439 quod
798 364 920 425 cbristus
933 365 980 421 ic·
1031 375 1163 437 tempore,
1181 366 1207 419 iu
1223 379 1283 419 mea
1299 377 1427 433 persona,
1448 371 1478 419 et
1492 363 1568 434 quod
1586 363 1677 434 maius
1695 362 1826 433 mihique

192 485 237 522 aas
256 466 326 521 uertit
344 464 371 518 in
387 464 455 516 bunc
468 460 599 515 mucidum
619 468 768 530 peccatores
781 458 868 513 saltos
882 457 979 528 sotere,
1031 458 1134 530 gratius
1147 465 1200 523 est,
1221 457 1249 510 in
1260 454 1379 511 Ecclesia
1392 471 1488 527 mopno
1505 455 1576 511 milii
1588 467 1825 527 contemporanea

192 575 303 630 quorum
313 556 415 627 primm
427 569 473 623 epo
488 568 557 607 sam.
572 550 624 607 Sed
636 549 845 607 misericordium
856 564 981 603 conrectt·
1030 548 1200 615 mandemus,
1211 560 1292 619 prout
1304 562 1355 619 ego
1366 547 1525 603 annuntiavi
1537 546 1673 617 justitiam
1684 548 1713 603 in
1726 546 1827 604 Eccle-

195 662 237 706 tna
250 667 309 705 sum
325 646 353 721 (1
369 646 437 701 iim.
450 661 470 709 ι,
483 646 539 716 ist.
553 644 599 700 Sic
612 659 646 699 ne
658 643 737 715 longe
751 651 878 714 petantur
888 657 981 697 ciem·
1031 643 1071 697 sia
1085 656 1193 711 magna,
1210 655 1265 695 non
1284 638 1457 697 abscmtdens
1475 640 1692 697 misericordiam
1707 642 1792 696 istam
1808 655 1827 695 a

194 752 237 819 pla
252 749 286 804 de
298 755 344 801 tua
360 741 558 806 misericordia,
574 755 652 812 rogo,
666 755 697 793 ne
714 738 790 808 lotape
804 737 890 807 secius
902 737 981 790 miae·
1031 734 1147 791 concilio
1164 733 1260 789 multo.
1285 729 1363 787 Unde
1377 732 1425 803 qui
1449 731 1527 803 prius
1554 732 1630 787 orari
1647 731 1744 788 dicens
1770 731 1826 789 tabe

195 841 309 895 retiouee
324 845 384 891 tuas
400 852 417 889 a
432 853 482 901 me,
494 842 524 888 ut
538 833 571 889 de
584 829 808 889 miserationibus
817 829 873 884 tuis
886 843 980 884 exem·
1032 826 1147 882 Domino
1171 824 1226 880 beo
1251 838 1334 879 meo:
1360 821 1402 878 lle
1427 823 1502 895 lonae
1525 823 1610 894 [ocios
1635 824 1827 881 miseratione

83 946 89 961 ·
194 920 979 1002 plumcapiantirtme‚quiandiuntmeloqueutemdete.
1032 927 1092 974 tour
1114 933 1132 970 o
1154 931 1205 981 me,
1228 915 1257 971 iu
1282 913 1380 970 mediis
1400 914 1548 985 precibus,
1567 922 1615 970 aut
1634 915 1661 969 iu
1681 930 1741 986 spe,
1771 923 1828 973 ant

230 1022 346 1090 Quando
360 1021 433 1078 euim
449 1035 500 1090 ego
523 1027 549 1073 te
572 1015 689 1086 predico
714 1012 918 1068 misericordem
936 1011 981 1067 di·
1032 1010 1059 1065 in
1075 1007 1445 1066 reclcmenteretevidenter
1465 1007 1610 1063 exauditus
1631 1018 1708 1063 muto
1724 1022 1825 1064 rocem

195 1131 271 1181 cens,
299 1113 373 1185 quod
396 1121 425 1168 tu
448 1124 479 1167 es
499 1108 605 1180 patiens
628 1116 656 1162 et
677 1104 793 1160 multum
813 1103 981 1169 misericors,
1032 1101 1164 1157 orationis
1177 1100 1205 1155 in
1217 1113 1313 1156 rocem
1327 1098 1478 1170 mederum
1491 1098 1607 1155 aetionis
1621 1099 1740 1156 diceusz

195 1214 223 1262 ct
241 1203 405 1276 prestabilis
426 1216 507 1272 super
520 1199 635 1267 malitia,
648 1211 711 1253 cunt
729 1204 840 1252 econtra
857 1195 982 1251 videatur
1068 1188 1252 1248 Misericordia
1262 1202 1287 1247 et
1299 1193 1396 1248 ueritas
1414 1200 1461 1245 teu
1475 1207 1575 1262 semper
1586 1201 1756 1262 summanus
1769 1208 1826 1247 ne.

195 1295 365 1360 bominibus,
380 1292 492 1364 quodtu
505 1288 579 1345 velut
592 1285 790 1343 immisericors
798 1289 887 1356 perire
902 1284 980 1340 siuas
1033 1284 1141 1342 Gratias
1157 1285 1206 1340 tibi
1228 1300 1291 1357 agn,
1311 1282 1439 1351 bomine,
1462 1283 1527 1353 quia
1538 1282 1733 1340 misericordiae
1753 1294 1827 1350 tuae.

196 1385 410 1444 innumerabiles
421 1383 547 1439 homines
568 1381 596 1435 in
613 1378 789 1445 scamellis,
809 1391 859 1448 pro
882 1377 983 1447 quibus
1033 1395 1094 1451 quae
1102 1380 1179 1450 prius
1191 1378 1355 1435 ridebantur
1376 1376 1544 1448 longinque,
1564 1392 1638 1433 nunc
1651 1392 1716 1433 ecoe
1742 1377 1827 1434 inre-

195 1479 387 1537 convertendis
398 1484 459 1532 orat
472 1474 593 1530 Ecclesia
605 1492 613 1527 ι
624 1487 674 1543 ego
685 1471 720 1527 de
731 1470 821 1526 vicino
834 1468 927 1526 vellem
936 1466 984 1523 de-
1033 1472 1147 1527 nitimur
1163 1470 1231 1526 mibi
1246 1470 1413 1543 propinquae.
1429 1467 1607 1541 Recognosco
1621 1469 1705 1536 enim,
1714 1476 1743 1526 et
1759 1485 1829 1526 seu·

196 1579 414 1627 monstraretis
429 1566 613 1624 miserationis
623 1563 758 1620 evidentia
767 1560 932 1626 testimonia,
948 1574 983 1614 ne
1034 1564 1082 1631 tio,
1095 1563 1168 1635 quod
1182 1561 1365 1617 misericordia
1378 1573 1426 1618 tate
1447 1569 1472 1617 et
1487 1562 1583 1617 aeriter
1600 1570 1646 1617 toa
1660 1578 1763 1632 semper
1776 1579 1828 1618 ει·

195 1662 376 1721 dicaturmihi
389 1659 524 1732 quotidie:
538 1657 901 1724 Ubiestlleustuus,t1nem
915 1667 986 1723 prae-
999 1627 1021 1681 B
1035 1663 1169 1727 sceperont
1192 1671 1242 1710 me.
1264 1653 1465 1711 Misericordiae
1481 1662 1544 1710 tuas
1559 1653 1636 1725 prius
1650 1655 1679 1709 in
1694 1654 1760 1710 aliis
1781 1664 1827 1709 at-

195 1758 272 1814 dicas
298 1752 528 1810 misericordem?
554 1749 618 1805 ilaec
645 1747 800 1807 dicentibus
821 1759 872 1818 ego
901 1758 982 1799 mon·
1036 1748 1120 1814 tendi,
1132 1756 1160 1802 et
1173 1747 1344 1803 considerari
1367 1761 1450 1818 opera
1463 1756 1509 1803 tua
1529 1747 1677 1817 etexpari,
1691 1761 1729 1802 ne
1753 1745 1830 1803 torte

195 1860 283 1908 strare
294 1849 369 1905 soleo
380 1847 426 1902 illa
438 1844 641 1915 Scripturarum
651 1838 855 1913 gazophylacia,
863 1836 910 1893 ubi
920 1847 985 1893 sunt
1036 1856 1204 1897 remanerem
1219 1855 1317 1911 expers
1337 1840 1546 1897 miserationum
1567 1853 1687 1908 tuarum,
1701 1856 1774 1911 quas
1798 1842 1828 1895 iu

195 1939 391 1998 misericordiae
404 1947 457 1993 tuae
471 1935 590 2005 antiquae
605 1932 771 2004 repositaeae
781 1931 904 2002 signatae.
917 1927 986 1985 Ver·
1035 1933 1096 1989 aliis
1112 1932 1237 2005 cognovi.
1250 1931 1304 1988 Sed
1317 1947 1391 1989 nunc
1405 1941 1452 1988 tua
1469 1933 1557 2004 gratia
1571 1924 1828 2002 revelante'cogno·

195 2033 222 2088 bi
240 2031 337 2101 gratia,
354 2029 394 2084 sic
413 2028 522 2084 dicens:
539 2018 707 2095 &coaptamini
718 2022 842 2089 domino,
860 2021 985 2093 quoniam
1036 2041 1093 2093 scu,
1107 2026 1180 2096 quud
1191 2024 1373 2081 misericordia
1391 2034 1471 2081 suaet
1484 2026 1581 2080 uuita,
1596 2033 1828 2095 suammet

196 2128 290 2190 bonos,
301 2122 428 2193 neonium
439 2120 467 2173 in
485 2129 614 2174 eternam
636 2115 820 2171 misericordia
841 2114 908 2185 ejus.
931 2111 985 2179 Qui
1035 2135 1076 2173 me
1090 2133 1197 2189 semper
1211 2118 1239 2173 in
1252 2128 1353 2174 aeterna
1365 2116 1615 2188 praedestinatione,
1627 2124 1658 2172 ut
1681 2132 1758 2174 nunc
1777 2134 1828 2190 ap·

196 2216 261 2287 fucit
273 2213 409 2269 mirabilia
419 2227 516 2283 mepne
528 2210 610 2265 solus.
627 2207 681 2275 Qui
698 2208 760 2279 fecit
771 2206 917 2262 luminario
927 2221 986 2259 mo·
1036 2218 1113 2281 paret
1126 2209 1154 2263 in
1168 2217 1299 2279 tempore.

197 2324 249 2379 pito
263 2324 272 2362 :
286 2304 367 2360 solem
388 2305 417 2358 iu
432 2311 587 2373 potestatem
601 2301 654 2356 diei
673 2315 682 2354 :
701 2300 791 2354 lenam
811 2307 837 2353 et
851 2296 942 2353 stelles
958 2297 984 2350 in
1070 2300 1165 2356 Aliter.
1182 2297 1223 2355 Tu
1236 2310 1339 2367 autem,
1361 2297 1538 2367 [lominus-'to
1552 2309 1582 2355 nt
1592 2313 1647 2355 non
1659 2298 1827 2356 camarens-

195 2408 348 2470 poteatotem
365 2396 459 2451 noctis.
476 2395 529 2461 diti
540 2393 670 2466 perclusit
684 2391 832 2463 AEppptttnt
846 2405 906 2444 com
928 2389 986 2458 pri·
1036 2393 1166 2464 ctuquud
1178 2390 1252 2448 dixi:
1278 2389 1407 2461 Neionpc
1425 2390 1511 2460 sumai
1531 2390 1715 2447 miserationes
1731 2399 1827 2449 tum

197 2492 335 2563 irruperit-is
349 2505 452 2545 eorem.
467 2486 622 2554 outcome
642 2484 728 2541 lsrael
745 2483 878 2539 demedio
894 2496 985 2538 eorem
1036 2503 1080 2543 me
1090 2485 1201 2551 misero,
1211 2490 1239 2540 et
1252 2483 1475 2539 miserationibus
1487 2481 1637 2554 indigente.
1648 2480 1828 2553 Perboeope·

196 2583 286 2653 (Pml.
301 2596 400 2648 cxxxv,
422 2580 435 2635 1
451 2586 480 2637 et
491 2581 581 2651 seqq.)
606 2579 745 2649 eticaetera
766 2574 830 2632 lecit
850 2574 986 2631 mumilia
1036 2594 1066 2635 ra
1076 2574 1270 2633 misericordiae
1284 2583 1338 2631 tuae
1349 2574 1533 2646 sempermibi
1547 2584 1705 2646 praeparata
1716 2575 1753 2630 ab
1767 2573 1827 2632 ori·

197 2675 294 2740 inulta,
308 2680 335 2727 et
352 2671 475 2742 antiqua,
489 2669 630 2741 inquibus
645 2665 841 2731 manifestarit,
865 2664 939 2737 quod
957 2665 986 2718 t'rt
1036 2668 1098 2740 gine
1112 2667 1218 2734 muudi,
1237 2676 1267 2722 ut
1290 2665 1399 2722 audiam
1414 2665 1442 2719 iu
1464 2664 1630 2721 buamundi
1652 2667 1728 2736 quud
1745 2664 1826 2720 audi-

196 2777 322 2821 oeternam
346 2760 528 2818 misericordie
559 2760 628 2831 ejus.
656 2756 819 2830 Huiusmodi
841 2770 906 2814 vero
930 2764 986 2814 tuae
1037 2761 1168 2816 turisunt
1184 2757 1331 2825 benedicti,
1355 2758 1455 2828 quibus
1468 2757 1560 2813 dices:
1582 2756 1683 2823 Venite,
1695 2758 1826 2813 tamen

196 2859 269 2915 Deus
284 2856 469 2912 miserationis
482 2856 606 2927 exempla
628 2854 708 2926 quasi
725 2870 740 2909 a
760 2854 839 2926 longe
859 2853 985 2910 ridentur
1036 2848 1127 2906 Petris
1141 2850 1466 2920 incipercipitercpnom,
1478 2847 1630 2919 quadrellis
1644 2858 1768 2919 peratum
1783 2862 1825 2904 est

195 2950 397 3017 mutna1a‚nisi
413 2949 447 3006 ad
470 2963 591 3021 presens
604 2948 788 3005 demonstrari
811 2947 920 3004 valeant
942 2945 1020 3033 relc
1037 2942 1069 2996 ab
1080 2942 1182 3014 oripine
1193 2940 1284 2995 mnndi
1303 2939 1413 3014 (listris.
1425 2956 1490 3010 ur,
1505 2940 1561 3012 51).
1576 2938 1683 3012 Semper
1693 2941 1780 3010 euim,
1790 2942 1827 2996 ab

194 3044 250 3101 illis
262 3043 428 3108 consimilia,
453 3042 495 3096 rel
514 3041 566 3098 illis
583 3041 698 3112 majora.
718 3039 759 3095 Tu
773 3054 839 3112 ergo
862 3056 894 3095 ae
910 3040 986 3111 torpe
1037 3039 1141 3110 origine
1158 3037 1264 3104 mundi,
1279 3052 1294 3092 a
1308 3036 1398 3108 primo
1412 3037 1488 3107 justo
1507 3047 1688 3109 susceperunt
1709 3055 1755 3094 me
1773 3040 1827 3095 du-

194 3136 280 3207 socios
293 3133 475 3188 miserationes
484 3143 634 3199 ructante,
643 3141 673 3187 ut
682 3132 716 3189 de
727 3133 816 3188 vicino
828 3134 855 3187 in
867 3132 985 3189 evidenti
1038 3130 1154 3187 cendum
1170 3130 1244 3185 adte
1266 3129 1525 3200 misericordiaque
1542 3129 1640 3194 bonus,
1671 3138 1700 3186 et
1728 3132 1827 3187 aeriter

195 3228 300 3300 possim
314 3228 502 3283 demonstrare
515 3240 601 3281 novas
617 3223 809 3280 miserationes
827 3232 899 3292 tuas,
915 3240 985 3296 quas
1039 3231 1096 3289 tua,
1115 3237 1169 3293 qua
1190 3221 1283 3293 iustus
1306 3237 1347 3277 es.
1372 3219 1561 3278 Consideratis
1580 3222 1654 3277 enim
1681 3226 1829 3281 rcumclis

195 3321 429 3392 pessumierunt
451 3318 650 3375 misericordiae
674 3327 728 3373 tue
750 3318 879 3387 antiquae.
902 3315 985 3373 Verbi
1037 3312 1207 3369 mirabilibus
1218 3313 1274 3369 tuis
1287 3313 1397 3369 attendo
1416 3321 1442 3369 te
1455 3314 1595 3370 botiumet
1608 3316 1828 3389 amo,ridmju·

195 3410 304 3483 pratia:
334 3407 622 3479 Quifirmmtiterrom
641 3425 825 3479 superadum,
842 3409 920 3464 firma
934 3407 987 3464 Ec·
1037 3417 1110 3464 stum
1124 3414 1152 3462 et
1167 3406 1261 3472 timeo,
1275 3405 1551 3476 atquesicamor.et
1568 3407 1650 3464 timor
1668 3410 1829 3479 producunt

195 3503 308 3562 clesiam
321 3514 394 3560 tuam
409 3518 492 3573 super
507 3501 675 3573 Scripturas.
701 3499 754 3568 Qui
773 3501 859 3572 [eristi
871 3500 987 3555 lamino-
1037 3514 1090 3553 me.
1112 3496 1233 3553 Securm
1247 3498 1321 3553 enim
1344 3497 1378 3553 de
1395 3498 1556 3556 remissione
1570 3510 1728 3566 consutor,
1743 3518 1829 3559 seeu-

195 3596 239 3654 rio
253 3613 360 3668 macno,
379 3595 461 3653 solem
472 3606 497 3650 et
509 3594 612 3662 lunam,
628 3593 672 3650 lac
686 3593 715 3649 in
729 3593 825 3650 diebus
838 3595 941 3650 nostris
956 3601 987 3649 ut
1040 3604 1087 3646 rus
1101 3588 1135 3644 de
1149 3587 1264 3644 veritate
1281 3588 1434 3660 pollicentis
1446 3589 1557 3660 praemia
1571 3594 1758 3661 perseveranti
1776 3610 1827 3650 us·

195 3686 332 3744 luminare
347 3700 476 3757 magnum
488 3684 639 3741 clarescere
652 3685 836 3740 sacerdotium
860 3686 887 3739 in
910 3695 986 3755 pote·
1036 3695 1090 3752 une
1107 3681 1135 3736 in
1149 3680 1243 3747 linem,
1260 3681 1396 3737 contendo
1409 3696 1583 3752 perseverare
1594 3685 1718 3754 usquein
1730 3685 1826 3743 tinem.

195 3787 293 3836 itatem
306 3778 369 3846 diei,
384 3777 515 3849 spiritalis
530 3776 899 3833 videlicetsanctimoniaeac
912 3778 986 3850 repi-
1036 3772 1177 3829 Contendo
1203 3772 1312 3844 quidem
1348 3787 1399 3843 pro
1418 3773 1524 3829 viribus
1545 3774 1614 3829 mibi
1641 3790 1656 3829 a
1680 3785 1717 3843 te,
1740 3774 1827 3844 Deus

196 3870 290 3933 cuiuis,
307 3878 334 3926 et
348 3868 391 3926 lac
401 3883 516 3941 reguum
530 3869 611 3941 quasi
629 3870 750 3926 lucidum
764 3869 944 3941 plenilunium
958 3871 986 3925 in
1037 3866 1194 3923 concessis:
1213 3873 1333 3922 attamen
1356 3865 1497 3937 scioquod
1510 3875 1583 3923 stare
1593 3882 1648 3923 non
1669 3868 1759 3936 saleo,
1770 3869 1827 3925 nisi

195 3969 351 4034 potestatem
376 3963 472 4031 noctis,
495 3962 653 4034 temporalis
678 3961 804 4020 videlicet
826 3963 930 4020 militiae
953 3979 986 4020 ac
1037 3958 1232 4031 tuoadjutorlo
1251 3958 1350 4015 liberer
1371 3975 1404 4016 ac
1421 3960 1562 4016 muniara
1586 3962 1666 4018 malis
1683 3979 1727 4019 nte
1740 3964 1826 4020 undi-

196 4052 347 4126 regiminis.
364 4052 417 4119 Qut
429 4053 584 4124 percussisti
598 4052 745 4125 AEppptom
755 4070 815 4109 mm
825 4055 985 4126 primopeni-
1036 4067 1090 4123 que
1100 4051 1343 4108 circumdantibus.

197 4144 233 4199 tir
247 4159 349 4212 eorem,
363 4152 475 4215 percute
491 4143 628 4200 internum
646 4159 710 4200 cum
721 4145 780 4201 suis
798 4145 985 4217 primogenitis
1075 4142 1154 4199 Vens.
1175 4142 1220 4199 lb.
1233 4142 1365 4210 Quoniam
1373 4144 1599 4203 circumdederant
1612 4165 1652 4202 nie
1664 4148 1747 4215 malm
1757 4165 1827 4218 pao·

197 4236 378 4292 daemonibus.
393 4233 510 4291 Percote
524 4236 598 4291 bunc
621 4235 754 4291 mundum
774 4251 837 4293 cum
855 4239 913 4295 suis
930 4240 986 4309 pri·
1037 4252 1095 4290 rom
1111 4252 1164 4291 tion
1189 4245 1227 4291 est
1241 4252 1375 4291 numeras.
1397 4234 1466 4293 Cum
1488 4239 1825 4307 munitissimum

197 4330 354 4400 mogenitis,
370 4328 450 4384 malis
469 4327 658 4398 principibus:
675 4336 703 4383 et
719 4328 788 4384 educ
799 4326 883 4384 lsrael
899 4344 986 4400 popu·
1001 4324 1023 4380 1)
1037 4329 1064 4384 in
1085 4328 1205 4401 maligno
1220 4329 1335 4400 positus,
1357 4329 1531 4400 repleverunt
1550 4348 1593 4388 nte
1621 4333 1692 4389 mdc
1709 4351 1825 4404 quanm

195 4418 254 4472 lum
270 4429 346 4474 tuum
360 4417 498 4473 demedio
513 4425 608 4473 eorum
620 4418 647 4472 in
662 4433 746 4473 manu
764 4421 867 4491 potenti
883 4429 910 4477 et
921 4421 985 4477 bra·
1036 4432 1155 4477 necerat
1166 4438 1300 4477 numeros.
1316 4420 1395 4479 Nune
1409 4430 1500 4480 autem
1515 4425 1579 4495 quia
1591 4426 1716 4498 princeps
1725 4427 1823 4482 muudi

197 4510 260 4566 ebio
274 4510 392 4577 excelso,
422 4517 521 4565 utnon
544 4521 599 4566 tam
610 4523 660 4580 pro
677 4511 908 4583 antiquissimu
933 4528 985 4584 pro
1035 4515 1117 4586 buius
1128 4512 1204 4571 toras
1214 4513 1318 4583 ejectus
1334 4529 1388 4569 uon
1402 4514 1484 4572 habet
1498 4515 1590 4573 locum
1613 4517 1640 4571 in
1654 4533 1715 4574 meo
1737 4518 1824 4575 corde

198 4603 287 4664 noris,
313 4600 495 4672 presentibus
518 4609 546 4657 et
569 4601 740 4659 evidentibus
761 4603 985 4661 miserationibus
1034 4614 1144 4677 propter
1160 4620 1265 4675 pacem,
1282 4621 1343 4676 quae
1357 4606 1420 4661 datu
1441 4615 1484 4663 est
1500 4607 1657 4664 bominibus
1675 4609 1756 4664 bonae
1770 4624 1823 4664 ro·

197 4700 331 4746 contemtu
355 4690 479 4758 Decimo,
504 4690 618 4761 piorloae
636 4693 706 4747 enim
725 4694 911 4764 mopnipcotm
932 4706 983 4757 est.
1034 4698 1157 4766 luntatis,
1171 4714 1290 4768 quorum
1300 4713 1372 4754 unus
1386 4713 1436 4769 ego
1449 4713 1510 4756 esse
1524 4700 1615 4771 cupio,
1630 4699 1697 4757 loris
1708 4717 1753 4758 me
1766 4702 1823 4757 im-

196 4795 292 4855 equum
314 4782 386 4838 enim
402 4792 426 4837 et
441 4799 604 4837 ascensorem
617 4782 728 4853 projecit
742 4784 770 4838 in
793 4801 865 4840 more
883 4784 982 4856 (deod.
1033 4804 1146 4866 pugnat,
1158 4791 1399 4864 turisindustatper
1411 4808 1468 4849 suu
1478 4794 1607 4864 nequitias
1616 4794 1824 4859 sautum&

196 4888 244 4942 ¹Vi
264 4873 276 4929 Ι
293 4881 321 4930 θῑ
334 4872 391 4945 ²¹).
405 4874 561 4945 utquisque
582 4883 707 4931 ¹¹0⁸⁸f¹¹¹¹¹
727 4877 932 4945 lmesslitlilt'r
951 4877 985 4931 li·
1035 4899 1130 4943 ntones
1142 4895 1169 4942 et
1179 4901 1278 4957 pratos
1291 4885 1425 4941 homines.
1434 4882 1512 4942 Unde
1524 4902 1598 4943 nune
1608 4886 1823 4943 dicozdireettt·

197 4965 309 5022 bemus
322 4980 338 5021 11
350 4964 529 5031 damonibus,
541 4974 568 5020 el
580 4965 660 5021 malis
670 4966 838 5035 hominibus,
847 4969 889 5023 Vel
901 4968 982 5023 11113111
1034 4977 1161 5033 dederunt
1174 4994 1215 5033 me
1230 4977 1312 5045 mpla,
1328 4993 1438 5048 quorum
1450 4994 1501 5033 ηοη
1513 4989 1552 5034 m
1566 4995 1700 5035 numm,

196 5060 309 5124 avitiis,
325 5059 485 5116 etmoribus
498 5056 665 5131 AEpyptiaeis
678 5060 751 5116 dicat
763 5075 814 5133 pro
826 5061 983 5118 misericor·
1068 5069 1172 5127 Attus:
1198 5069 1431 5125 circumdederunt
1450 5087 1491 5126 me
1512 5071 1602 5139 mata,
1628 5087 1741 5144 qum
1764 5088 1823 5128 „011

196 5152 241 5207 dia
255 5153 308 5208 sibi
321 5152 425 5209 ticina:
441 5148 584 5205 Fortitudo
606 5168 674 5218 mee,
689 5161 714 5206 et
734 5150 795 5207 luite
815 5169 873 5207 meo
888 5152 984 5208 Domi·
1033 5172 1075 5219 esi
1091 5177 1232 5227 numerus,
1247 5171 1356 5235 peccaui
1372 5163 1485 5231 scilieet,
1505 5179 1537 5221 30
1551 5180 1695 5235 poenafum
1710 5164 1823 5223 dipem

197 5244 440 5314 nur‚et1'octusest
453 5242 519 5297 miti·
541 5242 569 5295 itt
589 5240 712 5298 aetatem.
737 5240 792 5298 iste
805 5243 875 5298 bem
897 5260 982 5311 meos,
1035 5268 1144 5326 genera,
1161 5270 1278 5325 quorum
1293 5269 1346 5311 ῃοῃ
1368 5264 1410 5311 052
1428 5272 1560 5314 numerus
1583 5259 1655 5329 apud
1678 5258 1821 5325 homines,

196 5341 222 5387 et
232 5333 386 5405 ploripcubo
400 5350 459 5389 eum
473 5332 561 5405 (Psoi
586 5349 659 5401 cxlvi
674 5333 729 5405 ¹4)-
748 5333 788 5391 Νθ
810 5334 892 5407 idilui
913 5336 984 5392 ⁰¹¹⁰·
1034 5347 1085 5403 etsi
1100 5355 1143 5403 est
1154 5345 1225 5417 apud
1239 5345 1336 5416 mum,
1350 5348 1397 5419 qui
1413 5350 1506 5405 omnia
1517 5350 1544 5406 iu
1563 5366 1704 5418 mensura,
1716 5360 1746 5406 et
1764 5367 1822 5406 nu-

197 5427 256 5481 rius
277 5426 375 5482 dicatis
387 5425 465 5494 mibi,
480 5424 526 5481 ubi
540 5435 582 5482 est
597 5425 669 5483 Deus
680 5434 754 5496 tuus,
766 5442 830 5484 ecce
841 5427 915 5484 dieo:
927 5425 983 5484 late
1036 5452 1121 5504 muru,
1137 5452 1170 5493 ac
1189 5436 1309 5509 pondere
1329 5438 1471 5511 dispensat
1484 5458 1538 5498 nun
1559 5443 1648 5500 solum
1662 5443 1746 5509 bona,
1771 5443 1823 5500 sed

197 5517 269 5572 Deus
288 5533 371 5586 meos,
396 5528 422 5574 et
437 5519 589 5591 pleriiccbo
610 5536 679 5589 eom,
697 5522 745 5593 qui
763 5521 831 5577 mibi
856 5523 983 5595 antiquas
1034 5528 1116 5582 etiam
1140 5528 1221 5597 mala,
1236 5544 1298 5600 quae
1319 5529 1388 5586 bene
1403 5530 1492 5589 bouus
1511 5535 1624 5606 irrogat,
1639 5534 1752 5606 quando
1771 5550 1825 5604 per

198 5610 400 5669 misericordias
419 5611 484 5669 lacit
507 5628 602 5682 novas,
627 5624 653 5671 et
666 5616 742 5686 prius
754 5617 982 5673 occultasetlon-
1034 5620 1099 5675 talia
1120 5620 1235 5692 castigat
1253 5621 1433 5692 emendando,
1450 5624 1492 5680 tel
1515 5626 1595 5696 punit
1609 5627 1826 5686 condemnando
