3817 6000
123 174 176 231 ott
462 173 740 231 condensantur!
759 173 793 228 m
812 171 982 229 Panthus.
1001 200 1037 212 -·
1053 168 1144 226 PARS
1158 169 1179 226 l.
1191 200 1227 211 ·-
1240 169 1338 227 PSAL.
1360 170 1412 228 lt,
1689 169 1743 231 ὅθι

124 296 282 345 auctorest
305 289 420 361 justitia
440 303 518 355 meae,
536 302 586 359 pro
612 303 666 360 qua
696 287 835 343 exaudivit
857 303 906 341 me.
921 294 947 354 Α
962 291 1032 350 rant,
1047 292 1074 339 et
1088 292 1211 339 emerant
1230 285 1293 341 data
1303 284 1437 341 militibus
1450 286 1564 355 pecunia
1580 289 1701 360 copiosa,
1713 302 1744 351 ιιι

123 379 186 436 Nisi
198 380 272 436 enirn
286 381 475 446 credidissem,
488 379 542 435 nisi
555 377 691 434 credendo
703 378 839 448 iustitiam
854 393 910 432 non
961 373 1101 429 dicerent:
1117 394 1126 428 ι
1138 373 1208 441 Quia
1233 374 1360 446 discipuli
1384 377 1444 447 ejus
1466 387 1598 432 venerunt
1612 392 1702 448 nocte,
1717 394 1744 441 et

124 487 253 541 operum,
269 470 318 526 sed
341 469 403 525 lidei
424 471 584 537 tenuissem,
611 487 666 527 non
690 471 849 526 exaudisset
870 486 910 524 mc
961 452 1742 546 iuratisunteumnobisdormieutibus?»matthanna

125 563 199 618 licus
211 563 328 633 justitie
351 580 425 628 nuce,
442 578 493 618 nee
517 574 590 620 essct
603 563 710 634 iustitia
724 578 786 618 roca
804 561 911 633 justitia
962 565 995 619 ιι
1009 574 1036 620 et
1052 562 1107 635 ιδ).
1125 563 1293 618 Mendacium
1314 565 1337 619 si
1356 565 1438 632 ultro,
1451 575 1478 620 ιι
1490 566 1574 637 gratis
1589 567 1743 636 offerretur,

124 655 254 724 dicenda,
275 670 337 726 quae
360 655 497 726 promisso
514 656 640 713 veritatis
659 664 732 713 esset
758 654 909 711 incredula.
961 653 1084 725 dignum,
1099 661 1127 708 et
1141 652 1244 724 justum
1260 662 1342 721 esset,
1361 661 1392 709 ut
1408 666 1595 725 respueretur,
1609 674 1659 714 nec
1673 662 1745 717 reei-

125 746 309 802 Nuncautem
328 747 482 802 credentem
500 749 634 803 exaudivit
655 763 695 803 me
715 747 785 802 lleua
796 747 911 817 justitie
961 752 1081 816 peretur.
1101 743 1180 801 Nune
1200 755 1289 802 autem
1304 747 1419 816 pecunia
1437 748 1500 803 data
1524 750 1657 808 militibus
1669 768 1746 824 qure-

126 856 202 907 meoe,
216 854 298 910 quem
310 839 375 909 quia
389 839 447 909 jam
464 850 625 911 presentem
650 840 722 899 intra
742 856 787 896 me
812 841 909 908 habeo,
962 837 1037 895 sistis
1060 838 1226 892 mendacium
1244 838 1379 909 diligendo
1395 840 1553 909 vanitatem,
1579 851 1607 898 et
1630 844 1747 901 odiendo

125 932 161 989 ad
180 933 272 1004 ipsum
281 932 365 987 rerba
378 941 550 998 convertens,
563 941 645 1003 atque
660 932 699 987 illi
710 933 813 1003 gratias
828 948 911 1004 agens
961 931 1111 986 ventatem.
1139 929 1277 996 Dilexistis
1300 932 1401 998 locum,
1424 940 1452 987 et
1473 943 1590 1004 gentem,
1613 936 1746 999 dilexistis

123 1026 190 1083 (1500
209 1043 218 1082 ς
962 1031 1096 1078 terrenam
1111 1025 1329 1094 prosperitatem,
1344 1025 1485 1094 caducam,
1500 1037 1527 1082 et
1540 1045 1638 1085 ranam
1660 1032 1747 1089 leliei·

162 1114 199 1170 1ιι
213 1114 384 1171 tribulatione
399 1115 522 1170 dilatasti
535 1115 609 1170 milri.
626 1114 721 1173 Nonne
737 1116 775 1172 ita
798 1115 912 1187 contigit
962 1127 1055 1187 tatem,
1067 1128 1095 1175 et
1107 1136 1142 1176 ιιι
1156 1120 1227 1176 hane
1239 1120 1410 1185 amitteretis,
1424 1121 1562 1191 quaesistis
1578 1124 1746 1193 ureudacium

125 1207 193 1274 illis,
209 1207 236 1261 in
248 1223 318 1278 quos
332 1207 407 1263 venit
426 1206 545 1278 Spiritus
564 1217 687 1271 sanctus,
701 1215 731 1261 ut
754 1216 836 1265 sonat
858 1206 911 1261 ista
961 1211 1165 1282 etmerrdacinm
1186 1212 1317 1282 posuistis
1336 1227 1410 1282 spem
1425 1222 1554 1279 vestram,
1570 1222 1652 1286 atique
1669 1231 1747 1271 men-

124 1314 180 1353 rox
196 1298 316 1369 Spiritus
342 1299 494 1369 prophetici
514 1317 522 1354 ε
539 1297 573 1354 ιιι
599 1299 771 1354 tribulatione
789 1298 911 1352 dilatasti
961 1302 1040 1358 dacio
1052 1303 1166 1373 protecti
1182 1304 1348 1360 videbamini
1363 1305 1440 1361 vobis
1459 1306 1520 1361 tuti.
1543 1305 1595 1363 Sed
1611 1323 1662 1364 nos
1675 1308 1748 1364 reri·

125 1391 345 1448 mibillialenus
367 1390 467 1463 qnippe
489 1405 544 1446 non
560 1392 658 1459 latum,
683 1391 738 1446 irno
762 1389 841 1445 valde
863 1405 913 1444 an·
963 1401 1044 1452 tatem
1057 1396 1134 1452 robis
1147 1397 1341 1452 annuntiamus
1354 1396 1489 1453 dicendo:

125 1492 238 1554 gustum
259 1481 349 1537 luerat
367 1497 463 1538 eorum
475 1492 503 1538 et
515 1497 573 1549 eor,
589 1491 617 1538 ct
629 1497 671 1537 os.
694 1480 838 1548 Quomodo
860 1495 912 1535 an·

125 1585 239 1647 gustum
252 1576 319 1631 eorl
332 1574 462 1631 Homines
473 1586 552 1632 erant
561 1575 621 1631 sine
639 1574 749 1641 litteris,
770 1582 796 1628 et
810 1573 910 1629 idiote.

997 1532 1141 1606 Διαιιαιμα.
1156 1562 1192 1573 -
1204 1530 1287 1589 Vens.
1307 1534 1333 1589 ι.
1357 1533 1393 1588 Et
1409 1536 1512 1602 scitote,
1528 1538 1653 1606 quoniam
1673 1541 1748 1595 miri-

125 1668 271 1735 Quomodo
291 1678 438 1739 angustum
454 1668 503 1724 ⁰3?
517 1667 604 1725 Unius
626 1667 763 1723 habebam
773 1667 912 1723 rusticita-
927 1624 1052 1714 Bficauit
1074 1624 1203 1679 hominus
1228 1624 1355 1679 Sanctum
1371 1643 1457 1681 suum.
1477 1625 1575 1683 Verum
1591 1628 1746 1701 diapsalma

125 1768 183 1815 tem
199 1760 299 1831 linguae
309 1758 458 1826 hebraicae,
471 1760 511 1814 ita
526 1766 557 1814 ut
576 1759 718 1828 loquentes
736 1773 769 1813 er
785 1758 913 1814 idiomate

125 1868 186 1909 suae
210 1852 357 1908 locationis
379 1851 473 1907 statim
492 1851 589 1906 tierent
604 1849 753 1916 manifesti,
767 1850 841 1920 quod
867 1864 912 1905 es·

126 1953 191 2001 sent
206 1944 320 2000 Galilaei.
339 1943 393 2010 Qui
418 1943 459 1998 sic
483 1942 595 2013 angusti
618 1940 721 2009 cordis,
748 1952 776 1997 et
802 1943 912 2013 angusti

126 2034 238 2092 lucrant
250 2036 319 2102 oris,
331 2036 368 2090 ita
388 2034 494 2091 dilatati
509 2044 583 2101 sunt,
598 2042 628 2089 ut
648 2042 675 2089 et
689 2033 845 2104 Scripturas
869 2034 913 2089 in-

126 2127 292 2197 telligerent,
305 2135 333 2182 et
351 2127 528 2197 loquerentur
542 2125 654 2196 linguis,
684 2134 711 2180 et
736 2124 808 2196 quod
823 2126 913 2180 mari-

126 2236 205 2275 mnrn
216 2227 269 2287 est,
282 2234 337 2274 non
357 2220 384 2274 in
397 2234 474 2289 paee,
487 2219 533 2274 scd
547 2220 575 2271 in
591 2218 769 2272 tribulatione.
786 2236 795 2269 ι
812 2216 910 2273 ibant»

127 2310 230 2365 enimc
254 2309 371 2380 apostoli
403 2308 552 2379 gaudentes
577 2323 593 2362 a
619 2316 766 2377 conspeetu
793 2306 912 2374 concilii,

126 2403 261 2474 quoniam
279 2401 353 2472 digni
368 2399 453 2455 liabiti
477 2407 552 2466 sunt,
574 2413 625 2469 pro
644 2398 755 2454 nomine
767 2396 832 2454 lesu
847 2413 914 2454 con·

126 2495 270 2551 tumeliam
285 2494 341 2565 pati
358 2492 428 2564 (Act.
444 2509 471 2559 ιι,
487 2492 545 2562 tl).
567 2510 576 2544 r
597 2490 703 2562 hlagna,
715 2499 742 2546 et
756 2491 826 2546 mira
845 2491 914 2547 dila·

127 2589 200 2641 tatio
218 2600 324 2652 eorum,
339 2585 386 2655 qui
409 2584 575 2640 rrrranimiter
588 2593 795 2654 perseverantes
813 2584 840 2639 in
852 2599 914 2639 ora·

129 2676 207 2732 tione
221 2677 369 2732 secundum
385 2676 466 2730 istam
479 2690 576 2730 rocem
593 2674 780 2745 propheticam
800 2694 807 2731 z

166 2764 249 2822 Vns.
258 2767 285 2821 ι.
297 2765 422 2820 Miserere
436 2767 497 2831 mei,
514 2774 540 2819 et
554 2766 651 2820 exaudi
661 2766 805 2820 orationem
818 2783 912 2834 meam,

126 2860 170 2916 sie
179 2857 301 2914 exauditi
315 2857 433 2923 lucrant,
447 2866 477 2911 nt
496 2857 524 2912 in
539 2857 621 2913 corde
640 2854 806 2928 Scripturas,
826 2859 852 2914 in
867 2874 914 2917 ore

127 2952 249 3024 linguas,
262 2952 290 3007 in
304 2959 422 3022 utroque
435 2950 524 3022 adepti
539 2951 721 3008 constantiam
737 2950 914 3022 loquerentur

128 3043 348 3116 magistratibus,
369 3043 491 3100 dicerent
516 3052 572 3099 tam
597 3043 679 3113 plebi,
703 3060 786 3114 quarn
813 3045 914 3116 tnagis·

127 3137 270 3193 tratibus:

164 3228 249 3286 Vens.
261 3230 288 3283 3.
305 3227 372 3284 Filii
383 3229 518 3284 lominum
535 3244 665 3299 usquequo
682 3228 756 3298 graui
766 3228 865 3282 corde?
885 3237 915 3283 ut

126 3325 193 3396 qaid
214 3323 327 3395 diligitis
352 3324 506 3388 uanitatem,
534 3332 559 3377 ct
582 3323 701 3394 quaeritis
725 3321 916 3377 mendacium?

128 3421 241 3486 Scitote,
255 3420 380 3490 quoniam
394 3417 546 3487 mirificavit
555 3416 684 3470 dontinus
697 3415 833 3471 Sanctum.
844 3413 916 3481 Quid

128 3513 203 3569 enirn
233 3511 307 3566 aliud
337 3509 448 3581 sapiunt
470 3508 553 3564 rerba
578 3508 623 3563 illa
640 3526 646 3562 ;
666 3505 748 3563 ‹lliri
776 3506 914 3572 israelitae,

128 3605 204 3662 Deus
219 3614 326 3675 patmm
351 3611 506 3660 nostrorum
532 3600 691 3671 glorificavit
712 3599 811 3655 Filium
834 3615 915 3655 suum

127 3695 236 3763 lesuin,
255 3710 337 3766 quem
363 3709 412 3750 vos
435 3693 545 3764 quidem
565 3693 725 3758 tradidistis,
747 3701 775 3748 et
795 3693 915 3764 negastis

129 3797 195 3844 ante
210 3787 306 3843 laeiem
319 3783 409 3852 Pilati,
422 3786 562 3856 iudicante
573 3785 620 3840 illo
632 3784 742 3840 dimitti.
760 3783 915 3842 vosautem

964 1715 1009 1770 hie
1021 1715 1210 1786 interpositum
1222 1724 1308 1783 notat,
1319 1725 1346 1771 et
1361 1717 1628 1787 conjunctiunculam
1644 1737 1699 1776 non
1713 1725 1746 1780 ad

962 1806 1112 1862 antedicta
1131 1807 1353 1863 continuandam.
1378 1807 1447 1865 llam
1471 1810 1518 1865 ubi
1542 1828 1593 1867 nos
1614 1814 1748 1870 habemus

964 1897 1128 1968 diapsalma,
1144 1897 1249 1955 Hebraei
1264 1900 1365 1955 habent
1382 1899 1455 1969 Sela,
1468 1904 1541 1973 quod
1555 1905 1749 1976 interpretatur

962 2005 1073 2061 semper,
1089 1998 1117 2046 et
1135 2000 1177 2047 est
1195 1992 1366 2048 confirmatio
1389 1997 1616 2065 precedentium,
1636 2003 1677 2056 ιιι
1703 2018 1747 2058 se·

963 2083 1117 2153 quantiam.
1134 2081 1244 2139 Solebat
1258 2093 1360 2152 autem,
1380 2102 1443 2141 enm
1463 2088 1562 2157 psalmi
1579 2101 1642 2147 ante
1656 2108 1748 2150 arcam

963 2183 1147 2243 cantarentur,
1165 2175 1192 2230 in
1215 2176 1372 2246 hujusmodi
1389 2178 1458 2234 locis
1470 2178 1528 2235 deri
1549 2182 1673 2251 quaedam
1688 2201 1750 2240 rer·

963 2264 1060 2320 borum
1075 2265 1225 2332 intercisio,
1241 2274 1273 2320 ut
1294 2267 1375 2335 quasi
1396 2282 1457 2335 sua,
1483 2276 1510 2323 et
1525 2269 1655 2340 singulari
1669 2274 1750 2330 laudo

963 2358 1177 2430 intelligerentur
1194 2359 1346 2429 sequentia,
1366 2359 1450 2426 aliud,
1465 2376 1546 2430 quam
1568 2366 1749 2433 praecedentia

963 2450 1112 2505 continere.
1142 2445 1221 2506 Unde
1247 2448 1423 2521 Septuaginta
1449 2449 1749 2524 interpretes-sensum

963 2540 1050 2613 magis
1064 2541 1245 2607 attendentes,
1260 2558 1341 2612 quarn
1358 2543 1452 2611 rerba,
1477 2560 1528 2615 pro
1552 2562 1596 2614 eo,
1620 2551 1694 2618 quod
1707 2558 1750 2606 est

964 2634 1036 2701 Sela,
1050 2635 1197 2692 uoluerunt
1220 2634 1368 2690 translerre
1388 2651 1504 2707 semper,
1530 2639 1577 2694 scd
1598 2653 1751 2709 posuerunt

964 2727 1128 2798 lliopsalma.
1141 2725 1201 2793 Quo
1210 2727 1294 2781 verbo
1308 2725 1629 2796 significaturrerbornm
1638 2732 1748 2790 divisio.

963 2819 996 2875 lit
1010 2828 1114 2875 certum
1131 2828 1183 2885 est,
1200 2818 1247 2874 ubi
1270 2816 1426 2887 lliapsalma
1440 2821 1562 2889 ponitur,
1585 2838 1677 2880 rernm
1701 2835 1750 2882 aut

963 2926 1142 2983 personarum
1158 2911 1217 2966 lieri
1240 2912 1430 2979 mutationem,
1445 2918 1475 2965 ιιι
1489 2911 1534 2968 hic
1548 2922 1609 2983 post
1623 2915 1750 2989 increpa-

927 3002 1066 3064 Ctionem
1093 3002 1228 3058 mendacii
1252 3002 1378 3059 Christus
1403 3003 1565 3075 proponitur
1583 3006 1611 3062 in
1637 3010 1752 3066 recitate

965 3094 1136 3162 mirificatus,
1151 3104 1179 3151 et
1192 3094 1368 3166 glorificatus.
1383 3095 1587 3168 intelligendum
1602 3109 1645 3156 est
1659 3100 1687 3157 in
1698 3104 1751 3161 hoe

966 3187 1148 3258 Diapsalmate
1168 3185 1330 3257 Prophetam
1346 3186 1447 3243 vidisse
1472 3187 1630 3260 ineffabilia,
1648 3195 1749 3263 quibus

965 3278 1063 3348 pergit,
1077 3284 1105 3333 ιι
1116 3277 1258 3332 continuat
1279 3275 1406 3342 effabilia,
1431 3277 1547 3334 dicendo
1561 3298 1567 3334 :
1581 3278 1615 3333 Et
1643 3284 1747 3352 scitote,

966 3368 1262 3441 quoniumlmirificaoit
1286 3368 1415 3423 Dominus
1440 3366 1567 3424 Sanctum
1590 3388 1677 3441 suunt,
1703 3391 1751 3447 pcr

966 3478 1046 3533 quem
1057 3460 1186 3518 Sanctum
1202 3461 1243 3516 sie
1256 3461 1428 3516 mirificatum
1440 3471 1521 3533 atque
1536 3463 1752 3535 interpellantem

966 3568 1070 3624 prome
1084 3552 1213 3607 Durnium
1227 3551 1308 3608 Pater
1320 3554 1454 3609 exaudivit
1466 3573 1516 3623 me,
1528 3573 1587 3611 cum
1599 3558 1752 3616 clamavero

967 3645 1001 3700 ad
1017 3661 1080 3700 cum
1090 3645 1118 3699 in
1133 3645 1237 3712 loturo,
1254 3645 1326 3701 sicut
1337 3645 1393 3714 jam
1405 3647 1432 3701 ιιι
1445 3648 1590 3718 preterito,
1606 3666 1666 3704 cum
1678 3653 1752 3708 inuo-

967 3754 1054 3791 carem
1073 3753 1147 3805 eum,
1163 3738 1297 3792 exaudivit
1319 3754 1368 3792 ιιιι.
1389 3737 1459 3804 Quia
1480 3756 1545 3812 ergo
1573 3753 1685 3812 paratus
1708 3754 1751 3801 est

966 3829 1095 3885 exaudire
1110 3829 1228 3884 maxime
1242 3829 1414 3900 penitentes,
1429 3846 1489 3890 ros¹

130 3888 268 3948 sanctum,
282 3888 309 3935 et
327 3880 433 3949 justum
447 3880 577 3950 negastis,
592 3886 619 3934 et
633 3878 740 3948 petistis
754 3877 844 3932 viram
860 3878 912 3933 ho·

131 3973 260 4030 mieidam
274 3973 370 4028 donari
384 3971 475 4038 robis3
491 3980 629 4027 auctorem
648 3986 712 4026 raro
725 3971 787 4026 vitae
806 3970 918 4027 interlc·
1004 3962 1086 4020 VERS-
1099 3962 1286 4018 &difficillimi
1298 3964 1499 4035 v⁰bl⁵¹¹¹e¹ll¹⁵¹S
1509 3963 1543 4021 ⁴¹0
1552 3972 1671 4038 peccatis
1680 3988 1751 4043 lllae·

130 4066 220 4133 cistis,
243 4080 324 4136 quem
348 4063 417 4121 Deus
434 4063 577 4120 suscitarit
597 4064 753 4128 amortuis,
769 4063 849 4136 cujus
865 4080 917 4120 nos
968 4057 1055 4113 teritis
1072 4055 1189 4112 dolendo
1201 4074 1208 4109 ι
1220 4054 1254 4109 lit
1267 4054 1347 4111 nolite
1362 4057 1477 4114 ulterius
1499 4076 1607 4129 peecare
1631 4063 1752 4134 inposta.

130 4165 217 4216 testes
240 4172 345 4224 sumas,
367 4165 394 4212 et
415 4155 444 4210 in
460 4155 512 4211 llde
525 4156 643 4212 nominis
667 4157 737 4225 eius,
752 4156 825 4212 bunc
835 4170 916 4226 quem
969 4165 1029 4204 rum
1044 4146 1261 4203 vobiscavendo·
1275 4147 1324 4203 Vel
1335 4146 1497 4216 lauscintiru',
1512 4151 1584 4221 qaod
1597 4164 1639 4209 cst
1652 4154 1750 4212 huma-

130 4261 184 4307 ros
202 4248 317 4314 uidistis,
331 4260 358 4305 et
377 4247 474 4315 nostis,
489 4247 659 4303 confirmavit
680 4236 779 4304 riomen
805 4249 876 4319 ejus,
891 4258 919 4304 et
969 4259 1046 4310 num,
1064 4241 1111 4298 sed
1130 4240 1337 4310 nolitepeccarc,
1352 4241 1421 4296 iram
1443 4252 1560 4299 vestram
1576 4247 1751 4315 perducendo

132 4338 211 4406 fides,
226 4354 287 4408 quae
304 4355 353 4409 per
372 4354 434 4394 euru
459 4346 511 4404 est,
527 4339 601 4394 dedit
615 4340 749 4411 integram
771 4340 915 4396 sanitatem
929 4338 1003 4405 Dad
1018 4348 1108 4393 acturo
1122 4355 1128 4392 :
1142 4338 1207 4408 quia
1222 4336 1336 4393 verrialis
1350 4346 1392 4393 est
1415 4336 1465 4400 ira,
1484 4353 1545 4407 quaa
1568 4354 1624 4394 non
1645 4340 1753 4398 ducitur

133 4431 214 4488 istam
237 4432 264 4487 in
279 4441 426 4501 conspeetu
446 4432 568 4487 omnium
582 4443 714 4488 restrum.
732 4432 765 4488 Et
777 4449 851 4489 nnnc
863 4432 919 4488 ira·
969 4429 1004 4486 ad
1018 4438 1120 4497 actum,
1142 4437 1169 4484 et
1196 4427 1240 4483 hic
1263 4438 1354 4483 motus
1369 4428 1416 4482 ine
1438 4438 1494 4483 non
1514 4431 1599 4485 estin
1620 4441 1753 4503 potestate

134 4534 191 4581 tres
204 4525 272 4591 scio,
296 4525 360 4595 quia
385 4541 433 4596 per
456 4525 636 4594 ignorantiam
661 4525 774 4593 lecistis,
799 4526 871 4581 sicut
892 4533 920 4581 et
969 4531 1072 4586 nostra,
1086 4521 1150 4591 quia
1166 4519 1253 4591 surgit
1271 4518 1404 4574 interdum
1419 4519 1478 4575 sine
1491 4520 1630 4579 voluntate
1648 4537 1752 4592 nostra,

134 4617 273 4688 principes
284 4618 375 4673 uestri.
391 4616 463 4673 Deus
476 4628 578 4682 antem,
595 4632 656 4688 quae
670 4618 860 4688 praenuntiavit
870 4633 918 4688 per
970 4615 1017 4671 sed
1031 4614 1145 4684 jurante
1166 4613 1252 4683 gratia
1271 4611 1319 4666 liei
1344 4626 1360 4666 a
1382 4612 1462 4667 nobis
1484 4622 1573 4683 potest
1595 4613 1712 4685 ironari;
1727 4627 1756 4673 et

134 4725 168 4767 os
189 4710 381 4782 prophetarum
396 4711 451 4781 pati
468 4709 607 4765 Christum
623 4725 716 4775 suum,
732 4711 773 4765 sic
787 4710 917 4779 implerit.
971 4705 1040 4772 ideo,
1055 4704 1128 4776 quod
1142 4702 1279 4775 prohiberi
1292 4718 1345 4758 non
1361 4711 1460 4774 potest,
1477 4705 1656 4774 permittitur;
1678 4709 1753 4777 quod

134 4799 307 4856 Paenitemini
320 4798 920 4871 igitur,etconvertimini,utdeleanturpee-
971 4808 1061 4854 autem
1082 4806 1172 4868 potest
1194 4795 1325 4863 cohiberi,
1351 4795 1458 4866 penitus
1484 4785 1673 4866 interdicitur,
1690 4815 1752 4856 curn

136 4889 784 4963 catarestraldct.tn).›thnarnpulchre,quod
796 4888 919 4945 hicscri·
970 4890 1147 4948 dicitzuolite
1173 4905 1279 4961 peccare
1300 4889 1434 4958 inopere,
1454 4889 1520 4945 lieet
1544 4890 1584 4945 ira
1611 4901 1706 4964 surgat
1725 4892 1753 4947 in

134 4991 213 5054 ptum
222 4992 265 5039 est
276 4983 303 5038 in
314 4982 421 5053 psalmo
433 5002 439 5039 :
453 4982 617 5051 Irascimini,
630 4989 655 5036 et
672 4981 751 5036 nolite
764 4997 880 5050 peccare,
893 4987 921 5035 et
972 4984 1093 5039 cordibus
1103 4984 1204 5049 restria,
1220 4992 1245 5036 et
1258 4983 1285 5036 in
1299 4980 1429 5036 cubilibus
1443 4983 1544 5038 uestris.
1559 4981 1612 5039 Vos
1626 4982 1711 5039 iudaei
1726 4984 1753 5038 in

136 5074 210 5146 quod
227 5073 284 5132 illic
304 5073 370 5130 dicit
384 5074 521 5144 apostolus
538 5073 634 5129 Petrus
650 5092 656 5127 ι
674 5071 879 5133 ‹Poenitemini
891 5080 922 5126 ut
972 5075 1110 5132 iracundia
1135 5084 1216 5131 terrae
1239 5074 1391 5144 loquentes,
1420 5083 1581 5146 terrenaque
1610 5076 1754 5131 commoda

135 5167 278 5222 deleantm
292 5175 382 5223 restra
393 5177 502 5238 peecata
513 5167 589 5236 (ibid.
607 5167 681 5237 ¹9)st
699 5181 783 5222 unum
797 5164 921 5236 idemque
971 5170 1084 5240 perdere
1105 5167 1231 5223 timentes
1254 5167 1429 5223 crncitixistis
1444 5168 1595 5233 Christum,
1615 5178 1643 5224 et
1665 5168 1755 5223 adhue

136 5258 283 5331 signifieat,
298 5259 370 5332 quod
386 5260 431 5315 hie
451 5261 582 5331 seriptum
598 5272 640 5316 est
655 5279 661 5314 :
677 5258 713 5313 tlt
728 5258 792 5331 qaid
807 5258 921 5329 diligitis
972 5262 1119 5317 irascimini
1143 5260 1257 5315 testibus
1276 5260 1398 5315 veritatis
1422 5261 1539 5315 amando
1566 5261 1752 5314 menducium:

136 5352 289 5420 uanitatem,
301 5363 326 5408 ct
337 5354 456 5424 queritis
470 5354 654 5409 mendacium.⁰
667 5351 754 5420 Quam
767 5363 840 5408 reete
854 5352 922 5408 illud
973 5353 1019 5410 sed
1033 5351 1112 5407 nolite
1127 5368 1243 5424 peccare,
1265 5351 1344 5405 nolite
1367 5351 1394 5406 iu
1410 5351 1553 5406 mendacio
1567 5365 1752 5421 perseverare.

137 5444 310 5517 redarguitur
326 5445 582 5517 mandacium,quod
594 5446 651 5515 jam
668 5455 732 5500 ante
748 5445 825 5500 illum
837 5443 920 5511 diem,
972 5443 1066 5502 Potius
1080 5446 1114 5501 de
1126 5444 1180 5512 his,
1195 5460 1252 5514 que
1272 5444 1362 5498 dicitis
1379 5445 1407 5497 in
1421 5443 1544 5496 cordibus
1558 5440 1755 5506 acarnaniam

137 5552 194 5607 quo
214 5539 362 5608 praedicare
383 5548 521 5608 eoeperunt
543 5538 669 5609 apostoli,
683 5537 850 5608 divulgatum
863 5546 922 5594 erat
973 5551 1034 5607 quae
1055 5537 1129 5593 intus
1152 5535 1276 5606 cogitatis
1301 5535 1515 5605 compungimini,
1539 5533 1612 5589 etde
1625 5534 1678 5600 his,
1694 5547 1757 5606 qum

138 5628 212 5699 apud
234 5628 352 5696 iudaeos,
378 5630 553 5690 mendacium,
573 5630 694 5700 inquam,
712 5629 786 5700 quod
807 5630 923 5700 quaesie·
973 5628 1081 5686 volvitis
1094 5628 1261 5685 incubilibus
1283 5629 1384 5696 nestris,
1400 5627 1440 5683 rol
1465 5627 1571 5683 lectulis
1588 5628 1697 5697 restris,
1714 5622 1758 5686 ιιι

296 5723 434 5783 Parnon.
449 5722 584 5784 exorti.
992 5755 994 5760 ,
1558 5718 1597 5779 ιι
