3817 6000
171 207 224 269 tu
647 212 802 273 cunnollt
820 214 1018 273 emebatur
1037 215 1311 274 uuicusustultu.
1740 220 1801 277 Μ
1861 249 1862 262 ι

173 341 230 392 xvv,
242 326 282 397 l),
299 341 389 399 neque
399 343 510 384 susurra
519 344 598 401 seper
608 329 758 388 innoeentes
773 332 884 403 aceepit,
898 347 961 405 que
975 339 998 398 Α
1011 332 1070 402 llis,
1085 351 1146 407 quae
1169 334 1290 392 diximus
1305 331 1449 406 diligenter
1462 333 1593 407 pensatis,
1618 332 1694 392 clare
1704 342 1802 407 potest

173 429 281 477 tautum
295 429 408 490 propter
422 421 583 478 innoeentes
597 431 625 478 et
636 437 770 495 pauperes
786 425 897 495 accepit,
917 432 959 479 at·
1011 427 1132 499 agnosci,
1152 426 1225 498 quod
1246 440 1302 481 non
1328 425 1455 494 modica,
1474 427 1523 483 sed
1537 442 1636 499 magna
1651 428 1744 483 virtus
1756 436 1803 483 est

172 529 228 585 que
245 512 382 570 interdum
410 513 452 569 sic
478 515 631 585 requisivit,
656 524 686 572 ut
711 516 816 573 diecret
844 535 851 572 r
876 516 959 584 «Qut
1010 520 1038 576 in
1050 521 1241 592 dispensatore
1254 518 1388 591 prudente
1412 534 1445 575 ac
1460 518 1543 588 lideli,
1574 535 1680 591 «quem
1694 519 1802 577 consti*

175 622 257 679 parce
280 607 407 675 seminat,
433 623 515 680 parce
531 616 559 665 et
581 618 674 677 metet,
693 618 722 666 et
743 611 790 682 qul
801 611 919 668 seminat
932 610 959 667 in
1011 610 1063 667 tuit
1072 611 1203 668 Dominus
1214 626 1297 682 super
1311 609 1532 667 familiamsuam
1548 609 1625 680 llus.
1638 627 1689 678 ru,
1701 609 1771 681 tl);
1789 628 1799 662 ι

174 696 428 766 benedictionibus,
463 699 498 755 dc
529 699 764 757 benedictionibus
804 710 831 757 ct
866 708 959 757 metet.
1011 702 1162 759 simunera
1178 703 1219 759 sic
1232 702 1358 774 accipiat,
1375 701 1711 773 utcasuperinnocentes
1724 717 1804 758 nun·

177 787 372 861 Unusquisque.
385 799 466 860 prout
481 791 628 847 destinavit
640 792 668 846 in
679 792 761 847 eorde
778 808 839 860 suo,
855 808 910 849 nou
926 806 962 847 es
1012 810 1094 866 quam
1108 794 1233 866 accipiat.

177 882 297 953 tristitia,
312 891 359 938 aut
370 883 544 939 necessitate.
557 882 676 941 Hilarem
689 884 763 941 enim
774 884 898 941 datorem
920 883 962 940 di·
1047 885 1145 943 Omnia
1160 887 1212 943 ista
1232 888 1325 944 decem
1346 887 1479 944 virtutum
1493 894 1522 944 et
1541 902 1648 943 momm
1664 887 1805 958 preclara

177 977 235 1048 ligit
253 975 325 1033 Deus
341 975 386 1048 (ll
397 977 460 1032 Cor.
483 992 522 1042 rr,
541 977 569 1043 ll,
594 977 632 1046 l).
652 995 662 1029 ι
689 974 718 1031 lu
730 976 774 1033 bis
785 976 875 1033 verbis
886 975 962 1048 Apo·
1013 980 1131 1052 insignia
1142 979 1338 1052 principaliter,
1352 989 1380 1037 ct
1392 981 1471 1053 plene
1484 979 1661 1036 inveniuntur
1675 980 1704 1034 in
1715 977 1805 1034 Chri·

177 1071 242 1127 stoli
266 1079 330 1141 apte
350 1077 440 1141 potest
460 1068 566 1137 notavi,
581 1069 654 1139 quod
672 1068 718 1124 illa
731 1068 906 1141 eleemosyna
921 1077 965 1124 eet
1014 1079 1076 1138 sto;
1099 1070 1261 1126 secundario
1280 1071 1456 1127 inveniuntur
1481 1072 1509 1127 in
1531 1071 1652 1142 quolibet
1676 1068 1805 1141 perlecto
1873 1079 1874 1092 ¹

178 1162 355 1233 acceptabilis
369 1162 481 1228 oblatio,
496 1178 557 1233 quae
569 1162 649 1217 datur
660 1177 714 1217 non
726 1177 758 1217 er
774 1161 898 1228 tristitia,
920 1161 964 1217 vel
1013 1163 1171 1220 Christiano
1186 1164 1335 1220 secundum
1347 1179 1503 1220 mensuram
1516 1163 1672 1219 donationis
1684 1162 1804 1218 Christi.

177 1271 210 1310 es
226 1254 399 1320 necessitate,
415 1254 509 1311 seder
524 1255 671 1310 hilaritate.
688 1252 965 1325 Undebujussaeeuli
1014 1252 1083 1311 llam
1099 1254 1157 1325 ipse
1179 1254 1256 1311 solus
1287 1254 1428 1327 ingressus
1450 1263 1494 1312 est
1516 1255 1544 1311 in
1574 1256 1648 1311 horte
1665 1253 1806 1309 mundum

179 1345 278 1401 divites
291 1346 338 1416 qui
352 1346 421 1401 lilios
439 1362 504 1401 suos
515 1354 563 1402 aut
572 1345 643 1401 lilios
657 1343 776 1400 oderunt
792 1345 825 1400 ad
838 1343 965 1415 religiosa
1014 1347 1071 1401 sine
1081 1346 1187 1402 macula
1203 1347 1344 1419 originalis
1353 1346 1448 1419 culpa,
1459 1347 1579 1418 sinequa
1589 1346 1697 1402 macula
1708 1345 1808 1402 nullus

179 1437 316 1501 cmnobia,
351 1437 374 1492 si
392 1436 457 1507 quid
470 1453 531 1494 eum
548 1436 588 1493 eis
623 1436 748 1501 offertur,
774 1445 856 1507 prout
880 1451 967 1490 unus·
1016 1440 1159 1495 bominum
1182 1439 1387 1511 praeteripsum
1412 1439 1529 1495 venitin
1551 1440 1624 1495 bunc
1642 1437 1805 1494 mundum:
1878 1451 1879 1464 ¹

180 1530 299 1599 quisque
317 1525 464 1584 destinavit
478 1529 504 1583 in
529 1529 612 1585 corde
637 1543 700 1594 suo,
719 1543 772 1582 non
787 1543 819 1581 ex
845 1526 965 1592 tristitia,
1017 1531 1075 1604 ipse
1102 1540 1230 1603 operatus
1254 1539 1297 1588 est
1318 1531 1464 1603 justitiam,
1486 1530 1533 1602 qui
1556 1529 1644 1586 lactus
1660 1529 1756 1597 nobis,
1776 1537 1809 1584 ut

180 1621 223 1675 vel
242 1621 414 1689 necessitate,
439 1622 486 1677 sed
503 1637 535 1676 ex
557 1620 706 1686 hilaritate,
722 1619 839 1674 multum
862 1627 904 1674 est
922 1634 968 1673 ac·
1018 1624 1218 1696 aitllpostolus,
1230 1641 1240 1676 ι
1254 1623 1397 1695 sapientia,
1407 1632 1434 1678 ει
1448 1621 1562 1693 iustitia,
1573 1629 1600 1678 ει
1610 1620 1806 1687 sanctificatio,
1879 1603 1881 1616 ¹

181 1713 326 1783 captabile.
339 1712 369 1768 Si
390 1713 455 1784 qnid
471 1723 563 1769 autem
589 1712 682 1768 invitis
700 1721 888 1783 extorquetur,
910 1727 966 1766 nou
982 1699 1044 1774 Bet
1056 1716 1204 1789 redemptio
1219 1715 1247 1788 (1
1264 1715 1327 1773 Cor.
1342 1732 1362 1784 r,
1376 1714 1422 1786 lu)
1432 1734 1461 1771 :v
1478 1715 1536 1786 ipso
1553 1715 1660 1771 locutus
1682 1724 1724 1771 est
1736 1715 1809 1769 esri-

182 1815 237 1860 tmn
250 1815 293 1861 est
309 1805 422 1871 oblatio,
435 1821 518 1876 quam
530 1806 631 1861 ablatio
643 1804 820 1860 nominando.
1017 1820 1109 1877 tutem,
1122 1810 1186 1882 quia
1203 1809 1260 1882 ipse
1282 1818 1324 1866 est
1339 1809 1448 1873 veritas,
1465 1807 1561 1878 etipse
1573 1806 1607 1863 de
1622 1823 1652 1863 se
1667 1806 1806 1876 loquitur,

217 1896 410 1953 Verumtamen
422 1907 465 1953 est
475 1896 623 1968 aliquando
636 1896 728 1952 invitis
736 1892 967 1966 extorquendum,
1018 1903 1227 1974 quandoffiest:
1249 1920 1259 1955 r
1284 1901 1340 1974 Ego
1355 1916 1416 1957 sum
1440 1900 1495 1966 ria,
1521 1911 1549 1956 ev
1574 1899 1684 1966 veritas,
1707 1908 1735 1955 ει
1751 1899 1808 1955 rita

182 1989 257 2060 quod
273 2005 328 2043 nun
345 1989 423 2044 inviti
437 1990 633 2059 promiserunt,
649 2004 699 2045 nee
714 1994 818 2059 peceat,
847 1985 895 2057 qui
917 1986 970 2042 boe
1019 1994 1111 2066 (loeis.
1124 2010 1179 2059 rvr,
1190 1994 1217 2066 6)
1228 2012 1257 2048 :v
1275 1993 1332 2065 ipse
1343 1992 1434 2047 dolam
1454 2007 1505 2047 uon
1523 1992 1576 2062 egit
1597 1988 1729 2062 intingue
1745 2007 1809 2050 aar.

184 2080 313 2149 requirit,
336 2080 384 2135 sed
398 2079 446 2150 qui
469 2079 658 2151 requisitionis
672 2080 698 2136 ei
710 2079 902 2136 necessitatem
921 2077 971 2134 im·
1019 2087 1183 2144 subsequens
1204 2085 1306 2156 aliquid
1325 2083 1507 2150 auditoribus,
1532 2083 1567 2139 aq
1596 2083 1669 2153 quoq
1693 2097 1807 2137 annu..

184 2170 271 2238 ponit.
286 2170 373 2226 Caute
389 2170 440 2227 sibi
458 2171 569 2242 quidam
580 2172 770 2228 ooeuobiorum
779 2179 971 2242 procuratores
1021 2177 1146 2234 viandum
1161 2177 1263 2232 miseris
1277 2175 1339 2243 luis,
1352 2176 1400 2231 sed
1417 2174 1520 2241 omnia,
1535 2188 1706 2246 quecunque
1725 2174 1809 2229 audi-

185 2262 214 2316 ιιι
234 2261 287 2317 lvoc
300 2261 411 2318 student
422 2262 575 2335 providere,
602 2262 671 2318 nibil
694 2261 805 2334 quidem
830 2262 857 2317 in
871 2260 972 2317 talibus
1020 2270 1087 2327 risa
1106 2270 1196 2336 Patre,
1211 2268 1354 2340 discipulis
1377 2277 1405 2324 et
1427 2267 1523 2323 arnicis
1541 2267 1600 2322 suis
1627 2265 1808 2333 noddcanda,

185 2354 343 2427 erigentes,
362 2366 551 2413 verumtamen
573 2357 713 2413 ultroneas
730 2356 886 2412 oblationes
907 2370 972 2412 cum
1021 2367 1085 2416 nota
1101 2357 1166 2415 lecit
1182 2358 1232 2415 eis.
1250 2357 1305 2413 Nee
1316 2358 1375 2429 iecit
1388 2358 1508 2428 proximo
1522 2352 1680 2423 suc,ludaeo
1692 2370 1811 2411 consen

185 2446 337 2504 inlantibus
348 2449 510 2519 recipientes
526 2465 588 2506 oum
604 2450 649 2506 tali
669 2449 787 2514 mutela,
801 2460 974 2519 negravctur
1022 2453 1122 2527 guineo
1150 2467 1212 2518 suo,
1240 2450 1283 2506 vel
1306 2448 1384 2506 iudae
1408 2449 1542 2519 discipulo
1559 2463 1610 2505 suo
1628 2430 1810 2519 melampus

186 2538 318 2608 Ecclesia,
342 2540 416 2611 quod
439 2550 467 2597 et
479 2539 733 2612 Paulusapostolus
758 2547 851 2595 monet
870 2552 974 2610 preca·
1025 2562 1082 2618 quo
1094 2545 1167 2601 malo
1185 2543 1238 2601 sibi
1254 2544 1329 2599 illato
1352 2553 1580 2615 persequerentur
1600 2541 1688 2597 illum.
1713 2540 1810 2611 Etop-

187 2631 242 2688 veri
266 2632 293 2687 in
316 2632 406 2689 viduis
424 2633 598 2705 recipiendis,
626 2644 656 2690 ut
682 2631 755 2689 veris
777 2632 869 2688 viduis
886 2629 975 2702 possit
1023 2633 1159 2709 prolrlam
1186 2650 1239 2689 nou
1268 2634 1368 2705 recepit
1392 2633 1518 2688 aduersus
1540 2631 1650 2689 eosdem
1673 2633 1810 2703 prosimos

188 2725 310 2783 Ecclesia
325 2725 460 2793 sullleere,
488 2726 553 2782 dum
568 2727 637 2782 vitat
660 2742 714 2782 non
739 2740 819 2782 veras
841 2724 973 2795 recipere,
1024 2742 1096 2794 suos,
1116 2726 1227 2796 quibus,
1249 2724 1300 2781 etsi
1314 2723 1458 2795 aliquoties
1482 2722 1659 2779 criminasua
1673 2724 1811 2795 imprope-

187 2820 250 2877 illas
262 2819 390 2886 inarime,
402 2835 464 2890 quse
478 2828 543 2876 suut
555 2819 673 2876 curiosas
685 2818 767 2875 simul
781 2816 974 2883 etluxuriosae,
1025 2818 1106 2886 ravit,
1121 2818 1196 2874 verbi
1215 2817 1302 2889 gratia
1313 2816 1354 2873 sie
1367 2814 1503 2872 dicendo:
1519 2835 1529 2869 r
1544 2813 1591 2872 Vae
1602 2815 1691 2883 robis,
1705 2815 1813 2873 Scribe

188 2912 343 2983 quibusque
354 2927 369 2967 a
382 2910 447 2968 liliis
456 2919 485 2967 et
496 2910 607 2968 tiliabus
623 2911 663 2967 vel
678 2909 823 2981 nepotibus
837 2907 976 2981 provideri
1023 2918 1053 2966 et
1061 2908 1204 2976 Pharisaei,
1217 2909 1265 2980 qni
1277 2906 1418 2971 decimatis
1433 2908 1582 2973 mentham,
1594 2916 1622 2963 et
1631 2907 1812 2979 anetbvuofflt

189 3009 306 3073 possunt
319 3001 486 3069 necessaria,
501 3009 598 3057 utnon
619 3011 747 3075 gravetur
757 2999 889 3057 Ecclesia.
907 2997 976 3056 Pro·
1026 3017 1108 3060 omne
1120 3003 1193 3069 olus,
1205 3002 1252 3076 qui
1269 3002 1393 3061 circuitis
1411 3019 1497 3071 mare,
1511 3010 1539 3060 et
1550 3002 1666 3070 aridam,
1681 3010 1711 3057 ut
1725 3001 1811 3059 lacia-

189 3103 251 3164 pter
262 3094 314 3150 boc
327 3103 409 3151 terret
421 3094 569 3166 Apostolus
582 3094 662 3161 lllios,
686 3102 713 3149 et
732 3092 977 3165 alioseousangui·
1027 3098 1063 3158 tie
1086 3113 1171 3155 unum
1194 3097 1362 3170 proselytum
1386 3096 1496 3164 (dotti.
1521 3113 1600 3162 xxvvi,
1614 3096 1668 3164 aze
1690 3094 1757 3151 tec.
1771 3112 1810 3164 ur,

190 3203 258 3243 neos
267 3187 410 3243 viduarum
421 3188 588 3258 neglectores
601 3187 709 3243 diceus:
726 3183 798 3252 «Qut
810 3199 935 3253 suorum,
949 3192 978 3239 et
1025 3186 1083 3259 ii).
1100 3208 1158 3241 r-
1172 3186 1244 3257 rom
1256 3188 1355 3244 tulistis
1367 3188 1471 3244 clavem
1482 3187 1603 3244 scientiae
1613 3186 1722 3258 illattlr.
1732 3201 1811 3253 isui,

192 3279 311 3335 maxime
333 3280 547 3337 domesticorum
571 3294 666 3334 curam
699 3293 754 3333 nou
774 3277 871 3344 babet,
895 3275 977 3332 lldem
1028 3281 1079 3348 ts;
1093 3279 1159 3336 Luc.
1182 3280 1318 3353 ¹¹‚52)·²
1335 3278 1437 3336 Tamen
1450 3280 1504 3336 boc
1527 3278 1639 3335 minime
1662 3278 1814 3334 habuitne-

192 3373 312 3445 negavit,
324 3382 353 3429 ct
365 3382 407 3429 est
420 3372 522 3428 infideli
538 3371 658 3427 deterior
672 3368 699 3442 (l
716 3368 785 3426 Tim.
798 3385 825 3438 v,
842 3368 881 3439 8).
898 3385 908 3421 r
934 3366 978 3423 Si·
1028 3383 1147 3445 ceptnm,
1161 3373 1235 3444 quod
1260 3373 1287 3427 in
1298 3373 1338 3429 eis
1349 3371 1451 3443 aliquid
1467 3381 1527 3427 erat
1540 3369 1651 3441 dignum
1664 3368 1814 3441 exprobra-

192 3465 293 3521 militer
313 3481 365 3522 nos
374 3480 524 3537 possumus
535 3465 643 3530 dicere,
666 3462 741 3535 quod
759 3469 889 3533 parentes
908 3459 978 3517 divi·
1028 3465 1114 3519 tione.
1131 3462 1173 3517 At
1200 3462 1312 3517 nihilum
1335 3461 1464 3517 deductus
1478 3470 1517 3517 est
1544 3461 1572 3515 in
1596 3472 1733 3531 conspecte
1756 3459 1813 3529 ejas

195 3568 246 3626 tes,
261 3560 310 3630 qui
327 3558 398 3616 tilios
409 3575 475 3616 suos
494 3559 709 3626 nolunteurare,
734 3557 782 3614 sed
797 3572 827 3614 se
838 3555 979 3627 cupientes
1029 3554 1162 3628 malignus
1179 3554 1305 3611 diabolus
1328 3561 1436 3610 motans
1453 3553 1529 3608 illum
1555 3552 1582 3608 in
1596 3552 1714 3620 deserto,
1730 3566 1814 3622 quem

193 3664 343 3706 exonerare
367 3650 477 3706 student
498 3647 648 3706 Ecclesiam
674 3663 803 3719 gravare,
826 3648 907 3704 iidem
931 3662 980 3703 ne·
1029 3649 1141 3705 deduxit
1161 3649 1452 3720 aduiidumquando
1474 3649 1500 3704 ei
1526 3646 1640 3704 tentami
1667 3645 1816 3717 Scripturas

194 3750 348 3813 gaserant,
387 3750 415 3798 et
443 3750 509 3798 sunt
537 3740 689 3797 deteriores
713 3739 890 3807 inlidelibus,
913 3738 979 3809 quia
1030 3740 1222 3797 auctoritatem
1235 3741 1373 3812 opposuit,
1396 3756 1539 3813 perquam
1564 3738 1706 3796 contusam
1723 3737 1816 3793 adul-

194 3835 234 3891 illi
255 3835 315 3892 suis
337 3835 401 3891 liliis
417 3843 445 3891 et
458 3835 567 3891 llliabus
588 3833 733 3906 provident
755 3833 911 3890 necessaria
928 3846 980 3903 pro
1031 3834 1128 3889 timum
1142 3832 1211 3889 dirit
1221 3851 1250 3889 :s
1265 3832 1348 3901 Vade,
1365 3832 1481 3890 Semitas
1497 3830 1607 3898 (ldottlr.
1621 3847 1658 3898 vv,
1671 3830 1746 3901 llll.»
1768 3829 1817 3885 Ti·

195 3928 323 3985 facultate
349 3944 409 3998 sua,
425 3928 471 3985 isti
492 3937 593 3990 autem,
622 3936 653 3983 ut
669 3926 815 3983 seculares
842 3924 913 3980 lilios
937 3922 981 3978 di·
1031 3933 1227 3981 mentescutem
1250 3924 1393 3980 Dominum
1415 3923 1583 3997 glorifieavit,
1603 3923 1668 3995 quia
1694 3938 1747 3978 non
1764 3938 1816 3978 su·

195 4031 264 4090 teut,
276 4037 370 4078 eorum
381 4038 451 4094 quos
461 4021 579 4078 oderunt
591 4020 693 4076 nullam
708 4019 750 4075 vel
765 4033 876 4090 parvam
885 4029 980 4073 curam
1030 4015 1141 4087 perbos,
1160 4025 1392 4087 praesumptuosos
1405 4016 1432 4070 in
1443 4015 1618 4085 apostoloset
1631 4012 1816 4069 Ecclesiarum

196 4115 307 4171 babent.
1031 4108 1179 4180 magistros
1194 4107 1285 4180 elegit,
1307 4106 1355 4164 sed
1367 4122 1499 4178 pauperes
1513 4114 1540 4162 et
1559 4106 1649 4173 mites,
1676 4103 1817 4158 dominans

235 4205 427 4262 Verumtamen
441 4214 551 4277 propter
573 4219 669 4260 eorum
684 4203 843 4276 parcitatem
861 4216 916 4257 nou
931 4200 980 4255 de·
1032 4200 1151 4254 tirueutes
1166 4200 1203 4255 ita
1220 4199 1391 4271 glorificavit,
1404 4208 1435 4255 ut
1448 4214 1496 4255 cos
1522 4217 1532 4251 ι
1551 4197 1730 4254 constitueret
1741 4195 1818 4265 prin·

198 4300 263 4355 bont
277 4297 433 4370 spirituales
445 4298 497 4353 viri
511 4312 590 4352 suam
604 4296 775 4352 honestatem
788 4293 934 4366 negligere,
951 4300 982 4348 ut
1032 4290 1107 4361 cipes
1124 4306 1206 4364 super
1216 4305 1324 4346 omnem
1346 4298 1447 4346 terram
1460 4287 1546 4361 (Psoi.
1575 4303 1655 4355 sarr,
1667 4286 1722 4358 ll).
1737 4304 1748 4338 ι
1763 4282 1817 4338 Ju-

198 4405 307 4443 muucra
322 4404 400 4460 saper
409 4388 569 4443 innocentes
577 4387 699 4457 accipere
711 4394 844 4455 querant.
855 4383 923 4440 Nam
939 4385 983 4439 in·
997 4388 1019 4443 lt
1033 4381 1113 4447 rosit,
1125 4380 1177 4436 boc
1191 4380 1408 4448 est,lirmissime
1418 4379 1543 4451 promisit
1561 4377 1686 4448 proximo
1696 4390 1747 4431 suo
1764 4371 1818 4429 Pe·

200 4480 290 4536 lantes
305 4481 400 4551 utiquc
423 4488 488 4535 sunt
513 4480 673 4535 innoeentes
695 4487 722 4535 et
746 4478 846 4535 debem
868 4477 983 4547 suscipi,
1035 4480 1078 4528 tro
1095 4470 1231 4541 apostolo,
1244 4470 1292 4540 qui
1305 4469 1356 4541 ipsi
1371 4468 1494 4540 angulari
1508 4465 1591 4539 lapidi
1615 4464 1697 4521 estin
1722 4460 1820 4519 lunda·

200 4571 297 4642 quanti
319 4580 447 4643 poterunt
473 4579 659 4643 competenter
680 4569 795 4627 servari.
820 4566 849 4624 ln
866 4583 983 4638 quorum
1035 4571 1127 4618 mento
1145 4560 1272 4617 Ecclesia
1282 4561 1441 4632 proximus:
1464 4559 1576 4630 iuravit,
1590 4557 1712 4629 inquam,
1726 4555 1753 4610 id
1765 4563 1819 4624 est,

174 4720 184 4741 0
201 4665 375 4736 susceptione
396 4665 462 4721 illud
476 4673 519 4720 est
546 4664 709 4731 cavendum,
733 4678 768 4718 ne
784 4677 893 4717 inuuere
906 4676 986 4730 super
1036 4662 1194 4711 constanter
1206 4653 1333 4725 promisit
1357 4652 1396 4707 illi
1411 4652 1549 4723 proximo:
1566 4667 1576 4700 ι
1591 4647 1652 4703 Tibi
1663 4646 1734 4702 dabo
1760 4645 1819 4700 cla·

201 4758 359 4814 innocentes
378 4756 557 4828 accipiantur,
573 4755 601 4812 id
614 4764 664 4823 est,
676 4770 711 4811 ue
722 4754 783 4826 plus
797 4767 907 4808 murum
922 4766 985 4807 cum
1036 4761 1084 4802 ves
1098 4744 1175 4816 regui
1186 4744 1330 4810 emiorum,
1349 4752 1377 4798 et
1403 4741 1586 4813 quodcunque
1601 4739 1727 4811 ligaveris
1738 4751 1821 4807 super

202 4850 269 4920 ipsis
284 4849 474 4906 innocentibus
488 4850 579 4905 oblata
603 4848 657 4904 sint
685 4855 815 4918 accepta,
835 4859 918 4918 quam
933 4843 986 4914 ipsi
1036 4846 1149 4901 terram,
1163 4835 1216 4892 elil
1230 4834 1342 4906 ligatum
1353 4840 1381 4889 02
1394 4832 1422 4889 ¹¹¹
1447 4831 1524 4888 ⁰⁰³¹ss
1535 4829 1644 4903 (Maud-
1656 4845 1713 4897 ¹l¹2
1734 4826 1790 4898 ¹9l·
1806 4845 1818 4880 '

203 4947 361 5001 vennenses
392 4945 700 5016 assuritanorum:
722 4964 732 4996 ι
752 4943 839 5000 Sinite
858 4941 987 5013 pannus
1038 4927 1329 4998 srcjuranrprosrno
1346 4941 1394 4982 διο
1411 4933 1436 4979 et
1463 4941 1514 4978 tou
1538 4923 1642 4993 uecepn
1663 4937 1739 4988 eum,
1755 4919 1821 4991 ‘1¹¹³a

203 5039 295 5094 venire
310 5040 343 5094 ad
358 5054 413 5105 uve,
437 5039 531 5093 talium
557 5046 600 5094 est
616 5038 690 5093 enlm
713 5050 829 5108 regnum
853 5035 986 5091 coelorum
1038 5022 1111 5097 quiid
1129 5020 1272 5094 munifice
1295 5017 1431 5091 immisit·
1450 5014 1594 5088 magnifice
1612 5013 1733 5084 dublelli
1755 5027 1822 5068 ⁶⁰¹¹·

204 5131 496 5205 (,q0,0‚q‚1g)‚,0„5
514 5131 554 5188 sic
565 5128 842 5200 ιῃῃοωῃιρῃρρῑρῑι,
853 5142 907 5182 „011
921 5140 987 5196 pec.
1039 5116 1155 5173 stituens
1169 5130 1243 5181 eum,
1267 5122 1409 5183 totumque
1427 5119 1550 5167 senatum
1577 5107 1775 5180 apostolorum,
1792 5113 1823 5161 ut

203 5239 257 5295 eat,
273 5229 295 5284 si
308 5244 417 5282 munero
428 5242 491 5282 cum
506 5225 698 5282 innocentibus
716 5223 826 5294 accipit,
841 5236 896 5277 non
909 5236 988 5291 super
1039 5209 1076 5263 ⁸3²
1091 5208 1216 5278 princeps
1230 5206 1305 5261 ‘libis
1333 5213 1478 5270 “flammi
1495 5209 1637 5271 rectorque
1663 5212 1822 5270 'edwium-

204 5323 362 5378 iirrrocentes
372 5339 380 5386 3
390 5320 453 5391 quia
466 5316 725 5388 nontantumdiligit
735 5320 988 5385 muneraquantum
1039 5299 1067 5355 5¹¹
1084 5299 1183 5371 quibus
1195 5299 1295 5369 'edidis
1310 5299 1382 5368 ‘lum'
1397 5296 1472 5368 '58³¹’
1500 5295 1613 5366 Uidium
1638 5303 1690 5358 0³¹·
1708 5300 1736 5347 (⁴¹
1749 5289 1823 5362 ΨΜ

205 5413 365 5469 innocentes
380 5412 454 5482 quod
471 5411 498 5466 in
523 5410 575 5466 lroc
590 5409 659 5465 satis
671 5408 815 5479 probatur,
833 5405 856 5462 si
872 5405 907 5461 de
923 5420 989 5475 par·
1041 5397 1132 5461 solvit,
1143 5395 1273 5451 solutum.
1290 5392 1353 5449 llaec
1366 5400 1486 5468 potestas
1500 5402 1543 5445 est
1555 5388 1581 5445 ei
1599 5390 1662 5444 data
1675 5402 1758 5458 super
1768 5394 1823 5441 ter·

207 5505 288 5558 vitate
305 5520 449 5559 nvurveuun
475 5519 528 5558 uon
552 5510 682 5558 causatur
696 5498 909 5569 indisciplinate,
925 5496 990 5552 licet
1042 5505 1112 5556 ravin,
1127 5488 1153 5544 id
1165 5497 1311 5557 estsuper
1325 5485 1484 5541 Ecclesiam.
1496 5481 1564 5538 Nam
1579 5480 1613 5536 de
1626 5481 1679 5547 bis,
1690 5479 1737 5551 qui
1755 5476 1824 5535 ioris

207 5593 241 5648 dc
259 5595 415 5652 iolldelitate
430 5604 572 5665 paventum
588 5596 623 5650 sit
635 5592 796 5658 dolendum,
815 5599 843 5646 ct
857 5589 910 5644 boe
923 5604 989 5644 saue
1042 5590 1116 5646 situl,
1130 5580 1232 5651 quique
1247 5579 1273 5634 i¹¹
1297 5578 1348 5633 ¹¹⁰⁰
1373 5578 1443 5648 lp⁵⁰s
1458 5576 1532 5647 quod
1555 5573 1621 5630 lovis
1643 5582 1716 5639 ⁸⁰¹¹&
1727 5581 1754 5627 0¹
1768 5586 1823 5626 ¹¹0ss

209 5686 421 5759 providendum,
438 5704 472 5746 nc
496 5690 567 5747 ultra
587 5687 699 5747 modum
714 5692 842 5758 gravetur
854 5681 987 5740 Ecclesia.
1043 5678 1168 5747 credunt,
1193 5677 1248 5750 iam
1262 5676 1374 5752 judicati
1398 5682 1474 5743 sunt,
1495 5672 1640 5745 Apostolus
1665 5671 1754 5740 docet,
1767 5682 1826 5725 noa

1710 5892 1901 5919 -F———Q

1521 5922 1668 5931 -—,—.—j
