3817 6000
198 242 341 298 ¹105

803 240 1360 298 contumulavit
1401 240 1471 296 IN
1507 240 1849 299 PSALMOS.
1884 273 1957 284 —-
1995 244 2176 300 PARS
2210 244 2274 300 ll.
2319 276 2388 285 —-
2423 245 2621 301 PSAL.
2663 247 2850 304 xxw.

3308 252 3448 306 1106

193 359 458 416 rectionis
514 359 807 415 insufflavit
872 359 1132 430 Spiritum
1165 376 1326 415 suum
1378 360 1682 431 discipulis,
1729 370 1784 416 et
1812 369 1856 424 Α
1886 372 1989 428 est,
2024 372 2168 417 tuam
2196 364 2517 420 industriam
2547 365 2765 421 easdem
2791 366 3199 436 persecutiones
3226 383 3326 438 pro
3353 369 3452 426 de-

191 451 401 507 eisdem
442 466 661 522 quoque
687 468 903 516 manus,
960 462 1013 507 et
1042 450 1227 521 pedes,
1255 459 1309 506 et
1353 452 1518 519 latus,
1555 468 1775 507 carnem

194 553 252 602 ιι
298 559 429 600 ossa
472 543 717 600 exhibuit
774 543 839 599 ad
869 541 1163 599 videndum
1196 552 1250 599 et
1276 542 1650 614 palpandum:
1699 544 1779 599 sic

191 648 247 695 et
283 638 445 695 nobis
470 639 714 709 quandiu
744 653 846 694 nos
885 637 941 692 in
967 652 1133 693 carne
1153 652 1376 692 manere
1405 637 1775 692 necessarium

191 741 281 787 est
302 740 526 802 propter
552 730 789 785 fructum
850 729 1054 800 operis,
1102 743 1386 799 nunquam
1410 727 1623 784 desinat
1647 727 1774 797 Spi-

193 823 363 877 ritum
397 837 557 877 suum
596 819 893 888 insufflare,
924 835 1021 891 per
1042 834 1205 890 quem
1243 837 1263 871 ι
1291 818 1629 875 flammescat
1654 819 1778 889 igne

193 914 455 981 charitas,
481 913 745 969 accendat
765 912 930 968 ardor
953 910 1255 982 proximos.
1289 928 1308 962 ι
1339 907 1533 965 Manus
1558 922 1777 980 quoque

199 1021 268 1062 ac
287 1007 474 1076 pedeS,
511 1013 566 1061 ει
591 1005 755 1071 latus,
816 1019 1037 1061 carnem
1065 1018 1223 1059 suam
1253 1009 1308 1057 et
1327 1016 1456 1058 ossa
1486 999 1776 1056 visibiliter

193 1105 250 1152 et
271 1095 615 1167 palpabiliter
634 1093 993 1164 exhibeatper
1003 1091 1237 1147 visibilia
1262 1099 1316 1146 et
1337 1090 1629 1163 palpabilia
1660 1105 1775 1146 suae

191 1186 567 1243 miserationis
602 1184 884 1249 beneficia,
917 1183 1119 1255 quibus
1168 1181 1424 1254 juvemur
1445 1181 1512 1236 ad
1543 1181 1801 1252 pascha--

195 1280 271 1335 lia
324 1279 489 1350 digne
523 1275 749 1334 colenda
771 1275 987 1347 gaudia,
1013 1273 1279 1329 consolati
1303 1280 1357 1328 et
1377 1271 1634 1327 laetilicati
1660 1284 1769 1326 non

193 1368 375 1425 solum
397 1364 679 1433 invisibili,
727 1364 822 1420 sed
859 1363 1024 1419 etiam
1057 1360 1258 1418 visibili
1293 1375 1358 1418 ac
1385 1360 1643 1432 palpabili
1688 1360 1792 1415 di·.

194 1456 338 1511 vinae
364 1452 731 1511 miserationis
754 1450 1041 1522 praesentia
1067 1451 1124 1506 in
1146 1450 1250 1506 hac
1268 1448 1560 1507 festivitate
1585 1449 1772 1505 Dumi-

194 1548 339 1613 nica,
371 1561 494 1617 quae
530 1560 625 1617 per
647 1552 853 1615 septem
880 1543 999 1599 dies
1040 1543 1325 1615 praeseutis
1352 1543 1476 1598 vitae
1496 1543 1654 1613 quasi
1675 1557 1771 1613 per

194 1641 464 1710 integram
486 1636 881 1693 hebdomadam
899 1635 1058 1692 nobis
1075 1636 1129 1691 in
1152 1636 1290 1691 albis
1316 1644 1399 1691 est
1428 1635 1767 1702 celebranda,

1880 454 2127 511 tensione
2143 456 2368 526 justitiae
2405 457 2698 513 sustinere.
2727 456 2847 514 Scis
2874 456 3043 521 enim.
3100 474 3201 514 nec
3250 474 3456 515 novum

1878 561 2021 612 esse,
2074 562 2175 603 nec
2231 547 2511 603 insolitum
2564 549 2733 619 quod,
2775 548 2931 620 juxta
2977 549 3321 619 Apostolum,
3363 550 3455 621 qui

1877 637 2057 691 colunt
2077 639 2161 708 pie
2182 639 2351 694 vivere
2378 640 2435 692 in
2462 638 2692 707 Christo,
2719 642 3130 710 persecutionem
3177 642 3457 711 patiuntur

1878 729 1969 798 (11
1999 729 2137 786 Tim.
2170 747 2254 798 ιιι,
2283 713 2395 803 12),
2422 718 2442 784 ἰ
2474 732 2544 787 ab
2584 733 2769 803 impiis
2799 744 2853 789 et
2885 734 3280 800 dissimilibuS,
3312 750 3452 811 quos

1876 821 2146 878 Dominus
2198 822 2253 877 in
2307 822 2599 894 Emingiflin
2659 826 3016 890 staineinaim,
3062 826 3450 882 beatitudinem

1875 922 2133 969 aeternam
2164 914 2273 970 illis
2323 918 2724 982 :·i*[11·11.iniillt¹it.=3.
2756 918 2928 982 flenti,
2968 919 3163 989 iuquit,
3203 918 3292 988 qui
3329 934 3452 986 per-

1870 1007 2190 1063 secutionem
2245 1010 2520 1076 putissimis
2567 1018 2780 1078 „iis-apter
2812 1010 3087 1078 justitium
3143 1009 3362 1080 (March.
3395 1024 3448 1074 v,

1875 1096 1989 1166 10).
2022 1095 2133 1153 Nos
2160 1104 2339 1151 iamt-tt
2375 1115 2467 1167 pri·
2511 1103 2688 1155 dehita
2724 1103 2880 1155 filiiflii
2912 1100 3081 1155 riustri
3109 1099 3322 1157 aemulis
3342 1100 3450 1156 tuis

1874 1188 2117 1256 obviare,
2140 1197 2195 1244 et
2217 1204 2379 1245 celis-m
2395 1211 2447 1243 ra
2475 1211 2523 1247 vt·
2539 1195 2842 1247 s·iusi:lffilit·a
2883 1211 2976 1247 ιςϋεὶ
3008 1191 3263 1253 imbibere
3286 1191 3448 1246 volu-

1873 1294 2019 1335 mus.
2057 1277 2213 1334 Unde
2253 1294 2347 1349 per
2391 1283 2672 1351 μι·;ι.-«.,ι;-ιιιὶει
2720 1283 2812 1335 tibi
2868 1287 3070 1355 :tu-sipia
3098 1281 3446 1348 mandamus,

1872 1379 2144 1439 quatenus
2165 1371 2411 1441 proxima
2437 1371 2742 1440 Dominica,
2769 1388 2877 1443 qua
2900 1374 3099 1444 legitur
3130 1392 3144 1428 ε
3183 1372 3296 1445 Ego
3325 1387 3449 1428 sum

1870 1458 2067 1514 Pastor
2117 1460 2318 1520 bonus.
2359 1469 2547 1517 nostro
2597 1471 2647 1518 te
2696 1464 3017 1532 conspectui
3068 1473 3449 1535 repraesentes,

1871 1560 1933 1606 ut
1972 1567 2067 1622 per
2117 1559 2169 1607 te
2212 1551 2388 1622 ipsum
2441 1568 2606 1609 causa
2645 1554 2858 1624 plenius
2910 1555 3126 1626 cognita
3180 1555 3350 1626 quieti
3394 1564 3450 1611 et

1872 1643 2252 1714 tranquillitati
2285 1655 2393 1700 tuae
2403 1645 2709 1715 providere,
2738 1655 2793 1702 et
2823 1646 2968 1703 sicut
2995 1647 3193 1704 dilecto
3209 1648 3323 1704 filio
3350 1662 3450 1717 op-

193 1731 273 1786 ita
295 1738 357 1786 ut
390 1729 596 1785 nullius
620 1727 977 1799 turpitudinis
1011 1736 1108 1783 aut
1156 1727 1457 1796 nigredinis
1480 1727 1768 1784 inhonesta
1799 1747 1845 1807 Β
1875 1743 2110 1806 portuno
2138 1735 2236 1791 tibi
2260 1736 2547 1792 subvenire
2570 1737 2866 1795 valeamus,
2907 1757 2927 1790 ι

192 1821 410 1878 macula
433 1820 487 1875 in
514 1820 674 1875 nobis
695 1817 1027 1874 inveniatur.

263 1912 495 1981 Quando
523 1911 576 1983 in
602 1910 893 1967 universali
918 1911 1314 1967 resurrectione
1339 1908 1637 1967 Dominicae
1677 1925 1768 1965 re-

192 2003 555 2062 surrectionis
587 2012 699 2059 tota
741 2004 1043 2074 septimana
1090 2003 1600 2070 consummabitur,
1640 2011 1770 2058 tunc

190 2112 305 2152 non
329 2095 648 2167 indigebunt
671 2095 846 2151 sancti
867 2095 1204 2161 visibilibus,
1264 2104 1360 2151 aut
1402 2094 1768 2166 palpabilibus

191 2186 404 2244 Christi
434 2188 889 2259 apparitionibus,
911 2187 1023 2244 imo
1042 2188 1185 2243 sicut
1217 2186 1333 2257 ipse
1364 2187 1614 2244 Christus
1642 2203 1769 2243 eva-

192 2281 314 2334 nuit
342 2280 415 2335 ab
444 2280 619 2336 oculis
657 2280 1076 2349 discipulorum,
1106 2288 1396 2350 postquam
1426 2294 1485 2334 se
1519 2278 1767 2349 praebue-

190 2377 282 2423 rat
310 2367 602 2424 videndnm
626 2377 680 2424 et
713 2368 1043 2439 palpandum
1077 2408 1094 2434 ,
1138 2369 1220 2424 sic
1275 2378 1406 2423 tunc
1441 2376 1769 2424 evanescent

190 2460 380 2515 omnia
407 2460 638 2516 visibilia
666 2460 842 2531 ipsius
876 2460 1161 2528 beneficia,
1187 2461 1318 2531 quia
1359 2476 1468 2516 non
1496 2467 1658 2518 erunt
1687 2461 1770 2515 ul·

192 2553 369 2608 terius
384 2552 881 2610 necessaria.Nunc
910 2554 1123 2610 interim
1140 2554 1283 2625 gallo
1309 2562 1557 2621 canente,
1581 2553 1770 2610 Chris·

195 2653 363 2713 toque
391 2643 673 2700 visibiliter
699 2654 992 2715 apparente
1024 2664 1043 2695 a
1065 2643 1196 2700 sacti
1237 2660 1430 2701 sumus
1470 2646 1610 2701 sicut
1630 2661 1770 2701 con-

190 2735 376 2802 solati,
405 2745 533 2792 tunc
566 2738 829 2807 repletum
868 2746 953 2794 est
974 2737 1173 2808 gaudio
1208 2751 1271 2793 os
1298 2747 1567 2804 nostrum,
1591 2745 1645 2794 et
1666 2738 1767 2793 lin·

190 2843 261 2899 ga
288 2835 475 2883 nostra
505 2828 560 2883 in
596 2828 927 2885 exultatione
959 2828 1133 2901 (Psat.
1159 2844 1320 2897 cxxv,
1345 2829 1370 2883 1
1395 2830 1475 2902 2),
1505 2850 1526 2883 ι
1553 2832 1770 2902 quando

191 2918 276 2975 sic
298 2918 577 2975 evidenter
601 2936 792 2977 sumus
814 2920 1007 2991 adjuti,
1038 2928 1099 2976 ut
1126 2920 1332 2978 diceret
1355 2922 1422 2977 de
1446 2922 1605 2979 nobis
1629 2923 1772 2980 inter

190 3018 379 3080 gentes
408 3029 423 3064 ε
454 3028 474 3062 ι
512 3010 874 3083 Magnificavit
916 3012 1180 3070 Dominus
1218 3012 1398 3070 facere
1439 3030 1565 3070 cum
1604 3016 1705 3083 eis,
1744 3035 1763 3069 ο

1941 1822 2045 1880 Ρει·
2068 1824 2169 1881 has
2196 1824 2409 1881 litteras
2437 1835 2697 1883 evocatus
2726 1826 2795 1883 ad
2838 1829 3022 1884 sedem
3087 1828 3448 1899 apostolicam

1867 1913 2039 1981 veni;
2082 1915 2178 1971 sed
2218 1930 2414 1986 papam
2445 1915 2800 1974 Coelestinum
2825 1917 2940 1988 jam
2995 1918 3177 1974 inveni
3221 1917 3450 1975 defunc-

1869 2011 2007 2059 tum.
2032 2005 2136 2060 Cui
2163 2016 2504 2063 successerat
2527 2022 2666 2078 papa
2689 2007 2913 2075 Lucius,
2933 2008 3047 2083 (56)
3063 2011 3158 2080 qui
3176 2011 3294 2066 suis
3315 2010 3446 2067 item

1869 2096 2336 2153 consolationibus
2359 2097 2536 2155 sactus
2559 2109 2644 2156 est
2668 2100 2801 2156 mibi
2830 2101 3004 2173 gallus
3032 2103 3356 2169 matutinus,
3387 2113 3449 2158 ut

1869 2186 1925 2240 in
1958 2185 2158 2243 litteris
2179 2188 2352 2258 ipsius
2375 2192 2841 2261 potestcognosci,
2862 2207 2984 2262 quae
3007 2193 3087 2249 sic
3114 2209 3173 2249 se
3203 2194 3443 2249 habente

1946 2294 1965 2326 ‹
2001 2273 2202 2332 Lucius
2227 2277 2537 2349 episcopus,
2569 2294 2760 2337 servus
2787 2295 3070 2338 servorum
3119 2281 3242 2350 Dei,
3282 2300 3447 2340 vene·

1870 2365 2138 2422 rabilibus
2162 2365 2425 2424 fratribus
2449 2369 2777 2427 Cauonatuo
2818 2370 3203 2443 Salzburgensi
3229 2375 3447 2431 arcbie·

1871 2458 2122 2527 piscopo,
2158 2456 2408 2514 Romano
2457 2459 2720 2516 Gurcensi
2763 2462 3040 2534 episcopo,
3086 2465 3312 2520 salutem
3341 2507 3355 2532 ,
3388 2476 3443 2520 ct

1869 2548 2224 2616 apostolicam
2246 2549 2697 2607 benedictionem.
2712 2572 2731 2604 ›

1947 2654 1967 2686 c
2009 2636 2325 2694 Venientem
2348 2641 2415 2694 ad
2445 2643 2804 2711 apostolicam
2858 2642 3041 2698 sedem
3069 2645 3325 2701 dilectum
3380 2647 3445 2701 ti-

1871 2726 2006 2781 lium
2042 2736 2288 2783 nostrum
2316 2728 2646 2786 *Ger-lichum
2688 2731 3256 2806 Richerispergensent
3305 2752 3445 2808 prae-

1874 2818 2115 2888 positum
2141 2828 2364 2890 paterna
2394 2821 2729 2894 benignitate
2757 2826 3123 2895 suscepimus,
3149 2836 3202 2882 et
3232 2843 3331 2898 pro
3353 2842 3444 2884 re-

1871 2913 2073 2983 ligione
2092 2904 2452 2971 et'bonestate
2483 2930 2582 2970 sua
2610 2930 2902 2986 personam
2963 2918 3084 2988 ejus
3107 2919 3442 2974 honorantes

1874 3019 2001 3061 cum
2021 3006 2196 3077 gratia
2226 3008 2373 3064 sedis
2400 3008 2713 3079 apostolicae
2741 3010 2808 3064 ad
2846 3011 3066 3081 propria
3094 3011 3434 3067 remisimus.

188 3110 245 3157 et
269 3102 474 3158 dictum
487 3112 613 3158 esta
636 3104 814 3172 nobis,
838 3105 920 3159 vel
948 3105 1202 3162 nostrisa
1225 3104 1774 3177 MagnificavitDomi-
1799 3094 1841 3151 C
1874 3096 2056 3166 ¹PS¹¹¹¹¹
2085 3099 2269 3169 itaque
2290 3109 2485 3155 ‘'08³¹'ae
2511 3100 2840 3155 fraternitati
2878 3102 3138 3158 attentius
3164 3118 3444 3159 commen·

191 3210 299 3250 nus
322 3194 502 3250 facere
521 3195 830 3265 nobiscum,
847 3195 1177 3253 sactisumus
1192 3198 1437 3255 laetantes
1458 3198 1635 3270 libid„
1653 3199 1729 3270 3).
1742 3219 1761 3251 ›

264 3284 338 3341 Ut
373 3285 519 3342 enim
548 3301 648 3357 ego
695 3288 926 3358 scriptor
949 3287 1113 3357 liujus
1165 3288 1346 3358 operis
1392 3289 1681 3361 respiciam
1702 3289 1770 3345 ad

188 3392 315 3433 mea
345 3380 600 3449 specialia
632 3420 647 3444 ,
695 3394 877 3435 nonne
926 3379 1063 3435 mihi
1122 3379 1302 3450 gallus
1323 3381 1477 3452 ‚bene
1508 3382 1767 3449 cantavit,

191 3466 417 3537 quando
448 3468 791 3539 multiplicati
820 3476 968 3536 sunt,
1007 3468 1102 3539 qui
1142 3468 1406 3524 tribulant
1436 3484 1547 3535 me,
1598 3479 1653 3525 et
1680 3471 1769 3524 in-

190 3567 478 3632 surgentes
494 3561 781 3615 adversum
801 3574 890 3615 me
916 3560 1074 3614 multi
1095 3559 1352 3616 dixerunt
1375 3562 1571 3616 animae
1595 3576 1765 3618 meae:

198 3672 220 3705 ι
250 3650 372 3708 Non
397 3662 482 3709 est
510 3654 660 3711 salus
690 3652 795 3724 ipsi
817 3653 873 3708 in
906 3651 1017 3708 Deo
1039 3654 1160 3723 ejus
1180 3651 1356 3725 (Psal.
1382 3668 1465 3720 ιιι,
1487 3653 1564 3724 5),
1590 3671 1610 3704 ι
1639 3651 1769 3723 quia

190 3747 524 3818 praejudiciis
542 3764 733 3804 eorum
770 3747 1064 3805 damnatus
1092 3747 1171 3803 sui
1208 3755 1467 3819 tanquam
1497 3748 1769 3804 schisma-

190 3842 338 3897 ticus
357 3852 414 3897 et
435 3842 742 3909 haereticus,
773 3850 829 3898 et
866 3853 986 3899 erat
1012 3842 1149 3898 mihi
1188 3842 1243 3898 in
1290 3843 1483 3898 talium
1538 3842 1733 3898 cobabi
1755 3871 1767 3883 ·

190 3932 399 3987 tatione
445 3940 705 4004 tanquam
751 3931 913 3989 Petro
963 3935 1019 3988 in
1043 3934 1203 4005 {atrio
1249 3932 1470 4003 Caipbae
1508 3947 1764 4005 magnum

189 4023 368 4095 frigus
397 4025 667 4082 ministris
694 4025 1019 4082 Antichristi
1066 4042 1155 4082 me
1202 4026 1690 4092 circumdantibus,
1711 4034 1766 4082 et

189 4115 385 4171 amicis
407 4117 565 4188 longe
588 4118 859 4174 stantibus
880 4120 904 4173 ‘i
923 4118 1061 4173 Cum
1093 4118 1173 4174 sic
1195 4125 1341 4174 esset
1368 4118 1503 4173 mibi
1534 4132 1643 4173 nox
1665 4116 1765 4174 t'ri·

190 4207 339 4279 gida,
372 4218 428 4265 et
454 4226 641 4280 prunae
670 4211 1014 4268 inimicorum
1042 4219 1309 4282 suspectae
1334 4210 1471 4265 mihi
1503 4208 1762 4277 fuissent,

191 4300 334 4356 inter
362 4302 569 4359 medias
603 4303 853 4361 tristitias
895 4313 1046 4360 tetrae
1077 4304 1256 4360 noctis
1281 4319 1408 4360 ecce
1432 4302 1608 4375 gallus
1632 4318 1765 4358 can-

193 4390 347 4458 tavit,
373 4392 500 4462 quia
535 4392 815 4450 Romanus
855 4394 1100 4467 pontifex
1152 4394 1625 4465 persecutionibus
1654 4435 1669 4461 ,
1707 4402 1762 4450 et
1792 4436 1837 4494 D

189 4484 374 4538 causis
412 4486 852 4555 persecutionum
903 4487 1105 4543 auditis
1159 4488 1309 4542 misit
1361 4485 1495 4542 mibi
1550 4486 1761 4555 litteras

190 4575 587 4633 consolatorias
635 4577 783 4634 bunc
834 4580 889 4634 in
933 4579 1156 4634 modum
1188 4579 1575 4635 continentes:

272 4686 292 4719 e
321 4667 687 4727 Coezssrtnus
717 4672 831 4744 (55)
874 4674 1185 4745 episcopus,
1218 4688 1411 4728 servus
1436 4688 1717 4728 servorum
1742 4713 1757 4738 ,

188 4759 390 4815 dilecto
431 4761 544 4817 iilio
591 4748 850 4819 Gennoito
899 4762 1400 4835 Richerispergensi
1446 4764 1759 4833 praeposito,

186 4850 422 4906 salutem
454 4860 509 4909 et
536 4854 891 4925 apostolicam
918 4855 1374 4911 benedictionem.

268 4959 289 4992 ι
342 4940 519 5014 Super
582 4944 1027 5003 tribulationibus
1067 4962 1123 5004 et
1171 4946 1636 5019 angustiis,quas
1661 4962 1762 5019 pro

188 5034 440 5090 veritatis
460 5046 517 5091 et
538 5036 766 5108 justitiae
815 5040 1118 5095 assertione
1152 5038 1337 5096 dilecti
1366 5039 1463 5094 tilii
1491 5040 1667 5096 nostri
1693 5038 1759 5096 G.

187 5126 412 5185 diaconi
453 5129 749 5188 cardinalis
793 5133 1141 5190 attestatione
1184 5144 1240 5189 te
1287 5131 1563 5189 sustinere
1607 5146 1764 5188 acce-

186 5216 393 5290 pimuS,
422 5230 645 5286 paterna
672 5222 769 5278 tibi
815 5222 1101 5280 affectione
1147 5222 1514 5295 compatimur
1544 5263 1560 5290 ,
1612 5234 1667 5278 et
1705 5222 1762 5277 in

186 5310 393 5380 quibus
421 5314 720 5369 secundum
767 5312 938 5370 Deum
979 5331 1273 5385 possumus
1299 5356 1316 5381 ,
1365 5329 1524 5385 opem
1569 5312 1667 5368 tibi
1708 5321 1764 5369 et

187 5401 484 5459 consilium
509 5404 741 5461 libenter
752 5406 1137 5477 impendimus.
1163 5408 1220 5464 ln
1234 5408 1436 5480 quibus
1461 5416 1615 5464 tanto
1639 5422 1762 5463 ma-

190 5493 368 5566 jorem
403 5496 721 5567 patientiam
746 5506 800 5555 te
839 5508 1054 5570 oportet
1074 5501 1296 5567 babere,
1325 5509 1535 5571 quanto
1556 5499 1760 5557 certius

263 5610 736 5681 (55)coe1estinus
787 5610 865 5677 11,
905 5621 1123 5670 creatus
1151 5629 1296 5669 anno
1331 5614 1487 5685 1145,
1511 5612 1584 5672 25
1628 5612 1761 5686 Sep-

199 5682 464 5750 tembris;
497 5693 747 5742 mortuus
773 5699 919 5745 anno
949 5684 1108 5753 1144,
1133 5683 1165 5742 8
1188 5683 1387 5741 Martii.

1872 3187 2063 3242 danius
2119 3206 2211 3258 [ιι-ι·
2243 3194 2528 3258 [itata-entia
2584 3194 2776 3250 serinia
2848 3209 3136 3262 sugamus,
3172 3209 3442 3265 quatenus

1871 3282 2015 3335 sieut
2075 3282 2331 3334 liutwitus
2356 3282 2576 3334 uiui-niu
2640 3286 2808 3334 antius.
2864 3286 3136 3356 religionis
3161 3287 3442 3342 ethones-

1871 3374 1995 3426 tatis
2027 3374 2248 3434 livistis,
2295 3390 2391 3442 pm
2456 3378 2592 3426 lit-:ui
2640 3374 2804 3438 laen-i,
2832 3390 2880 3430 et
2920 3386 3106 3433 nostra
3137 3380 3442 3437 reverentia

1870 3462 2047 3532 ipsum
2083 3466 2147 3518 tit]
2187 3474 2383 3518 [filmer-u
2435 3470 2712 3522 linum-mis
2756 3478 2804 3518 el
2848 3469 3106 3538 diligatis,
3147 3481 3202 3527 el.
3247 3470 3303 3526 in
3337 3488 3438 3527 ne·-

1869 3558 2211 3610 mentalibus
2243 3558 2359 3610 Sitis
2387 3574 2544 3626 tipum
2580 3562 2676 3610 sitii
2716 3570 2760 3614 iti
2792 3562 3078 3617 amilium
3110 3563 3382 3619 tribuatis.
3412 3583 3432 3618 t

1943 3646 2083 3698 luit-nt
2119 3650 2444 3702 venerahilis
2484 3666 2620 3718 papa
2652 3650 2868 3710 lan—ius„
2924 3666 3047 3706 eum
3083 3652 3264 3710 adhuc
3296 3664 3441 3710 esset

1868 3738 2147 3806 presbyter
2175 3738 2500 3802 cariilinalis,
2536 3742 2816 3794 exstiterant
2848 3742 2980 3794 milii
3004 3742 3178 3813 gallus
3217 3753 3440 3800 noctur-

1868 3846 1991 3891 nus,
2015 3835 2107 3899 qni
2147 3831 2211 3883 de
2239 3835 2367 3887 serie
2391 3835 2684 3903 apostoliea
2708 3839 2928 3891 infinirat
2952 3836 3086 3891 mihi
3118 3839 3438 3894 nocturnale

1867 3923 2199 3993 gallicinium
2231 3923 2283 3975 in
2319 3927 2460 3979 liunt:
2520 3927 2736 3979 [linaium
2768 3947 2776 3975 :

1943 4035 1959 4063 ι
1995 4015 2347 4075 Πειιιιιιεῑνίε,
2379 4027 2431 4067 et
2452 4019 2972 4079 ιιῑιιιιιιίιιιιιίιιιίἱῖιιιι-ι,
3002 4034 3126 4089 quae
3160 4019 3264 4075 hoc
3293 4028 3433 4075 tem-

1863 4119 1995 4176 put-u
2035 4107 2087 4159 in
2119 4103 2359 4159 Ecclesia
2387 4107 2476 4159 [lei
2520 4107 2672 4171 titini,
2708 4111 2872 4159 n'iultu
2896 4151 2908 4167 ι
2936 4110 3223 4165 reverende
3244 4110 3432 4179 frater,

1865 4198 1919 4252 in
1951 4203 2135 4251 [illaria
2184 4203 2407 4263 nutasti,
2464 4209 2516 4251 et
2556 4203 2712 4267 plui-u
2760 4211 2952 4255 nutare
2992 4200 3262 4270 potuisti,
3306 4204 3435 4272 quia

1862 4291 2099 4360 pecualis
2159 4291 2363 4343 trosti-is
2407 4291 2748 4359 exigentibus
2796 4295 2964 4347 multu
3003 4290 3158 4362 plura
3193 4294 3329 4348 flunt
3379 4295 3435 4349 in

1863 4382 1967 4436 hut]
1999 4383 2584 4451 pusillulumwulfuuine,
2624 4399 2784 4451 quun]
2848 4387 2900 4435 'iu
2964 4383 3158 4440 diebus
3217 4395 3434 4456 patrum

1869 4482 2207 4529 nostrorum.
2240 4472 2374 4541 Quae
2417 4482 2569 4531 tanto
2609 4474 2838 4530 liberius
2882 4483 2939 4531 et
2976 4462 3224 4534 crebrius
3274 4479 3433 4545 liunt,

1864 4578 2071 4640 quanto
2102 4569 2237 4625 nulli
2264 4579 2358 4624 aut
2420 4569 2739 4639 paucissimi
2762 4576 2912 4636 sunt,
2965 4570 3062 4640 qui
3083 4569 3159 4626 'ex
3206 4573 3436 4629 adverso

1865 4661 2181 4727 ascendant,
2208 4669 2264 4716 et
2293 4676 2514 4716 murum
2541 4675 2640 4730 pro
2665 4660 2831 4716 domo
2879 4659 3046 4717 lsrael
3106 4665 3435 4734 opponendo

1865 4763 2014 4809 stent
2041 4754 2096 4808 in
2129 4753 2316 4824 proelio
2344 4753 2401 4808 in
2426 4753 2513 4808 die
2535 4751 2771 4808 Domini.
2807 4750 2961 4809 Unde
2998 4754 3272 4812 credimus
3315 4757 3432 4811 An·-

1865 4846 2173 4901 ticbristum
2214 4844 2300 4900 vel
2314 4843 2429 4916 jam
2458 4845 2694 4911 venisse,
2718 4845 2804 4900 vei
2840 4845 2896 4900 in
2942 4847 3192 4915 proximo
3233 4857 3433 4904 ventu-

1863 4953 1986 4992 rum
2015 4952 2156 5003 esse,
2184 4937 2343 5007 cujus
2365 4934 2580 5003 faciem,
2612 4937 2756 4993 sicut
2793 4937 2848 4992 in
2877 4937 2982 4993 Job
3028 4938 3245 5009 legitur,
3290 4954 3432 5010 prae·

1863 5029 2008 5086 cedit
2029 5037 2242 5101 egestas
2270 5047 2284 5083 :
2309 5028 2816 5100 egestasgsiquidem
2853 5030 3136 5097 virtutum,
3151 5032 3430 5086 etvirtuo-

1864 5136 2053 5180 sorum
2075 5120 2383 5186 bominum,
2412 5129 2474 5176 ut
2520 5135 2588 5175 eo
2616 5120 2847 5177 liberius
2886 5121 3224 5177 voluntatem
3272 5138 3428 5178 suam

1863 5213 2049 5281 faciat,
2081 5229 2192 5285 quo
2215 5211 2329 5269 t'ere
2355 5213 2539 5269 nullus
2559 5221 2663 5280 est,
2693 5212 2786 5283 qui
2804 5212 2855 5267 ei
2885 5212 3241 5269 contradicat.
3284 5211 3432 5269 lutet·

1863 5309 1971 5365 hoc
1990 5317 2194 5376 autem,
2227 5307 2369 5363 bone
2400 5308 2588 5373 frater,
2619 5303 2751 5376 quid
2774 5304 2874 5360 tibi
2907 5304 3174 5374 agendum
3203 5305 3276 5360 sit
3319 5319 3429 5359 non

1863 5400 2080 5473 ignorat
2133 5409 2228 5456 tua
2250 5398 2579 5472 religiositas
2614 5413 2647 5452 a
2702 5396 2994 5453 cunabulis
3034 5396 3208 5453 sacris
3233 5395 3430 5452 litteris

1861 5494 2096 5551 erudita.
2129 5494 2243 5562 Ego
2293 5504 2498 5561 autem,
2522 5494 2629 5549 boc
2653 5491 2787 5547 mihi
2813 5492 2970 5547 video
3014 5489 3346 5555 faciendum,
3373 5498 3447 5545 et-

1933 5606 2047 5693 (56)
2072 5606 2276 5664 Lucius
2306 5604 2370 5672 ll,
2409 5603 2646 5677 pontifex
2697 5612 2909 5661 creatus
2954 5617 3100 5661 anno
3143 5603 3282 5660 1141
3358 5602 3431 5658 ts

1861 5678 2063 5750 Martii,
2091 5687 2342 5736 mortuus
2366 5691 2512 5733 anno
2541 5674 2701 5742 1115,
2729 5674 2802 5732 25
2823 5672 2985 5730 febr.
