3817 6000
155 225 294 283 ¹263

766 197 1326 270 comtffinm'mt
1356 196 1428 261 {N
1461 193 1804 260 I’SALMOS.
1837 217 1911 239 ··-
1937 189 2124 251 mas
2153 183 2247 249 vt.
2286 223 2354 233 —
2387 190 2584 248 psal..
2621 187 2753 246 LVI.

3266 176 3403 243 ΠΜ

145 338 388 396 mortuis
409 347 524 408 qam
550 346 658 389 non
689 329 942 395 moritur,
966 341 1116 381 mors
1137 324 1216 380 illi
1243 323 1383 379 ultra
1405 333 1522 378 noa
1546 316 1728 376 domi·
1758 323 1807 379 A
1835 313 1947 371 tius
1975 312 2113 368 artis
2154 309 2401 381 plenum,
2448 305 2585 363 nulli
2629 306 2848 378 penitus
2892 301 3256 377 intelligibile,
3298 302 3408 360 nisi

154 432 373 488 nabitur
402 426 577 498 (Rom.
611 441 686 491 vt,
707 424 784 494 9).
807 441 825 473 ι

242 522 544 592 Exsmqam
584 515 823 572 diluenlo
865 529 965 586 ego
982 511 1059 567 ad
1103 519 1317 581 tempus
1337 514 1554 562 mortua
1578 518 1727 561 caro.

158 614 297 672 Nam
348 622 475 670 ante
500 609 802 666 diluculum
841 606 1014 688 tertiat
1040 604 1169 671 diei,
1193 600 1341 673 quod
1363 615 1395 655 a
1443 598 1734 654 medietate

157 707 338 765 noctis
365 704 720 777 propinquat,
746 715 859 755 non
902 695 1122 767 expedit
1165 691 1625 749 resurrectionem
1653 687 1735 745 sic

151 795 470 860 accelerari,
494 805 554 851 ιιι
603 792 959 848 falsificentur
992 786 1289 857 Scripturae
1314 780 1583 850 vei-itatis,
1611 796 1736 852 quae

159 890 303 946 banc
350 887 523 944 tertiae
564 883 671 940 diei
720 881 1025 945 ascribunt,
1066 888 1128 935 ut
1182 876 1314 932 illud
1345 877 1401 931 in
1429 874 1733 947 propheta:

158 997 185 1032 ·‹
214 978 345 1036 Post
374 979 513 1034 duos
544 976 661 1032 dies
685 973 981 1030 vivificabit
1001 988 1123 1038 nos,
1165 978 1221 1027 et
1252 969 1306 1024 in
1343 969 1430 1024 die
1460 967 1617 1023 tertia
1643 981 1738 1022 su-

159 1069 381 1126 scitabit
427 1083 530 1123 nos
575 1064 724 1135 (Ose.
756 1080 833 1131 vi,
862 1064 940 1132 5).
967 1079 994 1114 ·»
1026 1060 1094 1115 Et
1135 1060 1195 1115 in
1239 1058 1355 1129 lege
1382 1056 1587 1113 dictum
1612 1063 1735 1111 est:

155 1179 186 1216 ιι
225 1160 653 1220 Sanctificamini
705 1158 800 1214 iiiii
828 1156 1028 1221 lsrael.
1059 1164 1115 1211 et
1140 1163 1317 1210 estote
1337 1151 1513 1222 parati
1564 1164 1739 1221 usque

160 1256 216 1311 in
237 1257 381 1312 diem
411 1254 629 1310 tertium
656 1250 857 1325 (Exod.
889 1266 1004 1315 xix,
1036 1248 1126 1315 ¹4,
1158 1245 1271 1316 15).
1296 1264 1317 1298 ι
1355 1243 1739 1300 5υιῐιιτι>ιιι1ιιιιι

162 1356 248 1404 est
301 1361 433 1419 ergo
486 1354 550 1402 ut
599 1345 657 1401 in
703 1343 953 1414 sepulcro
1011 1339 1223 1412 jaceam
1279 1353 1454 1409 usque
1492 1336 1549 1392 in
1592 1335 1737 1392 diem

153 1440 405 1505 tertium,
437 1438 530 1495 sed
564 1435 742 1494 media
776 1442 938 1491 necte
984 1432 1460 1505 appropinquante
1486 1428 1576 1485 die
1621 1437 1743 1483 ter-

163 1533 239 1588 tia
289 1530 591 1588 diluculum
620 1530 745 1585 erit.
781 1528 839 1583 Si
888 1527 1037 1584 enim
1080 1524 1307 1596 vesp‘era
1334 1521 1741 1579 ‘Sabbatiluce-

157 1624 274 1680 ³scit
299 1622 352 1676 in
383 1619 560 1691 prima
607 1617 854 1685 Sabbati,
888 1617 1060 1672 multo
1107 1613 1284 1685 magis
1325 1612 1482 1684 quasi
1530 1609 1744 1667 dilucu-

1745 435 1751 442 ·
1830 405 1988 472 mihi,
2012 403 2191 475 quite
2207 401 2376 474 genui
2399 399 2468 456 de
2493 398 2660 456 corde
2688 412 2831 465 meo,
2856 406 2914 452 et
2934 396 3011 452 iili
3031 393 3261 466 Spiritui
3290 394 3408 451 sive

1830 501 2029 567 amori,
2052 512 2162 569 quo
2192 511 2294 568 ego
2339 505 2393 553 te
2417 490 2582 549 dilexi
2619 491 2932 564 diligentem
2966 489 3021 545 in
3052 487 3243 545 eodem
3280 483 3410 558 spt-

1830 591 1964 658 ritu,
1988 591 2085 662 qui
2112 597 2198 646 est
2241 603 2397 645 amor
2439 594 2631 642 noster
2677 593 2940 649 aeternus,
2969 592 3025 639 et
3054 581 3177 637 ideo
3207 579 3411 636 intelli·-

1824 683 1909 755 git
1935 683 2050 754 ipse
2067 682 2288 748 tertius,
2332 677 2598 752 quidquid
2638 690 2741 732 nos
2775 675 2886 731 duo
2913 672 3291 744 intelligimus,
3323 669 3412 726 In-

1835 776 2085 832 tellectus
2105 774 2213 831 iste
2239 772 2346 829 l’uit
2370 773 2425 827 in
2451 771 2667 827 occulto
2696 768 2929 825 necdum
2984 773 3167 822 creato
3206 763 3413 820 mundo

1833 881 1933 937 per
1965 875 2040 929 te,
2077 862 2320 920 Verbum
2348 878 2553 928 meum,
2585 876 2694 932 quo
2718 862 2884 914 etiam
2906 866 3157 914 eructato
3177 857 3233 912 in
3254 871 3413 912 crea-

1836 959 1986 1015 tione
2018 957 2233 1025 mundi,
2268 964 2325 1012 tu
2357 955 2595 1010 Verbum
2637 969 2844 1020 meum,
2864 960 2928 1008 tu
2959 967 3051 1008 ars
3076 949 3164 1006 vel
3203 948 3413 1006 musica

1836 1067 1959 1108 mea
1986 1049 2141 1107 fuisti
2179 1049 2366 1105 adhuc
2407 1048 2596 1104 multis
2631 1048 2864 1104 multum
2912 1054 3141 1102 secreta.
3185 1041 3292 1100 Sed
3322 1043 3416 1099 ubi

1837 1156 1894 1203 tu
1929 1145 2071 1201 idem
2087 1143 2314 1216 genitus
2352 1158 2413 1198 es
2442 1143 2497 1198 in
2525 1157 2717 1210 earne,
2759 1157 2886 1198 cum
2914 1142 3070 1213 prius
3101 1139 3304 1195 fuisses
3327 1139 3415 1194 in⁴

1834 1235 2094 1303 visibilis,
2127 1235 2308 1291 sactus
2350 1250 2421 1317 ,es
2449 1233 2686 1290 visibilis
2723 1245 2779 1291 et
2827 1232 3091 1291 audibilis
3144 1247 3240 1303 per
3262 1230 3423 1287 chor-

1838 1331 1940 1388 das
1967 1338 2265 1401 assumptae
2312 1329 2530 1395 earnis-3
2584 1328 2764 1385 sactus
2794 1344 2856 1385 es
2896 1327 3210 1398 psalterium
3237 1334 3293 1382 et
3328 1326 3417 1381 eia

1841 1423 2019 1493 thara,
2045 1423 2141 1496 qui
2161 1423 2316 1496 prius
2344 1437 2469 1479 eras
2500 1420 2789 1477 invisibilis
2816 1420 3025 1476 musica
3054 1418 3122 1475 in.
3140 1427 3258 1474 arte
3280 1417 3418 1473 mini

1840 1515 1945 1572 soli
1970 1515 2229 1588 cognita:
2259 1515 2356 1572 sed
2383 1530 2514 1572 ecce
2553 1514 2708 1586 quasi
2747 1512 2929 1585 ruptis
2969 1512 3194 1569 chordis
3230 1511 3423 1568 earnis

1837 1613 1954 1665 tuae
1979 1610 2041 1665 in
2071 1610 2333 1680 spelunca
2371 1608 2542 1681 jaces„
2574 1616 2632 1664 et
2685 1608 2844 1680 quasi
2876 1607 3179 1680 praepedito
3215 1607 3424 1677 plectro

161 1715 277 1770 lum
308 1711 645 1784 reputabitur
689 1709 866 1766 noctis
895 1706 1136 1763 medium
1187 1707 1243 1760 in
1269 1719 1381 1775 quo
1415 1717 1522 1774 ego
1584 1715 1746 1757 verus
1775 1716 1819 1773 B
1845 1702 2049 1774 linguae
2102 1711 2275 1771 taces,
2319 1702 2407 1770 qni
2467 1702 2599 1754 bunc
2636 1718 2692 1754 an:
2724 1702 2955 1755 dulciter
3001 1699 3237 1756 sonuisti
3260 1698 3424 1771 quasi

156 1804 426 1872 Samson,
472 1802 619 1875 quod
693 1801 1087 1872 interpretatur
1138 1796 1220 1853 sol
1270 1811 1451 1851 eorum
1491 1792 1576 1849 vel
1617 1791 1746 1848 solis

163 1898 441 1971 fortitudo,
473 1895 631 1953 Gaza:
658 1901 845 1966 portas
873 1890 1140 1956 auferam,
1160 1888 1222 1944 id
1257 1897 1366 1952 est,
1395 1895 1578 1959 portas
1597 1898 1747 1940 mor-

159 1992 237 2045 tis
257 1988 559 2053 destruam,
583 1993 637 2040 et
666 1985 721 2039 in
773 1981 981 2038 montis
1009 1980 1271 2036 verticem
1321 1976 1638 2032 ascendam.
1682 1970 1751 2028 Et

164 2096 234 2136 ex
269 2090 399 2136 tunc
436 2094 548 2152 ego
602 2093 731 2134 caro
766 2073 1040 2133 crucifixa
1080 2081 1136 2128 et
1183 2079 1400 2127 mortua
1428 2079 1552 2142 post
1600 2083 1751 2123 mor-

163 2181 276 2229 tem
323 2173 660 2228 destructam
700 2167 937 2225 rediviva
974 2182 1072 2223 ero
1116 2163 1430 2236 psalterium
1444 2160 1748 2232 jucundum

167 2282 300 2322 cum
326 2265 557 2332 cithara,
597 2262 757 2334 cujus
784 2260 1036 2317 audietur
1083 2271 1255 2314 sonus
1286 2255 1341 2310 in
1384 2253 1536 2311 omni
1581 2261 1751 2319 terra,

162 2358 445 2430 quoniam.

241 2451 407 2506 Vens.
445 2450 534 2505 ιθ.
577 2446 882 2519 confitebor
927 2444 1024 2499 tibi
1073 2445 1129 2499 in
1155 2441 1387 2514 populis,
1438 2438 1678 2503 Domine,
1704 2444 1753 2491 et

159 2542 401 2616 ¹psallam
429 2540 523 2596 tibi
549 2542 605 2594 in
638 2540 897 2611 qentibas,
934 2537 1084 2608 (¹51)
1116 2535 1171 2592 id
1202 2544 1307 2602 est,
1331 2548 1426 2589 ero
1452 2545 1619 2588 causa
1644 2528 1752 2586 effi·

169 2647 322 2687 cens
352 2639 457 2686 tuae
485 2629 663 2684 laudis
692 2639 745 2684 et
771 2625 1135 2683 consessionis
1181 2625 1237 2679 in
1268 2623 1528 2678 omnibus
1558 2635 1744 2693 popu·

164 2723 260 2780 lis.
290 2722 556 2796 Equidem
586 2723 640 2778 in
659 2736 879 2778 omnem
904 2730 1107 2776 terram
1135 2715 1309 2774 exibit
1336 2731 1509 2772 sonus
1539 2729 1754 2781 eorum,

171 2816 267 2888 qui
295 2831 382 2871 me
404 2831 624 2872 carnem
656 2814 833 2869 vivam
876 2822 931 2870 et
972 2809 1381 2867 vivificatricem
1440 2808 1749 2874 comedent,

174 2917 231 2963 et
263 2922 359 2979 per
379 2924 467 2964 me
487 2909 690 2973 vivent,
726 2915 890 2977 atque
928 2906 1003 2961 ob
1033 2903 1135 2960 hoc
1160 2911 1210 2958 te
1265 2901 1590 2968 laudabunt,
1619 2914 1758 2971 quo·

173 3001 323 3057 niam
353 3000 725 3059 misericordia
777 3008 868 3055 tua
914 3014 1087 3070 usque
1121 2995 1190 3053 ad
1239 2996 1428 3061 coelOS,
1461 3003 1516 3051 et
1555 2993 1756 3049 veritas

172 3102 271 3148 tua
297 3108 469 3163 usque
496 3092 562 3147 ad
590 3091 762 3146 nubes
792 3089 1134 3159 magnificata
1160 3096 1265 3155 est,
1289 3087 1588 3143 secundum
1611 3083 1757 3156 quod
1782 3059 1827 3119 c

174 3184 430 3256 superius
450 3182 632 3254 optavi
672 3197 773 3253 ego
808 3180 999 3248 David,
1038 3188 1095 3235 et
1143 3179 1322 3234 adhue
1356 3188 1485 3249 opto
1527 3177 1755 3232 dicensi

174 3274 435 3332 &altare
467 3291 623 3346 snper
664 3273 839 3340 eoetos,
880 3270 1039 3341 Deus,
1061 3281 1111 3325 et
1146 3286 1305 3341 super
1334 3285 1538 3325 omnem
1563 3278 1761 3323 terram

173 3369 349 3441 gloria
375 3379 486 3422 tua.

247 3458 457 3513 Aliter:
509 3454 844 3530 Agonizante
895 3453 949 3509 in
995 3454 1250 3525 passione
1275 3450 1510 3508 Domino
1534 3450 1686 3521 lesu,
1707 3460 1764 3507 et

177 3558 392 3617 orante,
418 3556 477 3604 ut
503 3547 666 3603 Pater
723 3547 876 3602 illum
908 3546 1254 3613 clarificaret,
1287 3560 1396 3600 vex
1433 3542 1614 3601 Patris
1662 3558 1764 3600 au-

179 3641 294 3697 dita
318 3649 421 3708 est,
448 3640 639 3696 dicens
669 3658 682 3693 :
725 3657 746 3691 ‹
776 3638 842 3694 Et
880 3639 1196 3706 clarificavi,
1219 3647 1274 3694 et
1325 3637 1523 3693 iterum
1563 3633 1765 3692 clariti-

176 3734 317 3790 cabo
347 3732 528 3804 (Joan.
557 3736 655 3800 xli,
694 3731 809 3803 28).
831 3753 849 3785 ι
882 3730 1145 3787 Similiter
1169 3729 1260 3787 hic
1280 3730 1340 3785 in
1359 3730 1592 3801 psalm0‚
1626 3742 1763 3799 ago·

179 3826 401 3882 nizante
426 3823 671 3892 Clu-isto,
703 3824 932 3895 suisque
977 3824 1171 3879 amieis
1220 3821 1531 3880 dolentibus
1575 3829 1630 3877 et
1665 3835 1764 3893 ge·

180 3923 481 3988 mentibus,
525 3922 673 3994 quod
702 3924 758 3977 in
792 3921 1057 3992 spelunca
1100 3918 1350 3992 sepultus
1380 3934 1409 3973 a
1445 3917 1588 3975 l’acie
1630 3916 1768 3973 Sau-

181 4016 273 4081 lis,
308 4016 362 4070 id
391 4022 496 4083 est,
521 4014 720 4071 mortis
748 4013 1070 4070 humiliatus
1120 4024 1176 4069 et
1212 4027 1510 4083 oppressus
1540 4025 1649 4065 uon
1673 4010 1768 4066 dat

184 4122 376 4163 vocem
401 4123 558 4164 suam
586 4122 775 4162 vocem
824 4105 1062 4174 viltutis,
1092 4120 1199 4176 qua
1240 4113 1468 4161 caeteros
1517 4111 1766 4159 mertuos

186 4215 387 4256 vocare
410 4217 475 4257 ac
498 4201 769 4256 suscitare
796 4199 992 4256 solitus
1021 4197 1147 4267 suit,
1173 4197 1326 4254 verbi
1357 4196 1531 4269 gratia
1576 4194 1766 4252 dicens

186 4292 408 4350 cuidam
443 4301 661 4349 mortuo
689 4311 703 4347 :
740 4310 758 4344 ι
810 4291 1171 4357 Adolescens,
1223 4290 1321 4346 tibi
1372 4288 1498 4345 dico
1525 4307 1539 4343 ι
1591 4287 1769 4359 Surge

191 4477 375 4550 (Ιοαη.
409 4494 485 4547 xi,
514 4479 628 4549 45),
652 4497 670 4530 ι
708 4493 817 4534 non
850 4493 909 4533 se
958 4476 1135 4548 potuit
1166 4477 1305 4531 ultra
1334 4484 1560 4547 paterna
1594 4474 1769 4542 pietas

189 4570 468 4636 cohibere,
500 4570 594 4626 sed
623 4570 822 4626 clamat
845 4569 962 4640 ipse
991 4568 1154 4624 Pater
1192 4569 1245 4622 in
1278 4568 1539 4638 spelunca
1564 4582 1769 4623 vocans

193 4662 319 4717 inde
347 4661 661 4731 psalterium
693 4673 748 4719 et
768 4662 1062 4729 citharam,
1087 4659 1138 4715 id
1170 4668 1255 4716 est
1288 4669 1541 4714 naturam
1571 4660 1769 4715 liuma-

191 4772 320 4810 nam
353 4752 528 4810 Verbo
566 4772 667 4811 suo
727 4755 936 4809 unitam
972 4763 1027 4809 et
1081 4769 1146 4809 ex
1178 4752 1297 4823 ipso
1347 4761 1512 4824 atque
1565 4752 1769 4821 inipso

192 4846 349 4903 valde
366 4862 645 4902 sonoram.
658 4846 762 4907 Dic
782 4863 944 4920 ergo<
985 4863 1003 4897 ι
1032 4844 1295 4917 Exsurge,
1315 4845 1488 4916 gloria
1507 4860 1647 4911 mea,
1666 4860 1766 4899 ex-

194 4954 379 5010 surge,
402 4938 720 5011 psalterium
743 4940 1018 4996 etcitbara
1050 4937 1224 5010 (Psoi.
1240 4953 1372 5003 cvn,
1392 4938 1469 5006 5).
1494 4956 1515 4990 ι
1545 4934 1602 4992 Si
1621 4935 1771 4992 enim

195 5032 367 5104 gloria
413 5033 585 5103 patris
617 5032 764 5087 iilius
795 5033 1033 5103 sapiens,
1075 5031 1251 5086 multo
1284 5030 1461 5102 magis
1491 5040 1546 5086 tu
1595 5029 1772 5102 gloria

196 5138 338 5191 mea,
357 5121 457 5177 Fili
475 5122 572 5187 mi,
587 5122 681 5193 qui
697 5136 757 5176 es
769 5138 886 5178 mea
902 5121 1189 5195 sapientia,
1205 5136 1324 5176 mca
1338 5120 1572 5185 musica,
1586 5135 1769 5177 meum

195 5218 508 5289 psalterium
525 5226 574 5271 et
592 5216 819 5272 eithara.
846 5212 983 5273 Nam
1000 5217 1143 5275 sicut
1173 5216 1441 5290 sapientia
1459 5218 1540 5272 vel
1558 5217 1770 5273 musica

196 5315 379 5387 primo
414 5315 468 5370 in
493 5325 608 5372 arte
657 5315 831 5387 viget,
861 5317 985 5372 dein
1014 5318 1070 5373 in
1108 5316 1391 5388 psalterio.
1416 5332 1511 5373 seu
1543 5317 1654 5373 alio
1683 5318 1772 5372 in-

200 5415 509 5463 strumento
539 5407 813 5479 sapienter
840 5408 1146 5477 composito
1172 5416 1225 5462 ct
1249 5406 1581 5464 sensibiliter
1624 5407 1775 5463 vide-

195 5507 289 5555 tur
310 5508 363 5556 et
387 5499 628 5567 auditur,
661 5499 740 5555 sic
767 5507 825 5554 tu
873 5498 926 5552 in
955 5499 1224 5571 principio
1266 5514 1391 5556 eras
1419 5497 1658 5556 Verbum
1687 5508 1774 5557 to-

269 5658 419 5731 (¹¹5¹)
461 5655 687 5728 Vulgata
724 5674 737 5711 :
786 5654 1061 5709 Psatmum
1114 5653 1289 5712 dicam
1344 5656 1439 5712 tibi
1470 5657 1523 5712 in
1550 5657 1802 5730 gentibus.

483 5750 756 5810 Parnoi..
790 5746 1063 5812 CXCIII.

1841 1796 2165 1869 psalterium
2205 1798 2577 1868 prinnitltendo
2624 1798 2888 1858 emissus,
2920 1802 2974 1850 et
3011 1793 3171 1865 quasi
3212 1793 3427 1848 cithara

1847 1888 2191 1963 pacificando
2226 1901 2279 1946 et
2311 1890 2640 1942 ii‘ilirmandu
2688 1890 2984 1943 terrestria.
3022 1884 3102 1942 Ne
3129 1885 3311 1957 itaque
3330 1885 3427 1942 diu

1850 1981 1935 2038 sic
1964 1991 2148 2038 Iacens
2186 1982 2451 2050 etjam-:15
2475 1998 2489 2046 ;
2527 1978 2760 2050 Exsurgit!
2784 1982 2852 2034 titi
2884 1978 3143 2046 Spelunca
3163 1985 3252 2045 (u,
3277 1976 3428 2047 psal-

1846 2074 2047 2128 terium
2070 2082 2122 2128 el
2153 2072 2383 2144 cithi-iro,
2427 2085 2483 2127 ut
2531 2075 2595 2127 ud
2644 2069 3030 2139 su1112=11,2·ocis
3064 2080 3171 2126 tuae
3199 2078 3431 2142 surgant

1851 2167 2092 2236 mortui,
2119 2171 2383 2240 quoniam
2423 2171 2571 2219 ιι-ιιῑι
2603 2167 2764 2227 liora.
2808 2179 2860 2219 ιιι
2892 2179 3038 2220 nunc
3075 2176 3179 2231 est,
3209 2164 3431 2236 quando

1852 2258 2058 2314 mortui
2092 2273 2451 2330 per-omnum
2503 2271 2704 2315 terrum
2736 2263 2960 2311 anilium
3007 2270 3202 2313 vocem
3248 2264 3429 2325 luam,

1854 2349 2315 2407 citharizantibus
2363 2363 2415 2407 ot
2443 2351 2796 2419 psallentibus
2831 2355 2880 2403 'm
2920 2365 2970 2406 te
2996 2349 3261 2421 apostolis
3286 2350 3429 2418 tuin

1853 2451 1907 2501 et
1937 2443 2034 2515 qui
2060 2444 2362 2512 audierint,
2376 2444 2562 2500 vivent
2590 2444 2647 2501 in
2674 2443 3026 2512 animalibus,
3049 2441 3435 2515 scilicetsprius

1854 2535 2092 2592 mortuis
2114 2551 2212 2607 per
2255 2535 2708 2602 inobedientiam,
2766 2533 2862 2592 sed
2905 2534 3299 2591 resuscitandis
3337 2550 3436 2607 per

1853 2628 2010 2685 vocis
2030 2637 2141 2684 tuae
2168 2626 2508 2685 audientiam
2531 2637 2587 2685 et
2609 2627 3005 2685 obedientiam.
3025 2627 3183 2695 Quod
3215 2645 3324 2685 nou
3347 2637 3439 2687 est

1856 2720 2062 2776 mirum
2112 2719 2521 2790 comparatione
2568 2719 2697 2790 plus
2743 2719 3083 2775 mirabilium
3110 2761 3126 2788 ,
3177 2720 3437 2792 quoniam

1853 2820 1984 2884 post
2008 2811 2113 2867 hac
2143 2813 2324 2867 veniet
2349 2810 2507 2879 bora,
2560 2810 2618 2867 in
2656 2827 2768 2882 qua
2796 2826 2988 2870 omnes
3023 2813 3119 2884 qui
3155 2811 3213 2868 in
3235 2828 3437 2869 monu-

1857 2903 2061 2962 mentis
2109 2911 2260 2970 sunt,
2287 2905 2513 2961 audient
2551 2919 2743 2962 voeem
2774 2914 2948 2974 tuam,
2980 2913 3036 2961 et
3059 2905 3356 2976 procedent
3379 2905 3439 2962 in

1859 2995 2030 3051 vitam
2054 3004 2338 3064 aeternam,
2370 2993 2462 3052 alii
2494 2995 2551 3051 in
2574 2995 2955 3068 opprobrium,
2982 3008 3044 3054 ιιι
3061 2995 3284 3053 videant
3302 3012 3442 3054 sem·

1859 3106 1979 3162 per„
2010 3089 2149 3146 Cum
2175 3104 2310 3161 ergo
2337 3104 2435 3160 per
2454 3099 2602 3145 tuam
2625 3102 2814 3146 vocem
2840 3089 2953 3147 sint
2972 3105 3164 3147 omuoe
3189 3090 3442 3148 homines

1859 3183 1929 3240 de
1975 3186 2254 3256 speluncis
2316 3194 2804 3259 monumentorum
2843 3200 3076 3243 suoram
3122 3187 3440 3255 evocandi;

1861 3275 2138 3344 homines,
2161 3277 2310 3343 dico,
2333 3276 2504 3332 trium
2552 3286 2862 3348 temporum
2892 3294 2910 3333 ε
2948 3285 3077 3333 ante
3119 3276 3316 3349 legem,
3339 3278 3444 3335 sub

1861 3369 2000 3441 lege,
2031 3368 2135 3425 sub
2164 3369 2341 3441 gratia
2362 3369 2766 3439 defunctorum,
2794 3368 2993 3427 sufficit
3017 3370 3267 3442 usquein
3296 3370 3444 3427 diem

1863 3462 2088 3518 tertium
2113 3470 2166 3517 te
2188 3462 2244 3516 in
2296 3462 2559 3533 spelunca
2612 3462 2955 3519 mouumenti
3003 3478 3128 3521 esse
3167 3462 3442 3520 clausum.

1862 3552 2031 3608 Proin
2058 3552 2386 3609 advent-ante
2401 3553 2518 3623 iam
2535 3554 2623 3610 die
2639 3554 2823 3623 tertia,
2847 3553 3109 3627 Exsurge,
3130 3553 3444 3626 psalterium

1863 3661 1985 3700 cnm
2015 3644 2244 3700 cithara.

1935 3738 2018 3794 Ad
2042 3739 2159 3795 haec
2179 3736 2359 3794 Patris
2381 3737 2588 3795 monita
2607 3753 2708 3810 ego
2727 3737 2901 3795 Filius
2926 3739 2986 3795 in
3009 3739 3268 3811 spelunea
3298 3738 3447 3811 posi·

1865 3840 1958 3889 tus
1989 3831 2293 3903 respondeo
2320 3849 2335 3887 ε
2393 3828 2701 3903 Exstat-qam
2748 3831 3014 3889 diluculo.
3062 3831 3293 3889 Praedixi
3324 3833 3449 3903 qui·

1866 3924 2016 3991 dem,
2046 3924 2193 3996 quod
2222 3931 2349 3995 post
2371 3924 2615 3980 triduum
2646 3924 2907 3996 templum
2936 3925 3187 3995 corporis
3205 3925 3314 3981 mei
3357 3940 3449 3982 so⁶

1867 4018 2044 4073 lutum
2074 4016 2637 4086 excitaturus'essem‚
2666 4026 2723 4074 et
2747 4018 2892 4074 sicut
2911 4013 3015 4073 I'uit
3037 4016 3208 4074 Jonas
3239 4018 3296 4075 in
3326 4034 3451 4075 ven-

1866 4117 1951 4165 tre
1995 4109 2099 4166 ceti
2138 4108 2314 4166 tribus
2342 4109 2536 4165 diebus
2575 4120 2631 4166 et
2679 4109 2858 4166 tribus
2900 4109 3179 4179 noctibus,
3221 4109 3295 4165 ita
3334 4110 3447 4167 dixi

1867 4218 1958 4259 me
1978 4202 2181 4259 Filium
2223 4202 2466 4259 hominis
2490 4204 2546 4258 in
2589 4202 2756 4260 corde
2792 4212 2955 4258 terrae
2986 4201 3234 4257 futurum
3273 4201 3451 4259 tribus

1867 4297 2063 4354 diebus
2100 4307 2155 4354 et
2187 4297 2365 4353 tribus
2400 4295 2658 4352 noctibus
2701 4295 2922 4366 (ΜαιιΙι.
2956 4310 3057 4363 xn,
3091 4294 3206 4365 40).
3249 4292 3450 4352 Verum

83 4376 98 4402 ⁸
190 4384 346 4457 (1⁴2‘0·
379 4402 476 4454 vn,
533 4386 648 4457 Ν),
677 4404 695 4437 ⁸
750 4394 804 4441 0¹
859 4384 1014 4440 θῑῑθΐῖ
1047 4404 1061 4440 ²
1119 4404 1137 4437 ¹
1183 4381 1410 4449 Ῑῶῖὸΐθι
1444 4381 1568 4437 veni
1617 4379 1767 4435 foras
1800 4402 1845 4459 ι)
1871 4389 2003 4462 quia
2029 4390 2148 4448 dies
2175 4390 2303 4446 mali
2327 4398 2458 4446 sunt
2482 4389 2786 4457 breviandi,
2817 4390 2967 4447 salva
2997 4398 3181 4445 tamen
3203 4388 3450 4457 veritate.

1873 4496 2090 4559 oportet
2147 4495 2428 4557 utcunque
2475 4486 2760 4559 adimpleri
2802 4487 2907 4544 hoc
2936 4485 3200 4552 triduum,
3251 4484 3348 4541 sed
3376 4484 3452 4541 ita

1874 4580 2131 4644 breviari,
2164 4589 2226 4635 ut
2278 4580 2467 4637 ultima
2497 4596 2626 4652 pars
2677 4594 2990 4652 paraseeve,
3022 4593 3089 4636 ac
3113 4578 3290 4651 prima
3322 4592 3453 4651 pars

1874 4672 2038 4744 primi
2072 4670 2294 4729 sabbati
2317 4689 2418 4744 pro
2438 4672 2665 4744 integris
2689 4671 2886 4727 diebus
2905 4672 3267 4743 accipiantur,
3294 4678 3351 4728 et
3379 4671 3452 4728 ab

1876 4763 2012 4819 bora
2041 4780 2206 4832 nona,
2233 4777 2341 4835 qun
2371 4763 2427 4819 in
2479 4778 2643 4820 cruce
2671 4760 2934 4834 Spiritum
2977 4763 3156 4832 emisi,
3186 4778 3363 4836 usque
3382 4757 3454 4821 ad

1875 4856 2178 4913 diluculum
2210 4855 2318 4912 diei
2370 4855 2545 4911 tertias
2599 4854 2932 4929 intelligatur
2979 4866 3156 4913 totum
3206 4857 3450 4916 triduum

1875 4948 2204 5020 cumpletum
2254 4962 2375 5004 esse
2403 4959 2502 5018 per
2548 4946 2802 5019 figuram,
2850 4964 2974 5021 quae
3001 4946 3145 5020 apud
3175 4962 3454 5020 gramma*

1876 5038 2017 5095 ticos
2037 5036 2240 5095 dicitur
2263 5038 2607 5111 synecdoche
2649 5037 2805 5113 [cod.
2857 5038 3222 5112 synodoche),
3255 5038 3310 5094 iu
3343 5048 3455 5112 qua

1877 5146 2008 5203 pars
2033 5143 2134 5202 pro
2167 5138 2283 5187 toto
2324 5131 2610 5203 accipitur.
2670 5127 3198 5204 Abbreviato⁰igitur
3225 5131 3332 5189 boc
3350 5132 3452 5189 tri·-

1879 5224 2014 5290 duo,
2043 5230 2101 5278 et
2140 5233 2324 5279 tamen
2364 5222 2678 5295 adimpleto,
2709 5237 2990 5294 exsurgam
3019 5221 3280 5289 diluculo,
3303 5230 3365 5278 ut
3385 5238 3455 5280 ex

1878 5317 1984 5374 bac
2007 5315 2417 5411 abbreviatione
2445 5314 2658 5372 dierum
2699 5313 2939 5370 tristium
2969 5314 3043 5375 sit
3083 5327 3205 5383 spes
3234 5312 3456 5371 famulis

1879 5407 2222 5473 meis.etiam
2252 5406 2495 5478 reliquos
2510 5404 2630 5462 dies
2660 5405 2834 5462 malos
2859 5404 3207 5471 breviandos,
3228 5402 3296 5458 de
3331 5402 3456 5473 quia

1881 5500 1985 5565 bu:
2007 5499 2161 5559 dixi:
2192 5520 2213 5556 ι
2248 5498 2365 5560 Nisi
2394 5500 2774 5559 breviarentur
2826 5499 2945 5557 dies
2970 5500 3107 5573 isti,
3156 5513 3265 5555 non
3302 5496 3457 5553 fieret

3091 5749 3166 5810 st
