3817 6000
62 245 136 303 tiss
367 201 1124 305 conusnvnntuutranssumpsi-nansia
1144 242 1297 301 -esan
1318 244 1376 300 nn.
1627 248 1698 306 taso

59 362 203 434 sunamiti
211 404 220 430 ,
235 376 317 433 quom
331 360 366 418 ud
381 362 478 419 boram
497 359 685 430 dereliquisti,
698 375 762 422 cum
777 360 854 419 llice·
867 361 891 424 Α
905 363 1073 432 confirmasti
1088 377 1129 417 uie
1150 361 1179 416 in
1196 369 1335 428 aeternum,
1358 360 1428 418 dans
1440 360 1568 417 eflectum
1581 363 1644 420 lidei
1658 369 1698 424 iel

59 468 119 511 rem
134 454 182 510 tibi
200 473 207 509 ε
222 452 256 509 Ut
272 453 337 526 qnid
349 452 515 524 dereliquisti
530 452 595 507 me?
616 451 715 524 (llere.
734 468 782 520 nv,
793 450 852 523 at.)
904 451 1056 508 intellectui
1077 453 1218 524 ipsorum,
1239 453 1305 509 dum
1322 452 1391 509 alter
1412 468 1429 509 u
1449 453 1524 525 lepra
1539 454 1698 519 mundatur,
1768 456 1774 465 '

59 541 238 616 Dereliquisti
266 542 340 600 enim
357 557 418 609 me,
442 555 497 597 non
512 555 528 596 a
543 556 588 598 me
609 540 773 609 recedendo,
789 540 853 613 quia
904 542 1017 599 alterius
1030 558 1098 615 puer
1116 543 1144 598 in
1171 543 1254 599 domo
1269 550 1401 611 sanutur;
1427 544 1543 600 alterum
1566 560 1698 616 presens,

59 650 114 707 ego
128 651 226 693 maneo
236 635 263 692 in
277 644 303 692 ιε
315 651 348 692 ac
359 642 387 690 tu
402 635 429 690 in
441 649 485 691 me
496 633 726 704 inseparabiliter,
742 633 789 690 sed
802 633 854 690 mi·
904 634 1022 691 alterum
1036 636 1136 692 absens
1149 650 1205 691 non
1218 650 1309 706 preoe,
1322 635 1370 693 sed
1384 636 1501 709 imperio
1512 638 1619 709 sanavi,
1632 639 1698 703 prtia

59 728 91 785 bi
108 729 222 799 proprio
240 728 295 784 lilio
310 735 358 783 tuo
373 742 428 782 non
443 725 592 797 parcendo,
607 733 634 780 ct
649 724 778 781 manibus
801 725 854 781 im·
904 730 933 785 ln
958 728 1067 787 dnobus
1085 730 1140 788 illis
1155 730 1274 787 duorum
1298 732 1463 804 populorum
1476 733 1592 792 salutem
1606 735 1697 805 prali-

59 818 171 888 piorum
197 833 241 874 mo
257 817 399 874 tradendo.
417 815 518 872 Verum
544 814 610 886 quia
634 823 778 885 meatum
797 830 853 872 nou
904 823 1013 895 guravi,
1030 823 1135 880 scilicet
1148 822 1256 880 ludoici
1276 832 1304 880 ει
1317 824 1428 896 gentilis
1442 826 1557 897 populi,
1578 840 1698 898 quorsom

60 910 197 977 feceram,
213 909 406 966 necinventus
433 918 475 964 est
496 907 576 963 dolus
604 907 633 962 in
647 920 695 962 ore
709 922 781 974 meo,
796 907 854 965 imo
905 914 1022 972 altemm
1037 931 1160 988 praesens
1172 931 1222 987 per
1231 932 1276 973 me
1290 916 1379 988 ipsum
1392 919 1499 986 curari,
1512 920 1627 975 alterum
1649 934 1700 993 pet·

59 1001 196 1057 innocens
219 1009 351 1071 tanquam
375 998 435 1054 otis
449 997 483 1053 ud
503 996 643 1054 victimam
671 997 771 1053 ductus
797 1013 852 1052 uon
903 1005 1042 1076 apostolos
1067 1021 1144 1064 tiseos
1158 1007 1258 1064 absens
1280 1008 1364 1065 verbo
1378 1010 1485 1066 sanavi.
1502 1011 1635 1084 Quisquis
1651 1029 1696 1069 er-

59 1092 157 1163 aperui
171 1107 203 1147 os
217 1106 320 1158 mcum,
333 1105 395 1146 cum
411 1104 463 1161 ego
484 1089 617 1144 innocens
632 1088 790 1144 immolarer
802 1103 853 1159 pro
903 1109 939 1167 go
953 1110 1037 1166 super
1051 1110 1096 1153 me
1116 1111 1264 1168 pauperem
1280 1106 1308 1153 ct
1324 1114 1440 1168 egenum
1453 1100 1591 1174 intelligit,
1604 1103 1627 1159 si
1649 1104 1698 1161 bo-

59 1183 237 1250 nosentibus,
250 1182 342 1253 justus
354 1195 406 1253 pro
419 1180 540 1252 injustis,
556 1189 584 1236 tu
604 1190 714 1252 propter
725 1182 852 1236 innocen·
904 1200 971 1239 num
994 1184 1163 1241 intellectum
1178 1186 1269 1242 verbis
1291 1189 1510 1258 competentibus
1538 1191 1699 1261 depromere

60 1275 127 1329 tiam
143 1273 282 1343 suscepisti
296 1289 337 1327 nte
358 1272 385 1326 in
400 1271 614 1339 resurrectione,
629 1272 677 1341 qui
699 1271 853 1344 derelique·
903 1275 989 1346 cupit,
1010 1275 1069 1345 ipse
1085 1276 1181 1333 dicat:

59 1382 107 1422 rus
123 1365 151 1421 iu
171 1365 310 1437 passione,
323 1374 348 1419 et
365 1363 531 1434 confirmasti
554 1378 595 1418 sne
612 1364 641 1417 in
654 1372 792 1434 conspectu
806 1372 851 1418 tuo
938 1365 1022 1422 Vens.
1044 1367 1088 1422 lt.
1109 1367 1265 1425 Benedictus
1282 1370 1410 1427 Dominus
1425 1372 1494 1429 Deus
1513 1373 1602 1431 lsrael
1617 1393 1633 1430 a
1647 1392 1699 1433 sce-

58 1460 89 1513 iu
102 1467 240 1515 eternum.
257 1455 430 1527 confirmasti
451 1472 492 1510 me
510 1471 567 1512 uon
582 1452 833 1529 quomodocunque
841 1476 851 1526 ς
902 1460 973 1526 culo,
989 1470 1013 1515 et
1026 1461 1054 1515 in
1068 1462 1196 1517 seculum
1209 1463 1268 1533 fiat,
1283 1464 1343 1534 fiat.

59 1551 106 1609 sed
120 1552 147 1605 in
169 1559 314 1617 arternum,
336 1549 462 1605 uidelicet
474 1549 567 1605 dando
580 1549 647 1605 mibi
661 1565 762 1605 nomen
773 1557 851 1605 aeter·
938 1549 1011 1606 Lata
1024 1551 1166 1609 conclusio
1177 1552 1277 1623 psalmi
1291 1562 1343 1621 est,
1354 1569 1417 1611 cum
1431 1554 1460 1610 in
1476 1556 1585 1615 laudem
1596 1573 1698 1628 paupe·

59 1660 139 1712 num,
154 1643 228 1715 quod
242 1650 284 1700 εει
298 1657 381 1712 super
394 1657 476 1698 omne
498 1656 618 1709 nomen,
635 1643 672 1697 ita
688 1650 718 1698 ut
733 1641 800 1697 mibi
822 1642 850 1697 in
901 1644 941 1700 ris
955 1652 981 1700 ει
995 1644 1073 1716 egeni
1085 1644 1168 1717 buius
1179 1645 1289 1702 dicatur
1303 1665 1310 1701 a
1333 1646 1489 1704 benedictus
1503 1648 1698 1720 deminuaqni

58 1736 146 1791 vitam
168 1742 298 1791 aternam
313 1733 487 1799 conllrmato,
505 1739 533 1788 et
548 1747 631 1802 super
653 1724 734 1786 onine
750 1745 850 1788 nomeu
866 1701 887 1757 B
902 1751 996 1793 resera
1012 1735 1145 1794 Dominus
1167 1746 1211 1794 cst
1232 1737 1310 1794 dives
1327 1738 1355 1794 iu
1381 1741 1551 1812 omnesqui
1570 1741 1699 1798 invocant

58 1830 180 1885 exaltato
193 1826 338 1883 intirmitas
351 1826 527 1882 mortalitatis
535 1826 607 1881 ultra
616 1840 670 1880 non
682 1825 848 1882 dominetur.
902 1827 980 1884 illum
1002 1828 1161 1898 Dominum,
1177 1830 1301 1886 volentes
1327 1845 1389 1888 esse
1409 1832 1480 1887 servi
1508 1830 1579 1903 ejus,
1595 1831 1700 1904 quiesi

53 1921 237 1992 Bonprmotm
261 1919 326 1986 ista,
343 1934 398 1991 qua
424 1936 464 1975 nne
485 1920 513 1974 in
531 1928 660 1976 ueternum
673 1920 849 1991 confirmasti,
901 1918 972 1975 Deus
997 1918 1094 1986 lsrael,
1110 1919 1192 1977 idest
1213 1920 1364 1977 videntium
1393 1936 1433 1988 se,
1447 1924 1494 1993 qui
1521 1924 1644 1982 videntes
1670 1924 1697 1979 iu

59 2013 113 2070 etsi
128 2010 288 2068 bominibus
299 2026 383 2082 super
395 2025 440 2068 me
454 2025 603 2082 pauperem
618 2018 646 2066 et
657 2025 772 2082 mettum
795 2026 851 2067 non
901 2025 984 2066 cruce
1010 2009 1150 2066 Christum
1163 2027 1310 2083 pauperem
1326 2021 1495 2085 megenum,
1517 2014 1613 2071 dicunt
1626 2015 1699 2087 apud

59 2103 276 2175 intelligentibus
288 2111 331 2160 est
345 2101 523 2171 abscondita,
542 2111 633 2158 tamen
647 2108 690 2159 est
704 2101 851 2157 manifesta
902 2116 942 2169 se,
959 2103 1032 2173 quod
1046 2101 1116 2158 dixit
1134 2100 1237 2159 lsrael:
1265 2101 1336 2172 Vidi,
1353 2104 1452 2176 inquit,
1465 2104 1610 2159 Dominum
1630 2104 1699 2175 [ucis

59 2196 89 2252 iu
115 2204 255 2266 conspectu
280 2203 346 2260 tuo,
365 2203 393 2250 et
419 2193 447 2249 in
462 2202 610 2265 conspeetu
623 2193 697 2250 beati
716 2193 851 2264 cujusque
901 2194 937 2250 od
951 2194 1058 2264 inciens,
1072 2202 1098 2248 et
1112 2194 1188 2250 soluo
1203 2195 1277 2266 (octo
1293 2205 1333 2251 est
1344 2196 1435 2251 auimo
1445 2212 1504 2251 men
1517 2194 1594 2268 (Gen.
1609 2212 1699 2261 xxru,

58 2285 133 2352 viri,
152 2284 200 2357 qui
211 2283 337 2354 intelligit
354 2298 438 2354 super
456 2298 499 2339 me
512 2299 661 2356 pauperem
678 2292 706 2340 et
719 2299 849 2356 egenum,
901 2284 959 2356 au).
972 2283 1021 2341 llle
1035 2284 1131 2342 videns
1150 2286 1276 2357 angelum
1298 2286 1340 2343 sio
1359 2284 1511 2355 inllrmum,
1528 2295 1558 2342 ut
1580 2287 1607 2342 iu
1626 2287 1699 2344 lucta

60 2379 95 2435 all
108 2387 217 2449 tempus
236 2377 348 2450 quidem
364 2375 552 2444 infirmatum,
577 2377 688 2448 quando
712 2378 851 2432 intirmata
902 2374 941 2432 illi
958 2375 1127 2447 prevaleret,
1144 2385 1236 2433 tamen
1250 2375 1396 2434 confessus
1409 2385 1452 2434 est
1474 2392 1504 2434 se
1525 2377 1628 2435 vidisse
1643 2378 1699 2434 llo·

59 2478 103 2526 est
116 2468 206 2525 virtus
221 2483 282 2524 mea
299 2467 326 2523 in
349 2466 479 2524 manibus
501 2468 678 2524 inimicorum
707 2481 851 2532 uteorum,
902 2468 1019 2535 minum,
1032 2468 1097 2539 quia
1113 2468 1247 2525 intellexit
1262 2467 1290 2523 in
1312 2470 1410 2541 angelo
1424 2469 1528 2541 aliquid
1551 2484 1635 2541 super
1649 2486 1701 2527 an·

60 2559 110 2619 sud
131 2573 205 2616 nune
217 2574 250 2614 ea
266 2557 429 2617 iustitudine
441 2558 590 2626 firmatum,
604 2560 638 2616 de
656 2575 712 2632 qua
725 2558 794 2614 alias
807 2558 851 2614 di·
903 2559 1006 2631 gelum.
1023 2557 1055 2612 Et
1067 2567 1096 2614 tu
1110 2557 1206 2614 videns
1225 2558 1252 2613 in
1267 2573 1349 2615 atroce
1361 2557 1501 2616 Christum
1514 2574 1660 2631 pauperem
1673 2569 1702 2616 ει

65 2650 167 2708 thr:
191 2647 329 2705 Firmetur
348 2666 442 2706 munus
457 2661 514 2716 tua,
538 2660 564 2705 et
586 2650 719 2706 exaltetur
743 2650 853 2705 desum
902 2665 1031 2722 egenum,
1050 2650 1181 2707 connitere
1207 2658 1233 2706 ιε
1249 2649 1352 2707 vidisse
1375 2649 1700 2723 Dominum,iutelligens

63 2752 111 2799 tuo
134 2742 229 2816 (M
240 2760 374 2812 mrvttt,
397 2746 452 2814 ll).
479 2744 544 2801 ltem
567 2764 574 2799 :
599 2744 662 2800 Fini
685 2761 780 2799 merrus
806 2753 853 2798 tua
902 2742 1029 2798 videlicet
1049 2757 1131 2813 supra
1160 2743 1187 2800 id
1211 2743 1285 2815 quod
1307 2742 1395 2799 rides.
1411 2741 1544 2815 intellige,
1564 2743 1629 2815 quia
1649 2758 1700 2798 nec

61 2854 141 2909 super
162 2839 248 2894 uirum
274 2841 391 2898 dum
423 2847 491 2907 tun,
517 2854 595 2909 super
619 2838 706 2908 filium
727 2838 851 2905 borninis,
903 2833 975 2890 Deus
989 2842 1041 2900 est,
1056 2849 1107 2889 nec
1129 2833 1213 2890 bomo
1236 2834 1368 2905 pendens,
1382 2848 1465 2904 quam
1484 2835 1576 2891 cernis
1597 2834 1699 2906 imago,

61 2946 137 3002 quem
150 2930 315 3002 confirmasti
336 2931 388 2987 tibi
401 2930 489 3005 (M
502 2945 601 2995 urta,
618 2928 673 3002 lb).
689 2928 747 3003 Ego
766 2931 851 2996 entim,
903 2928 950 2983 sed
973 2924 1045 2983 Deus
1061 2934 1103 2982 est
1125 2936 1153 2982 et
1178 2927 1270 2995 bomo,
1289 2943 1370 3000 quem
1386 2936 1460 2985 certa
1479 2927 1580 3000 ssgurat
1596 2927 1696 3000 imago.

61 3020 126 3079 licei
145 3038 249 3095 egenus
276 3032 304 3080 et
328 3039 432 3096 pauper
456 3025 511 3081 sim
529 3023 607 3080 risus
633 3023 660 3078 in
692 3022 886 3114 infirmitatec
903 3023 972 3079 llum
988 3023 1072 3096 igitur
1087 3022 1176 3079 oculis
1193 3023 1285 3080 cernis
1300 3022 1420 3079 bominis
1442 3022 1572 3093 pauperis
1582 3031 1610 3078 et
1620 3023 1698 3094 egeni

61 3128 134 3182 mea,
149 3123 239 3172 tamen
253 3132 315 3173 sum
325 3116 465 3185 illedives,
476 3127 503 3173 ει
515 3116 708 3188 lortisdequo
718 3115 850 3187 seriptum
903 3115 1047 3185 pestilentis
1065 3116 1092 3171 in
1117 3126 1200 3170 cruce
1221 3113 1359 3169 vivificam
1384 3111 1550 3184 imaginem,
1578 3111 1700 3184 intellige

62 3213 106 3260 est
121 3223 128 3260 ι
143 3203 178 3260 Et
192 3206 331 3261 occubitus
345 3222 439 3262 nomen
451 3207 508 3276 ejus
527 3206 708 3272 admirabilis,
727 3204 853 3260 consiliu·
902 3205 977 3262 intus
992 3206 1020 3262 iu
1035 3208 1117 3265 corde
1135 3218 1161 3263 te
1174 3206 1267 3262 videre
1281 3203 1429 3260 Dominum
1442 3201 1513 3260 facie
1531 3204 1566 3260 ad
1588 3202 1698 3273 laniem,

61 3297 132 3362 rius,
147 3297 231 3366 Deus,
248 3298 337 3370 portis,
354 3297 438 3354 Pater
453 3298 539 3369 [utari
550 3296 658 3365 seculi,
672 3298 792 3368 prinecps
802 3314 852 3371 po·
902 3297 969 3353 dum
983 3314 1049 3355 sans
1064 3300 1117 3356 ilde
1129 3298 1204 3370 sapis
1221 3297 1298 3354 illum
1317 3310 1379 3353 esse
1391 3293 1489 3363 Deum,
1501 3309 1584 3366 quem
1608 3295 1700 3352 cernis

63 3392 101 3446 cis
114 3390 184 3463 (lsu.
202 3406 245 3459 tx,
261 3389 300 3462 o).
313 3390 370 3463 Ego
384 3391 468 3448 etiam
482 3404 543 3446 sum
556 3388 645 3455 lortis,
659 3397 686 3444 et
705 3396 801 3458 potetis
822 3388 851 3445 in
902 3392 1058 3461 bominem;
1077 3408 1138 3450 esse
1148 3391 1297 3448 Dominum
1307 3388 1520 3460 divitem,qnem
1534 3386 1625 3443 cernis
1635 3402 1700 3458 ege·

62 3484 175 3555 praelio,
194 3484 243 3556 qui
270 3484 369 3540 tortior
380 3482 480 3538 iontem
498 3491 635 3539 armatum
650 3480 804 3547 debcllabo,
818 3495 850 3537 uc
901 3502 969 3543 num
991 3494 1018 3541 ει
1039 3501 1206 3559 pauperem;
1230 3499 1292 3541 esse
1320 3481 1545 3553 omnipotentem,
1560 3477 1640 3549 cujus
1669 3479 1697 3533 iu

62 3578 232 3650 despoliabo,
248 3577 362 3651 ejiciens
385 3577 463 3633 illum
477 3576 511 3633 de
530 3575 601 3633 atrio
617 3589 668 3630 suo
683 3572 852 3645 quaritumli·
901 3593 984 3636 cruce
999 3577 1075 3633 vides
1101 3576 1304 3643 infirmitatem
1322 3588 1383 3630 esse
1404 3571 1489 3628 vitam
1512 3580 1696 3634 mortuorum,

60 3667 107 3724 bet
124 3666 231 3725 ioruter
245 3668 364 3738 munito,
379 3676 407 3725 et
432 3667 520 3739 spolia
536 3667 597 3738 ejus
621 3664 749 3721 auterens
774 3679 851 3720 meos
901 3682 982 3739 quem
994 3667 1085 3724 cernis
1098 3674 1255 3732 mortuum
1267 3678 1329 3720 esse
1344 3662 1527 3732 Salinatorem,
1543 3677 1624 3734 quem
1638 3677 1698 3718 cer·

61 3761 165 3830 ditabo,
181 3770 264 3833 atque
278 3777 329 3833 pro
350 3762 490 3818 intellectu
516 3760 563 3816 illo
584 3758 768 3825 beatificabo,
794 3772 850 3829 qtto
900 3758 945 3816 nis
955 3758 1140 3814 vulneratum.
1150 3756 1197 3812 Sic
1206 3756 1304 3812 videns
1315 3753 1461 3809 Dominum
1472 3752 1542 3809 facie
1552 3753 1585 3808 ad
1597 3751 1697 3807 lactem

61 3867 144 3924 super
155 3868 201 3909 me
218 3868 365 3927 pauperem
378 3860 407 3910 et
427 3866 544 3924 egetmm
559 3849 764 3917 intellexerunt,
777 3847 851 3919 quod
901 3859 929 3907 ει
939 3859 968 3905 tu
982 3848 1132 3906 mereberis
1147 3846 1243 3905 audire
1258 3843 1456 3916 :Nequaquam
1476 3843 1549 3898 uitro
1564 3844 1697 3898 vocaberis

61 3946 149 4001 oculis
166 3944 260 4002 videre
273 3962 328 4002 non
342 3952 502 4018 potuerunt.
519 3941 643 4000 Videndo
664 3955 785 4012 namque
807 3954 851 3995 mu
900 3941 995 4007 Jacob,
1010 3941 1056 3997 sed
1078 3939 1166 3996 lsrael
1180 3940 1231 3995 erit
1252 3953 1346 3992 nomen
1362 3944 1438 3990 tuum
1451 3934 1529 4009 (Gerr.
1545 3951 1627 4002 aare,
1640 3935 1695 4005 tu).

60 4051 207 4110 pauperem
242 4049 270 4097 et
287 4054 404 4113 egenum
424 4038 562 4095 bominem
591 4033 742 4094 secundum
759 4034 851 4089 carnis
900 4034 985 4094 lsrael
1000 4048 1121 4105 namque
1143 4029 1396 4102 interpretaturus
1415 4024 1697 4084 renuntiandum

61 4128 267 4198 mortalitatem,
284 4129 471 4195 crediderunt,
496 4139 577 4199 atque
594 4140 644 4197 per
666 4123 744 4195 sigua
758 4130 785 4178 et
798 4122 850 4178 do·
900 4144 966 4202 ergo
988 4138 1016 4184 tu
1041 4127 1070 4183 in
1085 4125 1192 4197 depicta
1207 4120 1327 4194 imagine
1347 4119 1449 4177 Christi
1468 4119 1593 4175 cruciiixi
1611 4117 1697 4175 Deum

61 4219 165 4277 ctrinas
178 4235 255 4277 meas
269 4220 463 4277 intellexerunt
476 4232 521 4273 me
533 4214 619 4272 Deum
633 4214 848 4285 omnipotentem
900 4221 1042 4294 intelligis,
1056 4218 1140 4276 lsrael
1156 4216 1211 4273 dici
1225 4212 1340 4286 poteris,
1350 4221 1377 4269 ει
1389 4212 1425 4267 ad
1447 4220 1473 4268 ιε
1492 4211 1609 4283 pertinet
1623 4209 1698 4281 quod

62 4311 153 4367 omnia
168 4314 309 4369 scientem.
334 4310 413 4369 Unde
428 4310 528 4383 aliquis
551 4324 648 4367 eoruru
668 4306 737 4363 dixit
756 4306 823 4362 mihi
840 4324 847 4360 τ
901 4315 947 4371 bio
960 4312 1062 4370 dicitur
1074 4331 1081 4367 :
1094 4309 1252 4366 benedictus
1270 4305 1401 4361 Dominus
1421 4303 1492 4360 Deus
1508 4303 1606 4372 lsrael,
1618 4302 1699 4358 idest

62 4402 183 4472 ”titides
199 4406 222 4462 δι’
233 4405 283 4474 ⁰5⁸,
302 4415 376 4476 sitiet
390 4421 431 4460 me
452 4402 581 4459 mundare
604 4398 714 4472 (uuirt.
732 4398 847 4470 l¹1¹.2)·
864 4405 1052 4489 „videntium
1067 4401 1171 4469 Deum;
1193 4397 1356 4464 videntium,
1372 4395 1427 4453 riou
1440 4395 1620 4452 invidentium
1636 4392 1697 4449 :vi-

62 4494 127 4550 stim
140 4494 209 4551 illus
227 4495 483 4567 :Domittbisstlssib
498 4492 739 4562 nillitlmdt‘inti,
756 4499 786 4544 ιι
807 4490 849 4543 ¹⁹²¹·
900 4498 1022 4555 dentium
1044 4495 1165 4551 bdelium
1191 4492 1310 4549 revelata
1333 4489 1414 4554 lucie,
1437 4504 1493 4544 nou
1514 4485 1695 4542 invidentium

63 4599 115 4642 tres
129 4586 177 4643 sub
189 4598 286 4645 tectum
305 4607 410 4661 meum,
430 4590 476 4647 sed
491 4599 595 4646 tontum
606 4587 650 4643 dic
661 4586 738 4643 uario
748 4627 756 4653 ,
768 4593 792 4640 ει
804 4600 849 4639 sn·
899 4589 1068 4655 ludaeorum,
1086 4586 1188 4658 quibus
1197 4594 1240 4642 cst
1252 4583 1376 4640 velamen
1387 4595 1470 4652 super
1480 4595 1538 4646 cor;
1547 4579 1607 4650 ipsa
1616 4577 1695 4650 egeni

62 4676 169 4734 nubitur
182 4695 247 4751 puer
269 4698 342 4738 naeus
356 4681 445 4751 (ibid,
462 4680 501 4754 8).
522 4680 563 4735 llli
584 4693 667 4750 super
688 4692 733 4732 me
746 4689 849 4747 paupe·
899 4690 927 4739 ct
939 4682 1068 4753 pauperis
1081 4676 1233 4743 humilitas,
1244 4675 1273 4730 in
1287 4689 1343 4745 qua
1357 4687 1413 4728 nou
1432 4671 1473 4727 eis
1488 4679 1602 4743 apparet
1616 4670 1696 4726 altis·

62 4787 119 4828 rem
134 4780 161 4828 et
170 4787 287 4845 egenum
303 4773 510 4844 intellexerunt,
518 4772 584 4845 quia
596 4769 745 4843 potentium
758 4782 848 4823 meum
900 4774 971 4832 sima
986 4773 1074 4844 ipsius
1093 4769 1233 4827 divinitas.
1254 4767 1381 4822 Attamen
1404 4764 1523 4836 populus
1543 4764 1589 4821 ille
1606 4765 1696 4835 maior

61 4862 180 4921 ⁰⁰⁰s⁰⁸⁸l
197 4874 272 4934 ⁸⁰³¹»
286 4882 342 4923 ¹¹⁰n
362 4868 473 4939 qualem
495 4865 597 4922 hebeni
611 4862 698 4919 sancii
712 4860 765 4917 mei
779 4901 787 4928 2
801 4859 848 4932 (ιιιί
900 4865 985 4924 servit
998 4862 1109 4920 minori.
1123 4860 1194 4917 Sunt
1207 4859 1280 4916 enim
1296 4856 1383 4914 tndaei
1396 4857 1513 4929 capsarii
1531 4856 1631 4922 nostri,
1647 4856 1695 4927 qui

62 4956 166 5013 orando
179 4958 311 5016 sanitates
324 4960 482 5033 impetrant,
495 4959 543 5016 sed
555 4955 665 5031 qualem
680 4954 756 5011 solus
775 4951 848 5007 Deus
899 4955 981 5012 nobis
995 4953 1105 5010 codices
1127 4957 1249 5022 portam,
1261 4963 1378 5020 quorum
1400 4945 1559 5004 testimonio
1584 4946 1643 5016 ipse
1667 4953 1696 5001 ct

62 5044 153 5115 bihel,
167 5048 215 5120 qui
236 5063 319 5107 ⁰¹1¹¹te
338 5052 412 5123 quod
431 5051 490 5108 tuli
503 5057 609 5122 polest,
629 5047 731 5120 quidue
751 5044 847 5115 iubet,
898 5045 998 5119 pagani
1021 5041 1188 5103 etbaeretici
1203 5039 1392 5107 consulantur,
1405 5037 1552 5109 siquando
1571 5036 1645 5107 quod
1660 5037 1695 5090 de

61 5146 89 5195 ει
102 5138 132 5194 ut
152 5141 226 5210 qnod
249 5141 340 5212 jubet.
361 5143 442 5201 ultus
457 5143 541 5200 etiam
554 5141 677 5198 divinam
694 5137 849 5207 intelligens
899 5138 1011 5196 cbristo
1040 5136 1083 5192 vel
1110 5133 1232 5191 Ecclesia
1269 5131 1409 5198 dicimus,
1434 5125 1637 5185 contradicunt.
1657 5123 1695 5179 lle

32 5211 42 5224 ⁵
62 5231 90 5288 in
115 5248 160 5290 ure
184 5234 327 5291 seientiam
347 5235 416 5291 dixit
444 5235 535 5291 mibi:
562 5233 684 5296 domine,
708 5239 737 5285 tu
760 5228 850 5283 onruin
900 5227 1005 5286 chartis
1020 5219 1094 5285 enim
1109 5223 1215 5281 inimici
1229 5221 1317 5310 Judaei
1332 5219 1506 5278 convincitur
1519 5215 1693 5273 adversarius

61 5325 130 5393 scis,
154 5336 184 5381 tu
201 5327 253 5383 scis
266 5327 330 5399 puio
343 5344 403 5383 nmo
417 5336 442 5383 te
465 5326 556 5398 (loon.
573 5341 631 5393 xxt,
643 5323 699 5396 ll).
716 5320 768 5390 Qui
784 5333 850 5390 ergo
899 5335 1034 5392 paganus,
1050 5328 1081 5375 ut
1093 5317 1187 5375 dicere
1196 5331 1252 5371 non
1265 5314 1376 5380 audeat,
1387 5310 1459 5385 quod
1470 5309 1523 5367 sibi
1535 5307 1693 5366 testimonia

62 5433 106 5474 me
127 5417 267 5476 bominem
282 5420 428 5477 confessus
439 5431 483 5477 est
499 5418 591 5475 omnia
607 5417 687 5484 scire,
700 5411 848 5484 utiqueiu-
900 5410 1065 5469 confluxerit
1084 5408 1271 5475 Christianus,
1287 5404 1367 5476 cujus
1393 5402 1540 5460 assertioni
1568 5398 1693 5456 testimo·

61 5509 236 5569 telleritme
264 5512 349 5570 ileum
364 5528 445 5579 esse,
468 5511 533 5583 quia
555 5508 666 5566 nonnisi
687 5506 775 5563 solius
801 5503 849 5560 Del
900 5505 978 5561 nium
993 5502 1108 5576 porrigit
1129 5502 1213 5558 etiam
1229 5498 1359 5555 inimicus
1381 5494 1503 5552 Judaeus.
1523 5492 1552 5548 Si
1570 5490 1644 5548 enim
1659 5490 1694 5545 do

61 5611 103 5660 est
121 5605 215 5662 omnia
226 5606 307 5664 scire.
322 5605 370 5664 Sic
382 5619 465 5677 super
477 5619 521 5659 me
535 5615 682 5674 pauperem
693 5607 722 5656 et
730 5611 849 5670 egenum
900 5597 954 5655 isto
967 5611 1054 5670 egeno
1067 5604 1094 5652 et
1108 5599 1241 5667 paupere,
1252 5591 1300 5663 qui
1315 5591 1367 5648 sub
1381 5588 1477 5646 Pontio
1487 5587 1575 5642 Pilato
1585 5583 1692 5656 judiea-

63 5695 170 5756 divinas
193 5699 410 5775 magniucentias
433 5694 645 5769 intelligentibus
668 5700 719 5760 tu,
749 5689 848 5755 Pater,
900 5698 946 5747 tus
968 5696 1012 5746 est
1033 5687 1145 5760 iniuste,
1156 5685 1204 5743 ilat
1227 5682 1342 5758 quaetio
1364 5694 1501 5754 apagano
1519 5678 1611 5749 aliquo
1627 5693 1633 5730 :
1649 5672 1692 5727 dn
