3817 6000
171 163 256 263 aare*
538 175 541 183 '
650 154 802 276 cestrota
821 176 1016 250 euneostai
1035 150 1309 248 nntcttsnsrsnc.
1729 152 1815 240 tota

171 300 286 375 ,hostem
311 300 425 386 peceati,
451 326 500 366 nee
525 290 724 382 ,altampetram
748 309 849 381 pariter
872 304 961 363 insitae
977 308 998 365 Α
1015 322 1025 355 r
1045 302 1115 359 Sunt
1133 323 1143 356 t
1159 302 1233 360 enirn
1255 298 1504 358 «administratorii
1522 296 1642 373 Spiritus
1664 299 1693 355 in
1714 298 1801 355 mini-

170 409 223 467 sibi
237 405 398 471 diuinitatis,
413 412 440 457 rt
455 416 516 455 rum
531 401 589 471 ipsa
604 411 730 472 separata
753 394 834 455 inerit
859 413 874 452 a
898 412 960 452 cora
1012 396 1125 451 sterium
1139 394 1218 451 missi
1229 402 1341 466 propter
1354 408 1402 450 eos
1422 392 1470 464 qui
1489 393 1675 449 hereditatem
1689 391 1805 462 capiunt

171 516 237 572 pore
252 513 314 553 mco
328 505 449 560 mortua,
465 493 507 546 itii
519 488 601 559 vivet,
615 490 662 562 qni
674 506 734 546 eam
746 490 774 545 in
785 504 884 546 manus
896 503 962 544 suas
1012 486 1109 546 salutis
1122 484 1217 560 (datr.
1232 503 1252 555 1,
1269 487 1324 557 tt).
1340 505 1350 539 r
1368 484 1461 557 ltaque
1479 485 1538 542 sire
1551 485 1651 558 angeli,
1662 483 1722 541 sire
1736 498 1805 554 ape·

171 588 390 650 commertdatam
405 584 514 656 corpori
532 597 594 639 meo
613 582 748 638 restituet.
1013 579 1076 637 stoli
1094 588 1122 635 et
1139 578 1312 651 evangeliste
1328 577 1357 633 iu
1373 588 1520 634 commune
1541 573 1738 631 annuuntiaiunt
1753 575 1804 644 ja·

208 681 242 737 Et
259 695 345 735 senten
359 693 447 731 meunt
470 676 562 731 reniet
584 674 645 744 ipsi.
661 670 720 727 lloe
735 679 788 738 est,
802 670 876 743 quod
894 668 963 727 mibi
1013 672 1117 728 aritiam
1132 668 1181 727 liei
1191 670 1300 743 populo,
1313 668 1359 742 pai
1369 676 1495 725 nascetur
1513 683 1545 724 cx
1569 682 1641 739 aqua
1661 674 1689 722 et
1704 665 1806 737 spiritu

171 774 198 829 in
219 772 287 827 isaia
305 767 471 839 promissum
486 770 537 828 est,
552 763 600 818 ubi
614 758 648 819 de
659 776 705 817 me
718 760 758 818 sic
780 761 938 817 dictumest
953 778 961 815 ε
1014 780 1062 836 per
1074 764 1165 820 litletn.

175 884 185 917 a
205 863 233 917 Si
252 859 375 932 posuerit
396 871 447 927 pro
463 860 577 926 peccatu
601 852 722 908 animam
751 866 842 919 suam,
862 849 964 907 ridebit
1051 857 1196 930 signanter
1218 862 1261 913 est
1282 848 1434 912 notandum
1461 851 1534 925 qrrud
1558 848 1684 908 dieitur:
1706 842 1809 921 papeia

173 966 266 1013 sennen
283 955 447 1022 longaevum,
460 946 627 1004 etvoluntas
640 944 747 1000 bomini
763 944 790 999 in
806 956 892 1025 manu
902 943 964 1014 elus
1013 951 1060 1025 pei
1076 960 1208 1017 nascatur,
1219 950 1284 1022 qnia
1297 949 1356 1005 fleri
1370 952 1469 1019 patrat,
1482 955 1512 1001 nt
1528 938 1629 1015 aliquis
1648 942 1809 1013 baptizetur

173 1046 306 1116 dirigerer
319 1040 388 1113 (lia.
403 1055 464 1105 1111,
479 1035 535 1107 id).
555 1054 565 1089 r
583 1034 640 1091 lioc
664 1030 748 1107 igitur
772 1049 859 1090 senten
878 1048 964 1088 meam
1015 1038 1105 1108 dctus,
1122 1046 1153 1095 ut
1166 1037 1262 1095 Simon
1275 1037 1381 1111 ilagus,
1397 1034 1563 1107 cujusnulia
1575 1025 1809 1105 justitiabotuino

173 1135 242 1191 mihi
267 1131 447 1207 promissum,
467 1130 521 1186 ¹¹00
545 1143 631 1183 11111111
653 1125 810 1198 1011111111,
836 1124 966 1180 omnibus
1015 1137 1058 1187 est
1070 1128 1245 1198 annuntiata,
1262 1128 1326 1200 quia
1338 1118 1491 1198 baptizatus
1503 1125 1751 1197 quidem,sctlnon
1765 1136 1811 1180 est
1843 1132 1848 1145 ¹

174 1227 289 1293 scilicet,
304 1225 351 1295 qud
368 1237 418 1295 per
435 1233 524 1276 meam
546 1217 715 1289 passionem,
736 1216 965 1272 resurrectionem
1016 1230 1139 1291 renatus,
1150 1231 1199 1277 put
1212 1229 1370 1278 renouatus,
1386 1217 1489 1289 Populo
1504 1226 1607 1285 autem,
1622 1215 1668 1288 pati
1682 1226 1811 1272 nascetur

174 1327 202 1374 et
222 1314 412 1371 ascensionem
436 1309 567 1366 credituri
592 1317 668 1377 sunt,
689 1309 783 1362 seruiet
805 1306 867 1377 ipsi.
891 1305 967 1361 Licet
1016 1314 1044 1370 in
1062 1330 1162 1371 novam
1183 1312 1316 1381 sonarem,
1332 1310 1537 1368 annuntiabitur
1556 1309 1676 1381 11111111.
1699 1307 1810 1365 Etenim

175 1410 248 1465 enim
266 1423 321 1464 non
345 1419 443 1462 omnes
462 1400 605 1473 baptizati,
626 1399 679 1455 hoc
700 1408 752 1466 est,
767 1396 919 1465 visibiliter,
939 1405 968 1453 ei
1017 1418 1081 1460 cum
1096 1418 1148 1476 ego
1164 1402 1292 1460 Christus
1306 1403 1460 1474 baptizaret·
1481 1416 1497 1456 a
1517 1396 1633 1467 imane,
1657 1404 1741 1471 atque
1754 1399 1812 1454 1101,

177 1502 354 1557 Sacramenta
374 1507 454 1552 tenus
478 1491 557 1549 tincti
569 1492 689 1547 sentam
703 1490 739 1556 ei,
757 1498 848 1546 tamen
870 1502 967 1545 omncs
1017 1490 1203 1550 ministerium
1227 1502 1411 1564 expavescens
1433 1497 1562 1548 renueret
1589 1486 1645 1557 ilie,
1671 1484 1728 1546 dlxi
1751 1488 1779 1545 ei
1802 1507 1809 1544 ι

175 1593 275 1658 renati,
289 1589 398 1647 etmihi
422 1584 602 1657 incorporati,
617 1598 753 1653 tutumque
772 1597 859 1637 senten
878 1578 966 1636 effecti
1017 1603 1031 1641 ,r
1046 1582 1111 1641 Sine
1127 1585 1209 1642 modu
1224 1603 1231 1641 ε
1248 1584 1289 1641 sic
1301 1585 1375 1641 enlm
1386 1583 1464 1641 dccet
1475 1594 1527 1638 not
1537 1576 1686 1653 adimplere
1696 1594 1812 1638 omnem

175 1685 287 1740 randena
300 1683 335 1747 ei,
355 1690 383 1735 et
401 1686 483 1735 crunt
500 1675 587 1748 ipsius
608 1673 656 1729 titii
667 1673 796 1746 ‘adoptivi
810 1691 817 1728 :
833 1671 966 1744 quoniam
983 1654 1151 1748 Biantitiarn
1165 1672 1275 1749 (runata.
1289 1690 1331 1745 ut,
1346 1672 1400 1748 15),
1417 1690 1427 1727 r
1446 1672 1553 1747 Quippe
1567 1670 1621 1730 hoe
1632 1674 1740 1745 Jnsrum
1753 1681 1811 1737 est,

212 1774 294 1831 Vens.
310 1773 356 1828 51.
380 1769 591 1825 dnrtnntiabitar
614 1764 726 1822 bomine
750 1765 883 1838 porario
906 1781 968 1820 vett·
1020 1769 1155 1836 urbemn,
1167 1769 1215 1840 qul
1229 1769 1264 1825 dc
1277 1777 1349 1825 terra
1369 1777 1479 1825 creatus
1489 1775 1531 1823 cst
1542 1775 1570 1823 et
1584 1780 1614 1823 se
1629 1766 1700 1821 ultra
1723 1762 1813 1823 eteius

177 1880 248 1935 rura,
276 1873 301 1920 et
329 1853 525 1918 ennuntiatione
548 1860 607 1914 caeti
625 1859 762 1929 justitiam
784 1857 842 1927 ejus
861 1855 968 1927 populo,
1019 1862 1126 1930 extulit,
1152 1873 1233 1918 suunt
1256 1861 1379 1918 ordinem
1405 1868 1595 1933 recognoscat,
1619 1870 1646 1915 ct
1675 1860 1811 1931 quonlam

176 1959 223 2029 qui
235 1964 369 2020 nascetur,
385 1968 461 2024 quem
480 1952 542 2022 [ecit
561 1949 701 2005 Dominus.
716 1946 750 2003 Et
763 1949 874 2019 quidem
888 1955 971 2004 erunt
1020 1970 1091 2026 aqna
1107 1961 1150 2010 est
1164 1948 1434 2019 111115111111111111111,
1448 1964 1531 2023 qnam
1546 1959 1618 2008 terra
1633 1960 1742 2007 11111111
1760 1948 1811 2007 he

178 2047 262 2119 aliqui
275 2041 475 2115 indisciplinati
488 2051 515 2098 et
526 2041 658 2108 ltaeretiei,
672 2040 719 2110 qui
731 2040 803 2096 banc
816 2039 971 2112 generatio·
1021 2045 1104 2100 minis
1114 2043 1228 2099 materia
1240 2042 1293 2098 sub
1304 2041 1434 2114 aquaead
1445 2038 1572 2096 ordinem
1587 2052 1668 2096 sunna
1679 2038 1814 2109 depressa

178 2152 243 2199 nem
261 2137 312 2193 sibi
327 2136 470 2206 assignare
483 2141 661 2206 presumant,
676 2122 713 2187 ita
734 2139 766 2187 ut
786 2146 868 2188 suurn
880 2130 971 2203 bapti·
1021 2145 1049 2192 et
1062 2133 1206 2190 humiliata
1228 2142 1350 2191 resumat
1363 2130 1499 2204 iustitiam
1514 2129 1542 2187 iu
1565 2146 1610 2188 me
1629 2146 1702 2188 nem
1722 2130 1812 2188 Adam

177 2246 238 2288 sana
261 2235 464 2287 sacramentum
491 2227 595 2294 dicant,
617 2233 645 2281 et
672 2224 772 2281 exinde
794 2231 971 2296 regeneratas
1021 2229 1173 2299 subaquas
1187 2227 1437 2298 humiliatorium
1451 2222 1570 2299 perdidit
1583 2224 1711 2296 inprime
1724 2224 1813 2280 Adam

177 2322 250 2379 iiiios
264 2321 371 2378 nomini
398 2332 451 2376 suo
475 2317 624 2384 assiliunt,
646 2325 688 2383 ut,
710 2315 785 2374 verbi
807 2317 906 2389 gratia,
926 2315 972 2372 di·
1023 2336 1106 2394 super
1126 2319 1212 2376 coelos
1236 2334 1285 2391 per
1309 2317 1466 2388 superbiam
1489 2312 1573 2372 elato.
1596 2312 1643 2372 Sic
1655 2329 1722 2387 erge
1734 2315 1815 2371 decet

178 2422 276 2472 cantur
287 2412 372 2482 aliqui
388 2410 546 2477 Donatistae,
558 2407 643 2479 aliqui
657 2408 763 2476 Ariani,
776 2406 859 2479 aliqui
873 2405 971 2464 Nesto
1022 2424 1074 2469 uos
1086 2412 1349 2483 adimplereamnem
1360 2408 1505 2481 justitiam,
1517 2414 1545 2464 et
1558 2400 1814 2479 temperassem,

179 2505 261 2570 niani,
273 2503 315 2558 rel
328 2498 502 2573 Eutychiani.
519 2496 573 2555 Sed
586 2498 747 2569 huiusmodi
759 2498 843 2555 sectis
854 2497 926 2553 inter
939 2512 971 2555 sc
1022 2511 1054 2561 nr
1064 2504 1200 2559 iurarent
1221 2514 1299 2574 aqnae
1312 2500 1446 2572 usquead
1459 2499 1579 2556 animaru
1594 2510 1695 2568 meam,
1713 2514 1724 2552 r
1737 2500 1815 2555 reni

180 2590 428 2665 compugnantibus
442 2597 470 2646 et
486 2588 676 2647 deficientibus
690 2588 896 2645 annuntiabitur
916 2588 971 2644 lio-
1022 2596 1118 2667 quein
1134 2595 1307 2652 altitudinem
1322 2593 1459 2661 nesciaet
1469 2600 1616 2664 tempestas
1629 2591 1760 2649 demersit
1771 2605 1816 2648 nne

179 2687 251 2741 urina
269 2682 404 2757 pannutia
424 2681 528 2751 lutura,
554 2691 582 2742 et
609 2684 735 2740 dicentur
753 2696 768 2737 a
789 2695 834 2738 me
860 2680 971 2738 cbristo
1000 2726 1003 2731 ,
1024 2686 1112 2759 (Pani.
1127 2686 1278 2757 1111111),
1293 2702 1304 2740 t
1322 2695 1354 2743 ut
1376 2682 1406 2743 in
1420 2700 1466 2743 me
1489 2682 1685 2757 adimpleretur
1706 2684 1816 2756 iustitia

179 2772 472 2846 christianumtiibet
485 2774 597 2843 excelsi,
612 2773 907 2845 nonliliicujusquant
924 2773 973 2829 ba·
1025 2775 1199 2833 humititatis.
1236 2772 1313 2833 Hane
1339 2774 1426 2847 ipsam
1455 2772 1593 2846 justitient
1618 2772 1819 2828 anuntiabant

180 2869 281 2938 ptistae,
293 2867 425 2938 quoniam
441 2874 469 2921 et
485 2865 536 2937 ipsi
553 2864 612 2920 ceti
627 2862 825 2920 annuntiabunt
834 2863 972 2934 justitiam
1024 2867 1095 2935 ccii,
1117 2862 1234 2938 apostoli
1247 2862 1386 2935 videlieet,
1400 2863 1507 2938 poprie,
1528 2865 1575 2938 nai
1590 2875 1724 2933 naeetar,
1738 2878 1818 2936 enm

180 2959 258 3030 ejus,
272 2955 384 3029 qttaudo
398 2955 515 3027 apostoli
530 2954 584 3012 naci
596 2954 735 3013 docebunt
748 2968 804 3010 uon
819 2953 847 3010 in
859 2953 972 3011 bomine
1031 2958 1094 3030 serit
1108 2958 1249 3016 Dominus.
1262 2955 1395 3016 Nascetur
1408 2972 1443 3017 ex
1457 2970 1529 3030 aqua
1539 2964 1568 3016 et
1579 2955 1678 3030 spirita
1692 2968 1742 3029 per
1752 2968 1819 3031 gra·

182 3048 339 3122 ponendam
351 3045 482 3103 fiduciam
493 3047 527 3104 de
540 3046 670 3117 baptismi
689 3046 789 3116 grstia,
803 3045 840 3100 ita
855 3053 886 3102 ut
903 3044 975 3102 alias
1025 3050 1092 3108 tiam
1115 3061 1337 3123 regenerantem,
1361 3051 1408 3108 iiie
1426 3052 1559 3124 popalus,
1580 3065 1657 3124 preat
1676 3049 1740 3123 {wit
1758 3050 1818 3105 lie·

182 3142 255 3196 aiirat
272 3158 279 3196 :
296 3158 306 3192 r
325 3138 382 3211 Ego
401 3153 463 3195 sum
478 3136 568 3209 Pauli,
588 3156 598 3191 t
617 3148 646 3194 et
667 3137 761 3193 alins:
782 3135 975 3210 alienantem
1026 3144 1114 3200 ninus
1134 3159 1145 3198 .·
1163 3143 1228 3201 lecit
1246 3144 1375 3214 primitus
1394 3144 1430 3201 tle
1452 3144 1558 3210 utibile,
1575 3157 1672 3201 creans
1693 3149 1725 3201 ut
1743 3152 1819 3200 esset

182 3220 291 3302 Apollo,
309 3247 321 3284 t
336 3233 458 3301 iteratque
472 3225 544 3287 alius
559 3245 568 3284 t
586 3247 597 3281 a
613 3227 672 3301 Ego
682 3243 748 3284 vero
758 3225 859 3299 cepha
871 3227 897 3301 (l
910 3225 974 3285 Car.
1026 3235 1118 3307 aliqua
1132 3245 1269 3303 creatura,
1291 3235 1355 3293 lecit
1375 3239 1471 3308 pudes
1486 3249 1536 3309 per
1549 3231 1683 3308 gratiam,
1698 3243 1730 3292 ut
1742 3245 1819 3293 esset

183 3338 204 3389 1,
219 3321 280 3392 111;
298 3341 308 3374 r
324 3321 372 3378 scd
386 3322 556 3392 quicunque,
570 3320 614 3375 uel
628 3319 836 3392 qualescunque
857 3318 913 3375 sint
924 3319 976 3375 lta·
1026 3342 1098 3383 neve
1121 3337 1258 3385 11111111,
1284 3325 1394 3385 eradat
1413 3325 1500 3400 igitur
1525 3333 1590 3401 agat
1609 3327 1657 3385 ilie
1677 3328 1818 3400 populus,

184 3415 283 3485 paiste,
296 3423 379 3485 atque
392 3411 642 3481 administratores,
658 3406 869 3484 regeneratricis
881 3413 977 3486 gratiae
1027 3433 1108 3491 quern
1124 3418 1188 3477 iecit
1198 3415 1332 3476 Dominus
1342 3420 1496 3476 minutaric
1506 3417 1620 3492 pipinus
1629 3431 1693 3477 urm
1711 3420 1821 3477 «aerbo

182 3503 333 3561 dummodo
350 3501 488 3574 baptizent
501 3501 623 3574 legitime
638 3502 668 3559 in
693 3506 806 3562 nomine
830 3499 931 3574 Patris,
949 3514 977 3563 et
1027 3510 1159 3580 ueritatis,
1187 3521 1218 3568 nt
1242 3511 1279 3569 sit
1309 3511 1420 3568 initium
1449 3506 1562 3584 aliquod
1598 3521 1732 3570 creaturae
1758 3513 1820 3585 siaa

183 3593 302 3664 1111111
321 3593 440 3667 Spiritus
461 3594 562 3663 sancti,
584 3594 743 3653 indtlierens
761 3606 804 3654 est
817 3597 907 3669 ipsunt
930 3614 977 3655 sa·
1028 3599 1133 3677 (terat.
1149 3619 1169 3673 1,
1181 3604 1238 3676 18).
1258 3619 1268 3658 1

181 3697 369 3754 crementum,
393 3701 483 3757 11111111
497 3701 546 3757 iil
564 3686 653 3743 1101103
677 3683 788 3757 meliti&
817 3698 906 3761 n⁰il¹¹⁰
929 3701 979 3760 per
1065 3695 1158 3753 Gttrta
1179 3695 1258 3753 Patri
1280 3697 1412 3769 papatum
1435 3707 1535 3753 nusum
1552 3697 1581 3753 in
1596 3697 1680 3754 rerba
1693 3688 1819 3754 ueritatis

163 3859 165 3862 Ι
185 3778 274 3836 malos
285 3779 364 3852 pejus
375 3777 477 3835 existit.
491 3777 703 3836 denuntiabitur
716 3778 832 3836 liernirw
843 3783 978 3853 pannutia
1029 3783 1163 3861 gignenti,
1179 3787 1274 3844 Gloria
1296 3783 1371 3843 Filio
1385 3796 1588 3845 caeninensium
1609 3787 1692 3860 unlus
1706 3797 1820 3860 genun-

184 3881 305 3940 ncntara,
318 3869 439 3961 'quande
464 3871 551 3927 solius
574 3868 675 3927 divine
702 3874 798 3944 gratiae
824 3871 979 3930 fecunditas
1028 3877 1113 3937 tionis
1125 3879 1153 3936 in
1168 3895 1219 3937 sua
1230 3879 1360 3952 passione
1372 3878 1660 3951 condemnaremur
1675 3893 1819 3951 regenera-

185 3980 235 4034 per
247 3979 346 4035 aquam
365 3972 393 4020 et
410 3961 543 4034 Spirimm
564 3961 635 4020 illies
658 3957 707 4021 bei
729 3961 922 4037 multiplicabit
936 3966 979 4021 rel
1030 3970 1125 4025 tricem
1141 3967 1175 4025 de
1186 3968 1271 4025 latere
1286 3983 1337 4025 suc
1351 3968 1381 4025 in
1394 3979 1477 4025 cruce
1493 3966 1630 4025 fundenti.
1648 3967 1744 4025 meria
1757 3966 1819 4040 Spi-

186 4053 215 4110 in
230 4065 324 4111 sauma
335 4051 458 4111 Ecclesia
474 4054 717 4125 regeneratus,rel
731 4055 977 4125 extrabaptiaatus
1030 4061 1096 4116 ritui
1110 4070 1203 4117 ranno
1216 4061 1341 4118 eamdent
1353 4070 1454 4132 aquam
1469 4061 1646 4118 suaerlrtutis
1655 4060 1822 4118 marmana
1862 4059 1866 4064 ’

169 4145 313 4201 'aeidum
327 4144 458 4202 Ecclesiae
469 4145 673 4211 meandiiatos,
685 4144 757 4201 inter
769 4151 841 4217 quos
855 4143 914 4202 bec
926 4146 980 4202 crit
1028 4147 1200 4222 recaedenti,
1219 4159 1249 4208 ut
1265 4163 1341 4210 nune
1360 4154 1391 4208 in
1404 4160 1528 4225 ternpore
1548 4161 1678 4209 11111111
1692 4153 1820 4224 papatus,

187 4240 353 4307 differentia,
369 4249 400 4294 ut
420 4238 467 4294 niti
488 4252 523 4293 ex
545 4238 643 4302 libera,
658 4237 705 4292 alii
719 4237 776 4294 sint
790 4237 849 4295 nati
867 4251 903 4295 ex
925 4253 979 4294 an·
1030 4257 1111 4314 quern
1122 4240 1179 4315 lam
1194 4245 1368 4301 antesaecnla
1387 4245 1416 4301 in
1431 4245 1670 4316 praedestinatione
1683 4244 1749 4301 lecit
1768 4243 1823 4300 ltn-

188 4335 262 4404 cilia,
279 4334 381 4407 quibus
396 4339 488 4389 tamen
503 4345 578 4388 nnus
588 4327 670 4387 Pater
680 4331 734 4387 erit
746 4329 830 4400 Deus,
849 4325 978 4404 11811111-
995 4334 1134 4420 ominus.
1150 4331 1212 4391 baa
1225 4335 1305 4392 nabis
1323 4341 1496 4393 sacramenta
1517 4337 1546 4393 iu
1571 4336 1666 4393 eadent
1687 4347 1737 4392 sua
1758 4349 1822 4408 pas-

148 4487 154 4496 ,
188 4426 309 4497 tascius
328 4425 382 4482 erit
404 4425 434 4479 iu
458 4421 589 4480 cordibus
610 4436 707 4480 eorum
723 4419 846 4480 clamans
864 4442 873 4479 r
889 4421 978 4492 abba,
1032 4425 1822 4500 11111111ᾶωί1,11111111111111111111111111111111111

186 4515 281 4577 Pater.
1034 4516 1173 4592 patefacta
1195 4519 1281 4578 latere
1297 4520 1514 4592 111111111111
1534 4533 1634 4594 nquam
1649 4519 1781 4592 protudit,
1795 4527 1824 4577 et

226 4605 615 4666 atierztnnanuatuurett
624 4603 980 4680 imttttaneiat,queniam
1033 4612 1195 4684 ursarium
1209 4611 1699 4684 manumulierum
1723 4615 1822 4667 1111111

190 4702 315 4761 eoeiestcs
328 4702 418 4772 augeli
432 4700 629 4756 annuntiabunt
651 4701 694 4756 rel
716 4695 875 4757 bominibus
894 4702 979 4772 justi·
1032 4703 1287 4774 pauerncttiuurn,
1306 4703 1385 4760 tboc
1397 4711 1441 4760 cst
1457 4715 1560 4776 carpus
1576 4713 1669 4760 meaa
1686 4719 1694 4757 ε
1711 4702 1758 4758 bie
1780 4713 1823 4757 est

190 4794 328 4859 clamitet,
344 4795 386 4850 uel
401 4793 455 4849 lieo
472 4787 610 4865 iustitiam
634 4791 728 4864 populi
753 4791 808 4861 sni,
823 4791 871 4864 qul
894 4793 978 4849 etiam
1034 4794 1148 4866 satagitis
1162 4805 1240 4849 meus
1250 4790 1361 4865 (Heni.
1374 4801 1448 4860 1111,
1463 4793 1578 4862 111111,
1593 4808 1606 4845 t
1621 4789 1720 4864 inquit.
1735 4779 1825 4863 saper

191 4901 285 4956 preces
299 4885 391 4957 papuli
407 4885 524 4941 offerunt
537 4886 565 4941 in
577 4893 726 4956 conspectu
738 4881 787 4942 oet
805 4895 860 4941 non
876 4897 926 4958 pre
939 4881 983 4941 ln·
1035 4882 1080 4940 bis
1092 4884 1224 4941 continuo
1236 4883 1357 4955 perlecta
1371 4884 1760 4957 &dinumeraverimus
1780 4897 1824 4939 sa·

191 4979 353 5045 structione,
372 4986 402 5032 nt
425 4989 489 5033 eunt
513 4978 641 5044 damam,
666 4973 714 5034 sed
738 4987 789 5048 pre
815 4977 981 5035 ministerio.
1036 4978 1127 5035 cundo
1141 4977 1303 5050 gratulatur,
1322 4977 1451 5036 etdicitr

778 5231 1043 5370 ostanus
1076 5267 1242 5369 xxrr.

231 5533 314 5590 vens.
331 5535 357 5589 l.
372 5534 503 5591 Dominus
517 5538 584 5609 repit
607 5554 657 5603 nne,
678 5547 704 5591 et
726 5536 793 5591 ninii
810 5538 875 5592 niti
889 5539 983 5607 deerit,
1038 5551 1123 5601 renes,
1138 5536 1218 5606 cuius
1242 5535 1269 5591 in
1293 5535 1355 5592 loeo
1369 5534 1496 5606 pascuae!
1516 5535 1649 5592 continuo
1661 5533 1824 5607 subjunxit:

196 5622 223 5674 in
238 5624 295 5678 teca
309 5642 415 5695 parcae
438 5629 475 5684 iii
500 5645 540 5685 rne
557 5627 706 5684 cellararii.
722 5623 790 5683 Nam
814 5629 894 5700 quasi
910 5643 984 5700 quse·
1039 5627 1123 5700 Super
1137 5627 1524 5699 apuamrefeetiettiarducanit
1536 5628 1729 5684 nasseinais·
1742 5639 1825 5685 mat
