3817 6000
204 204 275 261 tw
685 193 838 254 uuallon!
857 194 1054 255 cumensis}
1074 195 1349 255 numurusuuuu.
1766 200 1841 256 l5l8

203 314 325 385 pitolunt
338 310 477 385 quomodo
491 325 536 369 ute
552 311 708 383 munierunt.
718 310 752 369 ιιι
767 323 913 385 postquam
926 311 993 369 milri
1008 323 1033 381 Α
1046 310 1185 368 affecistis.
1201 311 1255 367 blec
1280 313 1383 378 dicant,
1394 311 1574 367 devoravimus
1596 330 1667 381 eum,
1682 314 1735 373 unc
1756 331 1800 376 est
1814 327 1846 375 ln

202 404 416 479 praevaluerunt,
1046 417 1210 460 consensum
1224 412 1348 459 nostrum
1362 417 1410 459 cos
1422 404 1616 474 pertraximus,
1630 415 1679 463 aut
1697 423 1754 467 non
1775 427 1848 468 osn-

239 495 322 553 Vuns.
342 495 388 551 dl.
409 494 595 551 lliiotnoerrmt
621 510 699 566 super
720 510 762 549 nte
780 509 811 549 aa
836 511 929 560 sunm,
943 494 997 550 boc
1046 492 1195 549 sentientes
1209 492 1370 555 occidimus.
1384 494 1417 549 de
1432 501 1503 548 terra
1518 496 1678 551 memoriam
1691 513 1790 555 corum
1803 511 1849 554 tn·

205 598 247 645 cst
261 602 361 658 magno
375 587 511 643 cachinno
536 585 735 643 insultaverunt
750 584 828 641 mibi.
843 585 996 640 biscrunt:
1047 582 1140 638 limus.
1157 581 1276 639 Ostende
1289 598 1339 654 per
1353 599 1445 640 meum
1462 585 1604 654 premium
1620 595 1649 641 ct
1658 587 1769 644 illorum
1783 592 1847 646 eui·

205 679 290 751 dupe,
301 681 376 751 eope,
391 678 418 735 id
434 688 477 735 est
492 678 564 744 berte,
577 677 638 733 lenc
651 692 661 732 r
674 677 794 732 ciderunt
815 676 886 732 oculi
900 678 995 743 nostri,
1046 676 1127 741 nuru,
1138 676 1212 746 quiid
1232 676 1284 731 sibi
1302 684 1465 743 nocuerunt,
1481 674 1548 732 mibi
1561 687 1652 734 autem
1666 680 1844 751 profuerunt.

205 770 278 841 quod
293 768 521 825 desideraverunt
541 775 568 823 te
594 766 685 839 affligi,
698 775 724 823 te
743 767 880 833 tribulari,
895 776 921 823 te
933 783 998 823 cru·
1047 765 1110 823 llaec
1124 767 1206 822 verba
1225 776 1310 823 tracta
1325 779 1389 824 sunt
1403 767 1438 824 de
1450 783 1533 824 aureo
1546 770 1642 834 ritulo,
1653 787 1736 842 quent
1752 790 1847 845 popu·

205 861 283 926 clari,
295 859 343 931 oui
363 867 502 915 mortuum
524 873 574 929 pro
591 856 648 913 lieo
668 856 799 924 adorasti,
812 857 859 928 qui
886 871 997 928 magum
1047 856 1090 913 lus
1117 856 1144 911 iu
1167 872 1261 912 eremo
1281 856 1517 928 aletramnqmm
1544 858 1651 931 lloyses
1664 865 1845 929 comminuit,

205 967 268 1009 cum
290 949 443 1007 latronibus
457 949 619 1007 crucifixum
646 956 676 1005 ut
690 946 775 1005 lleum
791 948 911 1016 coluisti,
921 960 949 1005 et
963 949 997 1005 ab
1047 946 1211 1015 combussit,
1227 947 1255 1001 in
1269 962 1340 1018 aqua
1352 947 1453 1018 populo
1464 949 1614 1019 potandum
1627 950 1724 1008 tribuit
1738 952 1843 1024 (uxor.

205 1060 239 1101 eo
252 1044 300 1100 tibi
316 1043 407 1099 omnia
428 1042 499 1099 bona
515 1041 676 1113 promisisti,
691 1040 761 1096 mibi
783 1050 873 1097 autem
884 1041 998 1097 immm-
1048 1037 1203 1109 sturmid).
1221 1035 1329 1094 vitulus
1347 1037 1435 1094 luctus
1449 1037 1475 1093 in
1492 1038 1594 1096 idolum
1615 1049 1657 1097 est
1673 1042 1777 1113 corpus
1788 1045 1845 1100 irn-

205 1139 274 1194 tales
291 1135 360 1192 Deos
378 1134 568 1205 exprobrasti,
589 1142 707 1190 aeternus
731 1148 827 1203 poenas
847 1132 997 1191 intentasti.
1049 1127 1156 1199 piorum
1185 1128 1278 1185 colens
1300 1128 1452 1185 diabolum·
1470 1128 1593 1202 Moyses,
1608 1134 1681 1203 qood
1704 1145 1788 1191 sorsat
1811 1136 1846 1191 de

204 1226 265 1285 Prae
279 1228 374 1284 dolore
386 1225 524 1283 exclamat
540 1243 547 1280 :
1048 1237 1118 1292 aquo
1129 1231 1260 1291 sumptus,
1274 1220 1499 1278 estClrristisuns
1510 1223 1627 1294 populus
1638 1226 1671 1281 de
1678 1224 1846 1296 baptismate

243 1319 325 1376 Vens.
346 1318 391 1374 ιι.
417 1316 524 1383 Vidisti,
537 1315 658 1384 Domine,
678 1324 706 1371 ct
719 1314 829 1371 illorum
844 1314 1000 1396 insultatio-
1049 1309 1077 1366 in
1098 1326 1213 1382 regnum
1234 1310 1282 1368 uei
1306 1321 1442 1383 sumptus.
1455 1311 1506 1369 llic
1529 1313 1643 1371 titulum
1668 1318 1843 1385 comminuit,

206 1428 269 1469 nem
282 1421 309 1468 et
322 1425 409 1467 meant
428 1408 613 1476 afflictionem,
626 1424 657 1464 ne
679 1407 759 1464 silens
775 1406 917 1478 ajudicio,
932 1407 999 1479 quin
1049 1401 1196 1470 comburit,
1210 1401 1237 1456 iu
1252 1417 1351 1473 aquam
1364 1404 1514 1474 potandum
1526 1406 1650 1478 porrigit,
1664 1409 1728 1464 dum
1741 1426 1845 1481 corpus

205 1502 298 1574 potios
310 1499 401 1572 proier
413 1498 531 1556 celerius
552 1497 580 1555 in
594 1514 643 1556 eos
666 1498 830 1555 sententium
843 1498 999 1556 damnatio·
1049 1490 1167 1561 diaboli,
1184 1493 1289 1550 scilicet
1309 1495 1397 1550 mulos
1418 1494 1544 1566 pulsibus
1561 1496 1764 1568 predicationis
1775 1516 1845 1556 oon-

206 1596 250 1652 nis
263 1602 290 1650 et
304 1608 370 1649 meae
387 1590 567 1649 liberationis.
580 1590 614 1647 Et
636 1590 725 1648 donec
747 1589 881 1661 judicium
896 1589 999 1657 rerriat,
1050 1587 1123 1654 terit,
1139 1587 1202 1660 igne
1228 1586 1386 1645 dilectionis
1407 1599 1547 1662 excoquit,
1562 1605 1634 1661 aqua
1657 1591 1844 1662 baptismatis,

205 1685 328 1751 bomine,
343 1699 374 1739 ne
397 1683 518 1739 discedot
533 1700 551 1737 o
568 1699 623 1751 nte,
639 1682 711 1739 sicut
739 1680 889 1753 promisisti
905 1699 912 1737 :
931 1680 1000 1737 Ecce
1016 1665 1093 1735 Bne!
1108 1680 1236 1754 lacrymis
1250 1680 1418 1752 penitentie
1432 1682 1547 1739 tinctum
1561 1684 1589 1740 iu
1601 1699 1701 1755 corpus
1715 1684 1846 1743 Ecclesiae

206 1795 252 1849 epo
265 1777 400 1834 nobiscnm
412 1792 474 1831 snm
495 1791 576 1847 usque
595 1776 623 1830 in
645 1776 898 1832 consummationem
908 1776 1001 1832 seculi
1051 1773 1239 1831 devorandum
1254 1771 1365 1851 trajicit.
1380 1772 1452 1841 Quid
1477 1773 1558 1831 malis
1580 1775 1731 1846 contingat,
1746 1791 1847 1846 prose·

208 1836 319 1939 (datin.
335 1864 588 1937 exanimationes
604 1882 620 1921 a
639 1865 722 1937 justis
745 1864 829 1938 lapsis
851 1867 963 1933 recedit,
974 1872 1002 1921 et
1051 1865 1168 1935 quitur:

207 1974 263 2017 uon
286 1958 421 2016 discedit:
437 1956 548 2020 recedit,
562 1957 627 2012 dum
653 1955 785 2013 miracola
806 1971 855 2027 per
877 1971 925 2014 cos
945 1971 1002 2011 rron
1088 1952 1171 2013 Vens.
1190 1956 1236 2013 ιιι.
1257 1955 1460 2013 Erniescontin
1473 1956 1848 2031 dicjudicii,etreuerearrtsr

208 2051 282 2116 lacit,
295 2050 337 2105 vel
348 2049 382 2105 sb
392 2047 559 2106 adversariis
571 2047 695 2105 tribulari
708 2047 792 2104 sinit:
808 2064 862 2104 non
875 2047 1001 2115 discedit,
1052 2046 1142 2115 simul,
1153 2047 1199 2120 qni
1212 2048 1383 2119 prntnlnntar
1396 2048 1474 2103 molis
1493 2050 1569 2105 meis.
1581 2048 1630 2105 Vel
1649 2048 1721 2106 sicut
1738 2049 1767 2104 in
1787 2046 1846 2106 ue·

207 2145 273 2202 dum
289 2158 337 2200 eos
356 2140 469 2214 lacellis
489 2148 520 2195 ut
544 2139 617 2196 lilios
631 2139 757 2212 castigat,
778 2147 806 2195 et
819 2138 961 2210 purgando
985 2153 1002 2195 a
1052 2137 1127 2195 braeo
1140 2140 1289 2197 scribitur:
1302 2141 1355 2208 Qui
1370 2140 1497 2197 letantur
1510 2142 1539 2196 in
1552 2142 1691 2213 afflictione
1708 2159 1766 2197 uren
1789 2142 1847 2198 dre·

208 2234 290 2292 sorrle
301 2248 366 2291 rasa
382 2230 579 2288 misericordia
589 2240 616 2287 et
629 2230 752 2288 haeredcs
766 2231 842 2302 regni
854 2238 1000 2305 preparat.
1052 2245 1158 2298 moues,
1170 2229 1266 2300 ludaei,
1281 2241 1480 2304 persecutores,
1493 2233 1625 2301 baeretiei,
1633 2243 1661 2291 et
1672 2250 1727 2289 non
1742 2234 1844 2298 solum,

244 2323 329 2382 Vsus.
348 2324 394 2381 ιι.
415 2321 546 2394 Erumpo,
568 2321 704 2390 bomine,
730 2322 764 2379 ad
786 2322 942 2394 judicium,
955 2320 1003 2392 qui
1052 2323 1099 2393 qni
1118 2322 1232 2394 iaciunt,
1247 2326 1295 2382 scd
1313 2325 1396 2383 etiam
1410 2325 1458 2396 qni
1475 2327 1652 2383 consentiunt
1670 2324 1845 2382 incientibus.

208 2416 304 2477 ιιιιιιιιι
321 2417 457 2490 patienter
472 2413 566 2471 vidisti
579 2428 672 2472 meum
688 2412 821 2486 injustum
833 2412 959 2469 exitium.
969 2411 1004 2466 Et
1053 2410 1208 2471 lrtduontur
1219 2416 1373 2488 confusione
1383 2425 1496 2488 aeterua,
1507 2428 1533 2475 et
1545 2419 1699 2487 reuerentia,
1714 2417 1740 2473 id
1753 2428 1797 2473 cst
1809 2419 1847 2471 t·-

208 2509 314 2567 intende
321 2507 425 2581 jndicio
439 2523 506 2575 nico,
522 2520 604 2578 quam
622 2505 723 2577 injuste
735 2505 821 2562 abeis
832 2504 912 2561 morti
925 2504 1004 2574 adjn-
1053 2522 1212 2576 more,cum
1223 2509 1299 2566 dices
1311 2526 1318 2565 :
1330 2510 1463 2567 discedite
1474 2528 1491 2565 n
1502 2527 1553 2579 me,
1563 2509 1708 2575 rnnledicti,
1719 2509 1749 2564 in
1758 2509 1848 2578 ipsein

210 2604 318 2660 dicatus
336 2617 408 2666 sum,
420 2613 476 2655 non
503 2615 553 2670 pro
576 2597 738 2664 sceleribus,
753 2597 800 2654 sed
822 2612 871 2668 pro
885 2596 1003 2668 justitia,
1055 2611 1183 2656 ueternum
1198 2601 1307 2673 (ιιαιιιι.
1322 2617 1386 2670 uxr,
1398 2600 1456 2675 ιι).
1480 2602 1532 2669 Qui
1560 2600 1676 2672 ntulipno
1702 2599 1849 2670 loquuntur

210 2694 259 2753 sed
283 2708 333 2764 pro
353 2690 492 2763 aequitate,
507 2690 554 2747 sed
569 2705 619 2762 pro
635 2690 675 2746 tui
698 2689 815 2745 cultura.
829 2688 899 2744 Deus
919 2705 1003 2758 niens,
1054 2710 1185 2765 supernis
1195 2702 1257 2766 post
1272 2703 1388 2751 mortem
1412 2710 1501 2751 meam
1519 2693 1641 2750 dicentes
1661 2690 1849 2763 :deceperit

211 2801 292 2858 qoem
305 2799 356 2857 ego
368 2784 439 2852 colo,
452 2792 477 2839 et
492 2782 621 2839 Dominus
636 2798 719 2850 mens,
730 2779 776 2838 cui
788 2781 945 2838 obedienter
957 2780 1005 2837 de-
1054 2802 1125 2843 rana
1139 2801 1202 2858 spes
1216 2787 1338 2855 illorum,
1359 2800 1422 2842 cum
1437 2786 1549 2842 Christo
1574 2800 1654 2857 mago
1671 2782 1848 2839 exterminati

212 2876 313 2945 servio,
336 2877 364 2932 in
386 2891 495 2931 consoni
523 2890 608 2929 areum
632 2875 751 2940 intende,
767 2890 822 2931 non
842 2873 870 2930 in
894 2888 1005 2945 pienum
1054 2886 1129 2945 sunt,
1141 2876 1212 2932 ultra
1227 2892 1281 2932 non
1294 2885 1446 2951 resurgent,
1460 2885 1490 2932 ut
1504 2875 1556 2933 sibi
1568 2876 1637 2932 ialso
1649 2876 1846 2947 promiserunt.

212 2985 314 3028 meam.
330 2967 431 3025 Eadem
446 2966 546 3039 quippe
556 2965 657 3038 patior,
674 2981 737 3038 quse
750 2964 835 3035 iures,
846 2981 907 3039 quae
917 2965 1004 3022 lutro-
1056 2968 1110 3025 Sed
1125 2966 1191 3039 quid
1205 2966 1284 3024 bouis
1297 2966 1451 3040 contingat,
1465 2965 1660 3039 subjungitur:

213 3077 273 3119 nes.
286 3061 371 3117 Poena
385 3067 427 3116 est
442 3059 552 3124 similis,
564 3057 613 3115 sed
626 3074 710 3116 eausa
724 3058 886 3116 dissimilis:
903 3057 942 3115 iili
954 3072 1005 3130 pro
1093 3057 1174 3115 Vens.
1193 3057 1241 3115 ιι.
1261 3056 1403 3114 Excutiens
1418 3059 1446 3114 in
1459 3057 1569 3115 mortali
1582 3072 1709 3129 corpore,
1720 3067 1746 3113 et
1757 3058 1849 3114 lcta-

213 3153 359 3225 injustitia,
375 3169 425 3226 ego
440 3169 490 3225 pro
498 3151 615 3224 justitia.

251 3245 334 3301 Vnus.
355 3245 401 3301 ιι.
421 3243 519 3299 iudico
543 3260 582 3298 nre
603 3240 746 3296 secondum
760 3241 897 3313 justitium
920 3251 1005 3312 tunna,

217 3337 328 3394 Domine
339 3337 410 3392 licus
423 3353 506 3392 mens.
522 3333 649 3390 iudicare
669 3342 710 3390 cst
724 3333 810 3391 bonos
824 3349 840 3389 a
855 3333 935 3391 malis
947 3335 1006 3391 dis-

217 3446 339 3497 cernere,
356 3428 383 3484 id
400 3435 442 3484 cst
468 3440 620 3498 segregare.
643 3423 743 3479 lodice
767 3440 818 3492 nse,
840 3424 929 3482 idest
950 3425 1007 3482 dis·

217 3537 300 3581 cerne
314 3521 349 3577 ab
364 3519 477 3591 bisnei
500 3518 599 3575 similia
614 3517 756 3589 patiuntur
777 3531 827 3588 pro
845 3517 1006 3583 sceleribus,

217 3617 309 3691 qualia
323 3629 373 3688 ogo
386 3615 477 3686 patior
501 3628 551 3684 pro
574 3611 677 3668 sanctis
697 3610 831 3667 moribus.
848 3611 881 3666 Et
894 3610 945 3667 boc
967 3627 1008 3665 se-

209 3707 333 3786 ecundum
344 3704 479 3776 iustitiam
491 3711 575 3769 tuom,
583 3718 638 3774 qua
651 3701 732 3769 malis
744 3699 826 3766 mala,
837 3700 917 3756 bonis
929 3700 1010 3757 retri-

217 3795 425 3858 unissimus
448 3811 500 3850 non
522 3791 732 3865 superpendeout
757 3792 833 3857 milti,
848 3799 878 3847 ut
892 3791 942 3862 ipsi
959 3791 1007 3859 ibi,

219 3892 290 3949 sicut
305 3890 360 3958 liic,
374 3888 454 3944 bouis
470 3884 662 3959 perimentum
674 3899 725 3957 ego
746 3892 837 3940 autem
866 3883 945 3940 malis
970 3883 1008 3939 ibi

1056 3151 1142 3207 turin
1157 3151 1249 3207 anima
1263 3151 1375 3222 perenni
1386 3149 1526 3220 felicitate,
1540 3151 1587 3224 qui
1602 3151 1693 3205 ιοιιιιιι
1713 3151 1848 3223 justitiam

1056 3259 1156 3313 meam,
1171 3243 1226 3300 boo
1245 3250 1289 3298 est
1313 3242 1361 3314 qui
1376 3242 1493 3316 diligunt
1510 3242 1652 3314 praemium
1678 3258 1729 3313 pro
1741 3242 1849 3315 justitia

1056 3333 1124 3390 milri
1140 3333 1301 3405 repositum.
1318 3331 1355 3387 Et
1365 3333 1456 3388 dicent
1473 3335 1596 3391 letantes
1611 3351 1620 3388 ε
1635 3350 1736 3404 seniper
1747 3335 1849 3404 inepri-

1056 3425 1151 3496 ficetur
1175 3424 1323 3492 dominns,
1347 3423 1374 3480 id
1403 3438 1446 3482 est
1472 3424 1500 3482 iu
1525 3436 1659 3482 aeternum
1683 3425 1849 3497 glorificetur

1058 3518 1140 3586 bens,
1153 3518 1199 3591 qni
1210 3518 1301 3574 nolunt
1317 3534 1408 3590 pacem
1424 3519 1492 3574 serui
1515 3518 1584 3589 ejus,
1598 3519 1626 3574 id
1644 3527 1688 3575 est
1712 3518 1760 3590 qni
1781 3516 1848 3572 nibil

1057 3610 1131 3666 aliud
1142 3619 1280 3681 (puerunt,
1292 3625 1375 3682 quam
1395 3626 1487 3681 pocern
1499 3611 1657 3670 Christiano
1669 3610 1781 3682 populo,
1793 3609 1848 3665 lico

1058 3702 1086 3758 in
1100 3701 1153 3758 boc
1163 3701 1265 3757 mundo
1279 3702 1418 3771 serricnti3
1432 3711 1623 3774 praeparatum.

1094 3789 1177 3849 Vsus.
1196 3791 1243 3849 28.
1266 3791 1300 3846 Et
1321 3791 1414 3865 linquo
1443 3809 1502 3849 moa
1523 3794 1696 3849 meditabitur
1713 3794 1847 3866 justitient

1059 3891 1142 3937 tuam.
1156 3880 1214 3939 lloc
1224 3889 1265 3939 est
1277 3883 1370 3955 lingua
1385 3885 1477 3941 cordis
1497 3886 1550 3941 mei
1567 3885 1626 3959 jugi
1645 3884 1810 3957 cogitatione
1822 3892 1848 3939 te

219 3980 292 4038 sicut
311 3977 357 4034 bie
369 3977 480 4033 alliciar.
1058 3975 1222 4032 benedicens
1245 3975 1317 4047 apud
1339 3991 1369 4032 se
1388 3976 1486 4044 solvet,
1498 3978 1690 4048 quantenus
1713 3985 1743 4031 tu
1763 3976 1850 4044 sis,et

255 4067 337 4125 Vens.
358 4068 403 4124 ιι.
428 4066 488 4122 Non
510 4066 602 4121 dicant
630 4066 658 4121 in
681 4065 804 4121 cordibus
829 4066 884 4120 suis
899 4079 909 4118 .·
924 4063 1008 4136 Eripe,
1059 4081 1141 4139 quam
1163 4067 1239 4138 juste
1261 4068 1353 4139 iustos
1375 4070 1562 4127 coronareris.
1577 4070 1644 4125 Toto
1664 4069 1708 4124 die
1729 4068 1850 4140 jubilans

220 4178 294 4234 supe,
304 4162 402 4216 enimn
412 4170 519 4215 nostre.
536 4156 593 4215 lloc
617 4166 660 4215 est
682 4168 872 4229 persecutores
896 4172 951 4214 non
968 4158 1010 4214 in·
1059 4157 1164 4213 landem
1180 4159 1404 4231 memilianum
1419 4175 1473 4216 non
1487 4161 1568 4217 babet
1581 4158 1850 4232 vesperumscilicet

221 4252 323 4309 sultent
336 4251 404 4306 mibi
414 4249 535 4307 dicentes
558 4248 611 4305 sibi
626 4266 633 4303 ε
646 4248 750 4303 Anime
765 4257 872 4317 nostre,
884 4250 1009 4320 gaudete,
1061 4256 1117 4303 toto
1136 4249 1287 4306 eternitate
1307 4250 1366 4307 sine
1391 4250 1446 4308 line
1474 4252 1590 4308 laudans
1608 4261 1635 4309 tc
1661 4267 1724 4307 cum
1747 4250 1850 4323 arigelis

221 4342 375 4397 rolrrntatcs
400 4348 497 4395 vestrm
523 4343 587 4393 sunt
615 4334 734 4407 implete
757 4354 764 4391 :
789 4335 846 4395 lllis
867 4336 1009 4393 malellciis
1024 4360 1047 4417 ῃ
1060 4340 1190 4408 cantabit,
1200 4350 1228 4397 et
1243 4341 1374 4415 hymnum
1387 4342 1559 4413 jubilationis
1576 4341 1725 4400 resonabit.

221 4430 385 4486 Christianis
398 4426 590 4499 praevaluistis,
599 4426 915 4496 despoliastis,omnibus
923 4431 1012 4499 postris

232 4592 1843 4631 ---------—-———--—------...—.........

790 4743 1055 4838 ustinus
1088 4747 1284 4842 XXXV.

259 5065 336 5124 uiuit
352 5066 479 5138 injustus,
494 5077 522 5125 ut
534 5068 671 5140 delinquet
689 5071 718 5126 in
732 5073 869 5145 temetipso
881 5115 890 5142 ,
900 5083 954 5131 etc.
967 5073 1014 5131 Ti·
1101 5074 1228 5132 Psolnrnt
1250 5083 1292 5133 est
1314 5075 1384 5133 bona
1399 5075 1533 5147 operatio,
1548 5092 1638 5134 seruus
1652 5075 1760 5132 llomini
1773 5075 1850 5132 Cirri-

224 5161 298 5218 tulus
325 5160 422 5231 psalmi
449 5159 531 5231 liujus
550 5160 585 5218 de
609 5161 664 5219 line
684 5163 861 5234 precedentis
882 5165 1013 5234 sumitur,
1065 5168 1171 5226 stianus
1194 5169 1310 5241 populus
1329 5169 1452 5225 serviens
1473 5167 1599 5237 Domino,
1613 5169 1662 5241 qni
1677 5168 1794 5240 populus
1810 5181 1850 5225 est

224 5251 271 5307 ubi
284 5270 291 5307 z
305 5249 357 5317 Qui
377 5250 466 5306 nolunt
484 5268 575 5323 paceni
593 5254 661 5308 serni
683 5253 740 5324 ejus
754 5255 893 5311 scribitur.
907 5255 1014 5312 Titulus
1047 5256 1162 5327 ‚Dauid
1178 5259 1260 5315 idest
1278 5259 1436 5331 manufortis
1454 5259 1489 5315 ad
1511 5258 1580 5315 bene
1591 5260 1760 5331 operandum
1774 5268 1801 5316 et
1811 5259 1851 5315 ri-

225 5357 344 5413 namque
362 5342 445 5414 buius
457 5353 500 5400 est
512 5342 607 5416 (Vnus.
630 5345 657 5415 l)
674 5363 682 5401 r
1065 5350 1111 5407 tiis
1136 5350 1328 5419 resistendum,
1340 5352 1369 5406 in
1383 5350 1462 5422 finem
1476 5365 1655 5422 perseverans
1672 5352 1700 5405 in
1720 5351 1791 5406 bono
1801 5363 1850 5421 pro

295 5449 321 5491 ur
335 5447 416 5491 emen
430 5449 515 5492 suurn
527 5449 620 5493 uourm
638 5450 756 5493 rsttuns
769 5450 849 5492 strio
867 5435 938 5510 (ii).
1066 5442 1128 5510 boc,
1143 5442 1215 5514 quod
1236 5442 1262 5497 in
1284 5442 1337 5500 tine
1349 5441 1445 5497 mundi
1459 5441 1579 5510 dabitur,
1594 5442 1655 5498 rite
1670 5440 1792 5512 praemio.
1801 5437 1851 5498 ule

152 5625 153 5628 ’
262 5610 320 5683 tut)
338 5611 453 5687 Vulgata
469 5634 477 5671 z
491 5614 525 5671 ln
539 5614 617 5686 finem
627 5629 700 5673 seron
712 5614 819 5672 Domini
831 5616 882 5687 ipsi
895 5615 992 5672 Dauid.
