3817 6000
329 168 459 227 1191
1303 156 1607 214 GEltitottl
1645 151 2033 211 PuAEPOStTt
2071 146 2615 207 REtanttSPERG.
3451 147 3604 203 ΗΠΞ

329 296 418 342 tus
453 282 608 340 credo
650 280 823 337 videre
876 279 1011 334 bona
1058 274 1275 331 Domini
1326 276 1381 330 ia
1435 284 1575 330 terra
1631 274 1913 330 viventium
1940 277 1986 334 Α
2087 267 2271 322 Potest
2298 268 2462 323 etiam
2500 266 2607 321 dici
2635 280 2648 317 ε
2674 273 2734 319 ut
2776 262 3067 320 inhabitem
3106 263 3165 317 iu
3191 262 3351 317 domo
3376 263 3602 322 Domiti

331 377 483 447 (infr.
514 392 564 431 v.
610 373 699 443 ¹5)
738 390 753 427 ε
800 370 897 427 sed
939 367 1200 441 quoniam
1247 365 1427 422 adhuc
1474 366 1669 437 ignoro
1720 373 1905 420 utrum
2006 356 2249 413 omnibus
2298 357 2482 410 diebus
2518 355 2639 409 vitoe
2696 368 2866 420 meoe,
2913 353 3105 419 idest,
3150 352 3398 422 quandiu
3445 355 3600 418 vivo,

330 469 458 523 odio
480 482 550 522 an
575 479 765 521 amore
784 463 985 535 dignus
1014 459 1117 517 sim
1142 498 1159 524 ,
1191 459 1372 515 adbuc
1399 474 1561 512 unam
1592 457 1907 513 unctionem

330 562 479 630 petii,
510 566 558 612 et
584 557 721 611 hauc
769 554 1034 625 requiram
1060 591 1077 618 ,
1119 562 1181 606 ut
1209 549 1461 605 videlicet
1498 564 1594 620 per
1622 546 1907 604 charitatis

332 651 747 709 unanimitatem
774 646 898 703 tidei
923 645 1236 715 adiunctam
1259 643 1341 699 sic
1363 643 1652 697 inhabitem
1672 642 1725 695 in
1753 642 1909 697 domo

331 743 567 808 Domini,
596 750 655 795 ut
692 738 899 812 possim
923 745 1145 794 eantare
1176 753 1191 790 z
1224 733 1360 790 Ecce
1405 751 1567 805 quam
1609 734 1799 789 bonum
1857 743 1907 788 et

331 846 491 905 quam
510 832 808 903 jucundum
837 828 1079 883 habitare
1108 829 1302 897 tratres
1332 827 1385 882 in
1405 841 1571 880 uicum
1598 841 1618 879 .·
1650 827 1789 881 sicut
1811 842 1913 880 uu-

332 936 579 996 9ucutum
606 926 661 978 iu
710 923 915 994 capite,
965 920 1105 991 quod
1135 918 1404 973 descendit
1432 918 1490 972 in
1519 917 1765 982 barbam,
1788 919 1914 971 bar-

333 1017 454 1069 bant
485 1016 666 1069 Aaron
699 1012 876 1085 (Psal.
910 1027 1123 1078 cxxxtt,
1157 1011 1182 1065 ¹
1212 1019 1265 1066 et
1285 1011 1365 1079 2).
1401 1009 1556 1064 Hauc
1596 1009 1913 1066 unctionem

333 1110 401 1164 de
428 1108 519 1162 tali
563 1115 839 1178 unguento
880 1103 1240 1176 peragendam
1282 1104 1447 1173 petii,
1477 1112 1529 1157 et
1560 1101 1695 1157 lianc
1739 1103 1916 1173 requi-

335 1216 451 1254 ram
476 1241 493 1264 ,
537 1208 595 1252 ut
626 1214 689 1252 ex
721 1198 825 1252 liac
853 1195 920 1250 de
950 1194 1292 1265 beneplacito
1335 1193 1462 1262 Dei,
1495 1209 1623 1264 erga
1665 1209 1753 1252 me
1795 1209 1917 1248 cer-

339 1297 574 1342 ιἰιῐιπηιμκὑ
598 1293 794 1341 risimus:
840 1286 1161 1342 voluntatem
1199 1286 1315 1352 Dei,
1340 1297 1386 1340 et
1418 1286 1621 1340 visitem
1665 1285 1917 1356 templum

337 1405 469 1453 ιχμιι,
517 1385 664 1433 titis.
686 1401 754 1441 m,
782 1381 830 1434 iil
853 1390 935 1435 est
965 1395 1090 1435 cuin
1121 1379 1395 1436 desiderio
1436 1379 1629 1450 etjugi
1663 1377 1919 1449 frequen-

341 1481 413 1529 tin
433 1477 716 1545 insitii-inin
746 1472 1004 1543 amplum
1032 1473 1175 1544 ejuS,
1204 1473 1255 1527 id
1282 1480 1367 1527 est
1392 1473 1670 1528 coelestem
1694 1470 1919 1528 Jerusa-

341 1573 465 1638 lem,
493 1573 570 1621 wl
602 1573 897 1623 bunum-‘im
926 1566 1046 1637 ejus
1079 1576 1355 1633 naturam,
1383 1582 1507 1637 quae
1531 1576 1616 1621 est
1655 1567 1918 1636 templum

341 1662 425 1710 Ηιι
445 1662 666 1710 ἸΗὶμ-ιίἰκ-

413 1754 525 1802 Μὴν.
566 1754 851 1802 transsatio
891 1747 1057 1803 habet
1087 1766 1101 1803 ε
1132 1757 1189 1804 ut
1242 1748 1561 1820 contempler
1606 1748 1920 1804 delectatio·

341 1862 453 1894 mm
497 1842 706 1894 lnam-'ni
730 1890 738 1902 ,
774 1854 818 1894 ,ι
846 1849 1093 1910 protegar
1115 1857 1148 1893 a
1169 1840 1362 1911 templo
1382 1840 1517 1909 ejus.
1546 1840 1689 1898 idem
1724 1855 1922 1897 seusus

341 1950 443 2002 mi,
489 1938 646 2005 quasi
682 1938 827 1986 ilii-‚it
857 1951 870 1988 ε
896 1932 1207 1989 lnliabitem
1242 1935 1296 1989 in
1327 1935 1493 1991 domo
1529 1950 1595 1991 eo
1637 1936 1826 2005 utique
1856 1935 1924 1990 ii-

341 2045 433 2095 ne,
460 2037 521 2084 ut
548 2027 887 2099 contempler
913 2028 1335 2086 delectationem
1362 2028 1611 2096 Domini,
1644 2029 1704 2085 id
1734 2039 1818 2085 est
1840 2028 1922 2084 sa-

338 2122 425 2176 cie
467 2120 537 2176 ad
581 2119 775 2175 faeiem
821 2130 1086 2190 appareat
1120 2120 1254 2178 mihi
1306 2120 1687 2178 desiderabilis
1716 2123 1924 2192 species

341 2211 463 2276 nei,
486 2221 541 2267 et
571 2220 848 2285 protegar,
879 2213 931 2267 id
958 2223 1043 2267 est
1070 2214 1328 2283 absorpta
1370 2223 1547 2268 morte
1591 2214 1788 2272 induar
1820 2215 1925 2269 iin-

341 2304 674 2360 mortalitate
697 2320 809 2360 non
843 2304 1066 2360 aliunde
1087 2304 1212 2359 data
1232 2346 1247 2369 ,
1280 2305 1372 2362 sed
1400 2305 1471 2361 ab
1506 2305 1623 2374 ipso
1652 2314 1926 2374 protecto-

341 2412 405 2452 re
428 2397 612 2468 templi
644 2397 787 2468 ejus,
815 2397 869 2452 in
903 2412 1014 2468 quo
1058 2396 1285 2454 habitat.
1340 2397 1643 2457 Simulacra
1682 2397 1922 2467 gentium

342 2497 709 2561 proteguntur
736 2505 766 2544 a
790 2489 907 2544 suis
934 2490 1179 2559 templis3
1211 2489 1304 2545 sed
1341 2487 1483 2545 Deus
1509 2498 1697 2544 noster
1724 2489 1778 2543 in
1806 2489 1928 2558 ipso

345 2580 547 2650 templo
565 2596 795 2637 manens
810 2588 1057 2652 proteget
1083 2581 1343 2651 templum
1376 2596 1560 2638 suum.
1591 2579 1718 2637 llaec
1741 2591 1927 2635 autem

345 2672 453 2751 haq
480 2673 678 2729 fiducia
715 2684 873 2743 peto;

416 2762 581 2821 Vsus.
630 2765 685 2822 5.
742 2763 1007 2830 Quoniam
1045 2764 1320 2820 abscondit
1362 2780 1441 2818 me
1489 2766 1546 2819 iu
1585 2763 1926 2820 tabernaculo

344 2874 463 2914 suo.
497 2858 611 2930 Ego
641 2858 809 2914 David
851 2867 1210 2930 persequente
1241 2873 1329 2914 me
1358 2856 1521 2913 Saule
1568 2857 1634 2914 ad
1680 2862 1929 2912 taberna-

346 2950 525 3005 culum
556 2948 691 3022 fugi,
720 2959 885 3022 atque
920 2950 994 3006 ibi
1034 2951 1320 3007 sacerdote
1364 2950 1679 3007 Abimelecb
1716 2949 1929 3007 donan-
1953 2989 1995 3047 C

345 3051 400 3097 te
443 3057 613 3112 panes
644 3043 868 3114 accepi,
901 3059 1043 3113 quos
1068 3059 1179 3100 non
1213 3044 1407 3100 licebat
1436 3043 1617 3108 edere,
1657 3042 1760 3097 nisi
1791 3040 1926 3096 solis

348 3134 746 3204 sacerdotibus,
783 3136 1006 3206 insuper
1037 3145 1090 3191 et
1113 3136 1353 3207 gladium
1388 3134 1603 3190 Goliatb
1630 3133 1924 3195 philisthaei

349 3225 689 3282 reconditum
735 3226 789 3282 in
829 3225 1201 3284 'tabernaculo
1255 3227 1437 3297 accepi
1490 3227 1559 3285 ad
1593 3227 1699 3285 mei
1740 3223 1930 3283 delen-

349 3315 560 3372 sionem
600 3325 655 3372 et
704 3318 1099 3393 protectionem
1159 3317 1226 3388 (1
1275 3318 1401 3388 Rea.
1457 3318 1585 3386 xxi)
1611 3332 1625 3370 z
1668 3317 1760 3372 Sic
1799 3333 1928 3386 pro-

350 3408 480 3462 texit
518 3424 595 3463 me
644 3408 910 3465 Dominus
957 3411 1015 3464 ia
1043 3410 1352 3466 abscondita
1390 3408 1717 3464 tabernaculi
1750 3409 1853 3463 sui.

422 3498 554 3556 Item
613 3517 715 3574 ego
760 3519 921 3560 verus
969 3503 1165 3573 David,
1193 3510 1552 3575 persequente
1604 3518 1691 3557 me
1729 3510 1927 3568 morte,

351 3594 408 3648 in
433 3595 741 3651 abscondito
770 3596 1098 3655 tabernaculi
1142 3614 1266 3655 sum
1295 3605 1571 3669 protectus
1597 3612 1694 3667 per
1721 3596 1931 3651 Divini-

351 3694 519 3741 tatem
544 3685 800 3744 latentem
829 3690 885 3743 ia
908 3688 1214 3745 abscondito
1246 3689 1597 3758 tabernaculi,
1626 3689 1679 3745 id
1702 3697 1787 3744 est
1806 3704 1932 3744 cat·-

354 3778 443 3833 nis
469 3793 623 3835 meae.

428 3869 697 3927 Similiter
716 3887 818 3944 ego
844 3873 1160 3945 quicunque
1190 3874 1276 3930 vel
1315 3873 1579 3927 innocens
1610 3887 1732 3927 cum
1763 3887 1931 3941 puero

354 3961 545 4029 David,
571 3964 655 4020 vel
677 3965 948 4035 poenitens
973 3981 1098 4022 cum
1127 3972 1412 4036 peccatore
1446 3963 1630 4029 David,
1654 3963 1932 4019 conlidens

356 4053 411 4107 in
439 4052 552 4108 Deo
575 4063 853 4124 protectus
880 4071 1002 4112 sum
1034 4058 1087 4111 in
1115 4056 1423 4110 abscondito
1452 4055 1780 4110 tabernaculi
1822 4055 1929 4108 sui.

356 4143 798 4203 'sabernaculum
823 4146 1055 4203 Deitatis
1086 4157 1170 4203 est
1198 4147 1584 4225 caro—Cliristi,
1620 4147 1674 4200 in
1702 4162 1808 4216 qua
1837 4161 1934 4215 per

356 4233 516 4289 tidem
539 4243 594 4290 et
621 4249 774 4306 spem
818 4252 906 4292 me
931 4236 1192 4301 occultat,
1238 4253 1305 4292 ne
1340 4236 1527 4290 videar
1567 4251 1599 4290 a
1641 4236 1933 4306 quaerenti-

2009 464 2118 504 non
2143 447 2404 503 excludar
2429 446 2611 517 aliqua
2643 446 2973 501 adversitate
2993 444 3064 518 ab
3092 446 3302 500 unitate
3325 444 3604 512 fidelium,

2007 541 2075 596 ad
2107 542 2232 607 boc,
2284 550 2343 595 ut
2390 540 2598 595 videam
2635 538 2959 593 voluntatem
2994 537 3233 603 Domini,
3286 538 3345 594 id
3386 547 3497 604 est,
3546 550 3611 594 ut

2008 643 2273 704 praecepta
2306 632 2625 710 intelligam,
2656 642 2714 689 et
2749 632 2924 687 sinon
2947 631 3146 697 oculis,
3177 631 3373 687 saltem
3417 641 3614 686 mente

2010 727 2215 782 visitem
2255 723 2504 797 templum
2547 725 2683 794 ejus,
2706 724 2760 781 id
2787 732 2872 780 est
2900 738 3099 796 corpus
3125 722 3350 790 Christi,
3397 724 3486 778 vel
3518 739 3615 778 me

2012 815 2209 871 faciam
2243 816 2506 887 templum
2535 816 2675 886 ejus,
2709 817 2859 888 quod
2890 817 3321 887 utique'potero,
3342 816 3614 887 quonian

2014 908 2290 963 abscondit
2330 926 2409 963 me
2453 910 2509 963 in
2549 908 2891 964 tabernaculo
2933 925 3052 964 suo.
3095 907 3226 968 lude
3271 908 3435 979 panis
3461 908 3612 964 mibi

2013 998 2173 1053 datur
2215 997 2571 1053 sacerdotalis
2616 1013 2713 1067 per
2753 1010 3158 1055 sacramentum
3197 997 3423 1056 Altaris.
3470 997 3614 1055 tude

2017 1092 2148 1146 mihi
2178 1092 2411 1163 gladius,
2439 1092 2584 1160 quod
2622 1100 2705 1148 est
2729 1089 2966 1148 Verbum
3005 1090 3099 1146 Dei
3124 1091 3518 1152 absconditum
3551 1091 3615 1147 in

2014 1184 2173 1254 panis
2204 1194 2254 1239 et
2286 1183 2399 1239 vini
2433 1194 2811 1252 sacramento,
2843 1194 3009 1254 atque
3037 1183 3130 1238 tali
3163 1198 3305 1253 pane
3342 1186 3612 1256 satiatus,

1972 1340 1984 1352 ,
2016 1284 2070 1331 et
2092 1274 2183 1330 tali
2206 1275 2386 1345 gladio
2421 1276 2688 1343 munitus,
2717 1282 3078 1347 persequente
3106 1290 3195 1330 me
3221 1273 3407 1345 Saule,
3431 1279 3487 1335 id
3525 1289 3617 1335 est

2018 1375 2260 1439 peccato,
2287 1365 2503 1425 fortiter
2519 1369 2811 1424 ascendam
2831 1385 2933 1441 ego
2952 1369 3120 1428 David
3147 1388 3310 1443 super
3329 1372 3619 1444 abruptis-

2018 1459 2188 1514 simas
2216 1468 2398 1529 petras
2426 1461 2585 1530 quasi
2629 1476 2850 1532 caprea,
2883 1464 3040 1535 quasi
3078 1480 3365 1521 cervorum
3393 1453 3630 1520 binum?

2019 1548 2126 1614 lus,
2154 1553 2210 1603 et
2237 1548 2413 1604 dicam
2439 1550 2495 1603 in
2527 1549 2782 1608 laudibus
2815 1550 2912 1609 Dei
2937 1572 2953 1609 ι

1954 1641 1993 1699 8
2094 1641 2260 1708 Vsus,
2289 1643 2343 1699 6.
2373 1640 2441 1697 1η
2467 1654 2617 1714 petra
2649 1644 2908 1700 exaltavit
2935 1663 3033 1712 me,
3074 1656 3126 1702 et
3173 1663 3313 1703 nunc
3345 1649 3622 1704 exaltarit

2019 1742 2179 1803 caput
2218 1750 2391 1788 meum
2433 1751 2592 1805 super
2624 1736 2871 1793 inimicos
2898 1754 3060 1793 meos.
3091 1739 3255 1796 Petra
3281 1745 3428 1797 enini
3452 1742 3623 1799 caua·-

2020 1836 2158 1892 stus,
2216 1825 2271 1898 (1
2295 1825 2421 1882 Cor.
2449 1843 2504 1895 x,
2549 1829 2628 1898 t),
2656 1828 2712 1883 in
2757 1844 2922 1900 quem
2979 1846 3083 1903 ego
3128 1830 3297 1888 David
3343 1835 3624 1905 propheta

2021 1920 2231 1977 credidi
2259 1931 2576 1988 venturum,
2592 1931 2646 1979 et
2667 1938 2769 1994 ego
2789 1925 3107 1997 quicunque
3131 1925 3296 1983 David
3321 1928 3618 1996 innocens,

2022 2014 2106 2068 vel
2153 2016 2428 2084 poeniteus
2477 2015 2533 2071 in
2577 2014 2820 2072 Ecclesia
2869 2019 3035 2074 credo
3090 2035 3218 2074 eum
3275 2021 3497 2076 venisse
3555 2022 3620 2077 in

2023 2108 2310 2175 muudum,
2340 2118 2396 2164 et
2430 2108 2628 2164 iterum
2651 2108 2844 2165 relicto
2868 2110 3077 2166 mundo
3110 2111 3276 2167 ivisse
3294 2112 3362 2166 ad
3387 2111 3616 2168 Patrem

2023 2208 2326 2255 tracturum
2364 2210 2487 2270 post
2515 2217 2575 2256 se
2602 2211 2657 2257 et
2678 2202 2744 2256 ad
2789 2217 2849 2258 se
2869 2204 3078 2259 omnia.
3109 2203 3167 2258 ln
3203 2204 3305 2260 liae
3332 2215 3512 2275 petra,
3551 2206 3612 2261 in

2025 2291 2190 2361 liujus
2219 2291 2344 2347 tidei
2374 2292 2650 2349 soliditate
2685 2310 2825 2350 nuuc
2863 2295 3127 2350 exaltavit
3163 2311 3265 2363 me,
3290 2297 3420 2367 quia
3456 2314 3622 2367 super

2025 2383 2179 2449 lianc,
2214 2382 2413 2452 inquit,
2439 2394 2665 2455 petram,
2696 2384 2749 2441 id
2779 2394 2883 2455 est,
2929 2403 3088 2457 super
3115 2404 3194 2442 me
3233 2389 3408 2459 ipsum
3437 2388 3621 2459 oedifi·

2025 2463 2154 2528 cabo
2218 2473 2512 2534 Ecclesiam
2563 2491 2732 2531 meam
2783 2477 3002 2548 (blatta.
3054 2494 3167 2547 xvi,
3220 2480 3332 2551 ¹8),
3379 2489 3433 2536 et
3473 2496 3620 2536 nunc

2025 2568 2190 2623 etiam
2219 2567 2273 2623 in
2300 2576 2544 2639 tempore
2594 2571 3049 2641 peregrinationis
3099 2587 3255 2640 meae,
3285 2572 3417 2629 dum
3464 2573 3620 2646 rugio

2030 2656 2271 2723 Saulem,
2318 2658 2373 2714 id
2422 2669 2526 2723 est,
2576 2669 2882 2731 peecatum,
2923 2661 3180 2717 exaltavit
3238 2672 3393 2732 caput
3441 2681 3620 2719 metm

2027 2766 2183 2820 super
2220 2750 2463 2806 iitimicos
2486 2768 2645 2807 meos.
2671 2752 2728 2806 ln
2755 2767 2824 2809 eo
2849 2753 3019 2822 enim,
3048 2754 3196 2825 quod
3224 2754 3344 2825 ipso
3369 2755 3620 2811 donante

2027 2840 2192 2897 corde
2212 2841 2417 2901 crelidi
2445 2841 2818 2912 adjustitiam,
2833 2844 3108 2898 abscondit
3134 2860 3216 2898 me
3231 2844 3285 2898 iu
3308 2842 3621 2899 abscondito

2030 2934 2358 2994 tabernaculi
2402 2937 2487 2990 sui
2511 2952 2531 2990 .-
2560 2936 2616 2990 in
2663 2951 2731 2992 eo
2778 2952 2932 3005 vero,
2982 2943 3130 3010 quod
3171 2954 3268 2995 ore
3318 2937 3617 2996 confessus

2028 3044 2153 3086 sum
2190 3030 2259 3085 ad
2289 3030 2545 3095 salutem,
2576 3045 2714 3084 auita
2747 3029 3003 3085 exaltavit
3040 3041 3198 3100 caput
3236 3048 3408 3086 meum
3444 3035 3501 3086 in
3524 3049 3621 3102 pe-

2029 3130 2143 3195 tra„
2165 3117 2310 3179 Dixit
2339 3119 2488 3176 enim
2518 3120 2637 3190 ipsa
2661 3119 2821 3176 Petra
2865 3122 2957 3175 uni
3007 3120 3171 3178 Petro
3213 3123 3532 3189 confidenti,
3565 3131 3623 3179 et

2028 3211 2082 3265 in
2118 3211 2237 3282 ipso
2263 3209 2491 3267 cuilibet
2530 3211 2853 3269 confitenti:
2891 3213 2968 3267 Tu
3006 3230 3060 3268 es
3108 3213 3322 3279 Petrus,
3371 3223 3420 3269 et
3461 3231 3623 3285 saper

2028 3303 2163 3358 lianc
2222 3302 2443 3359 Petram
2485 3304 2762 3375 aedificabo
2808 3304 3106 3360 Ecclesiam
3168 3323 3339 3362 meam
3391 3307 3617 3378 (Martie.

2029 3412 2141 3464 xvi,
2168 3395 2278 3468 18).
2312 3394 2404 3452 Sic
2433 3396 2490 3450 in
2515 3406 2664 3467 petra
2694 3395 2951 3452 emltavit
2991 3415 3090 3464 rue,
3123 3407 3171 3452 et
3202 3415 3339 3452 nunc
3358 3399 3625 3464 exaltavit

2028 3494 2184 3556 caput
2227 3502 2401 3542 meum
2445 3502 2602 3556 super
2629 3487 2874 3542 inimicos
2936 3505 3097 3554 meos,
3143 3488 3238 3560 qui
3272 3498 3401 3545 sunt
3439 3500 3627 3560 portas

2031 3577 2215 3647 iniseri,
2249 3579 2318 3637 de
2345 3579 2550 3651 quibus
2585 3580 2926 3650 promittitur
2954 3580 3285 3636 firmissimae
3311 3580 3460 3647 fidei,
3487 3597 3563 3651 qu
3589 3598 3628 3637 a

2029 3679 2196 3742 portoe
2242 3671 2403 3742 inseri
2435 3687 2540 3727 non
2576 3671 2933 3742 prevalebunt
2981 3674 3232 3726 adversus
3257 3688 3392 3726 eam.
3430 3670 3631 3742 Neque

2030 3762 2176 3815 euim
2200 3761 2502 3828 daemones,
2536 3776 2714 3831 neque
2767 3761 2991 3833 maligui
3012 3763 3287 3829 homines,
3338 3778 3517 3834 neque
3538 3764 3630 3817 vi·

2031 3852 2157 3909 tiosi
2185 3862 2368 3910 motus
2408 3853 2715 3909 carnalium
2745 3854 3132 3925 cupiditatum,
3159 3855 3254 3926 qui
3299 3870 3492 3911 omnes
3522 3854 3631 3909 ini-

2034 3945 2161 4000 mici
2197 3959 2252 4000 et
2276 3955 2446 4015 portae
2475 3944 2633 4001 inseri
2683 3954 2916 4017 possunt
2961 3945 3213 4018 intelligi,
3264 3961 3428 4017 super
3474 3946 3627 4005 lianc

2045 4039 2261 4095 Petram
2289 4039 2574 4096 fundatam
2602 4040 2930 4109 Ecclesiam,
2956 4042 3040 4098 vel
3066 4053 3302 4098 mentem
3349 4043 3627 4114 cujusque

2034 4132 2206 4187 tidelis
2254 4143 2507 4203 poterunt
2557 4149 2800 4202 movere,
2853 4135 2984 4206 quia
3042 4135 3144 4191 etsi
3191 4135 3392 4190 illisum
3453 4132 3628 4190 fuerit

2036 4225 2235 4278 tlumen
2265 4224 2453 4284 domui
2486 4224 2601 4291 tali,
2641 4241 2752 4281 non
2794 4227 2993 4298 poterit
3045 4243 3165 4282 eam
3218 4242 3467 4291 inovere;
3495 4226 3626 4295 [un-

357 4327 462 4382 lius
492 4341 600 4393 me,
652 4327 795 4383 sicut
837 4328 1136 4398 figuraliter
1159 4328 1325 4384 David
1347 4370 1363 4395 ,
1392 4343 1515 4384 cum
1542 4327 1753 4399 fugeret
1778 4329 1929 4395 Saul,
1964 4336 2006 4390 D
2035 4320 2163 4374 ‹111111
2190 4321 2329 4374 enim
2357 4331 2434 4375 θεῖ
2457 4337 2619 4392 wprss
2641 4322 2856 4392 firmam
2893 4334 3096 4393 petram
3128 4321 3348 4392 (flanh-
3379 4336 3476 4386 vu,
3498 4321 3619 4389 25)-

358 4418 712 4473 absconditus
734 4421 894 4474 estin
922 4421 1183 4486 latibulis,
1213 4437 1283 4476 ne
1305 4420 1598 4475 videretur.
1623 4421 1932 4486 Abscondit,

358 4509 504 4577 dico,
535 4510 592 4564 iu
615 4510 700 4565 die
741 4511 1006 4566 malorum
1037 4528 1307 4577 meorum,
1337 4511 1391 4567 id
1414 4520 1499 4568 est
1528 4520 1769 4582 tempore
1813 4519 1933 4565 ten-

358 4600 653 4667 tationum,
686 4602 835 4672 quod
870 4612 955 4658 cst
999 4604 1119 4659 dies
1168 4605 1313 4669 vitm,
1337 4604 1422 4660 vel
1452 4605 1508 4658 in
1535 4604 1621 4658 die
1646 4602 1935 4670 malorum,

360 4708 471 4764 quo
500 4693 600 4748 soli
636 4694 763 4750 mali
805 4695 1018 4752 florent.
1058 4695 1123 4751 Et
1161 4696 1391 4766 protexit
1431 4696 1592 4750 mein
1628 4694 1936 4749 abscondito

362 4771 690 4840 tabernaculi
712 4787 818 4842 sui.
854 4785 920 4840 ln
952 4789 1259 4843 abscondito
1281 4787 1454 4852 dicit,
1481 4787 1638 4858 quasi
1667 4788 1787 4843 aliae
1812 4804 1940 4858 par-

363 4883 445 4931 tes
470 4876 592 4946 ejus
614 4876 725 4932 sint
749 4874 1060 4944 forinsecae,
1088 4887 1144 4933 et
1180 4878 1330 4933 intus
1360 4878 1433 4933 sit
1457 4878 1761 4948 penetrale,
1785 4878 1935 4948 qnod

364 4968 553 5040 utique
581 4969 654 5024 ita
678 4978 783 5026 est.
812 4969 925 5026 Nos
944 4971 1091 5027 enim
1114 4970 1378 5028 forinseci
1410 4987 1623 5039 sumus,
1651 4971 1705 5026 in
1737 4971 1939 5042 quibus

362 5077 460 5134 per
488 5063 721 5134 gratiam
745 5063 976 5119 habitat.
1007 5061 1128 5135 lpse
1162 5080 1292 5121 vero
1314 5064 1573 5122 sacerdos
1606 5073 1692 5120 est
1720 5065 1777 5120 in
1807 5063 1901 5119 abs
1920 5093 1937 5105 ·

362 5153 574 5207 condito
618 5153 947 5209 tabernaculi
987 5152 1104 5221 Dei,
1161 5153 1292 5226 quia
1335 5154 1600 5211 Divinitas
1641 5155 1708 5211 de
1752 5163 1940 5210 nostro

366 5245 720 5302 tabernaculo
744 5262 966 5302 carnem
995 5248 1100 5303 sibi
1133 5248 1494 5318 personaliter
1524 5249 1714 5314 univit,
1751 5249 1804 5302 in
1828 5264 1938 5317 qua

364 5336 544 5392 latuit.
573 5336 679 5405 Qui
710 5354 839 5395 vero
872 5340 926 5395 in
952 5356 1078 5396 eum
1104 5341 1277 5396 credit
1315 5341 1479 5397 corde
1527 5341 1591 5395 ad
1641 5340 1936 5408 iustitiam,

364 5429 675 5486 admittitur
698 5431 752 5485 in
785 5433 1168 5489 absconditum
1214 5433 1571 5487 tabernaculi.
1608 5428 1759 5485 Unde
1790 5430 1942 5500 Apo-

368 5519 569 5574 stolus:
599 5520 715 5576 Vita
739 5534 919 5580 nostra
941 5523 1251 5579 abscondita
1280 5530 1358 5577 est
1376 5538 1495 5576 cum
1515 5520 1725 5576 Christo
1749 5520 1803 5576 iu
1829 5521 1940 5576 Deo

373 5606 514 5671 (Col.
550 5626 633 5680 ιιι,
658 5612 735 5680 5).

2038 4411 2104 4465 In
2132 4413 2224 4467 tali
2252 4424 2401 4482 petra
2422 4413 2673 4469 exaltavit
2725 4430 2806 4469 me
2829 4431 3040 4486 ponens
3071 4430 3158 4470 me
3182 4415 3236 4469 in
3266 4413 3391 4470 fidei
3417 4429 3485 4468 ac
3504 4412 3626 4468 vir-

2037 4514 2211 4560 tutum
2242 4505 2522 4561 lirn‘titate.

2106 4595 2432 4653 Decreverat
2473 4596 2620 4652 euim
2671 4597 2803 4653 Saul
2858 4599 3108 4669 persequi
3147 4615 3234 4654 mc
3259 4599 3425 4655 etiam
3454 4614 3626 4668 super

2035 4692 2456 4763 abruptisslmas
2517 4701 2718 4763 petraS,
2770 4708 2893 4762 quae
2947 4694 3080 4749 solis
3136 4693 3374 4766 ibicibus
3421 4693 3624 4761 perviae

2038 4791 2186 4837 sunt.
2225 4780 2291 4836 Et
2313 4798 2414 4853 ego
2451 4783 2671 4852 quidem
2703 4782 2874 4837 levavi
2909 4782 3100 4838 oculos
3129 4797 3284 4838 meos
3324 4781 3379 4836 iu
3406 4791 3624 4835 montes

2039 4874 2240 4928 multos
2265 4881 2319 4928 et
2346 4884 2528 4944 petras
2557 4874 2780 4937 multas,
2809 4874 2952 4929 unde
2979 4874 3130 4929 venit
3177 4874 3443 4930 auxilium
3480 4872 3622 4926 mihi

2038 4982 2068 5021 a
2104 4966 2242 5023 facie
2267 4965 2473 5032 Saulis,
2510 4966 2564 5021 id
2597 4976 2704 5031 est,
2744 4981 3019 5022 consensu
3059 4967 3266 5037 peccati
3317 4965 3622 5021 criminalis

2041 5063 2294 5135 fugienti,
2331 5064 2490 5133 cujus
2530 5079 2727 5118 manus
2758 5062 3096 5129 incidissem,
3127 5063 3172 5118 si
3218 5071 3441 5134 peccato
3470 5076 3622 5116 mor-

2041 5156 2134 5210 tali
2177 5156 2602 5211 consensissem.
2647 5152 2803 5209 Unde
2834 5155 2887 5208 in
2938 5153 3048 5209 alio
3095 5156 3219 5209 loco
3261 5155 3413 5210 dixi:
3444 5151 3506 5208 Si
3541 5162 3621 5208 est

2040 5247 2297 5317 iniquitas
2323 5248 2374 5300 iu
2410 5244 2652 5300 manibus
2692 5247 2819 5300 meis
2846 5262 2863 5298 .·
2889 5244 2950 5300 Si
2982 5245 3191 5300 reddidi
3212 5246 3618 5301 retribuentibus

2040 5339 2171 5392 milti
2200 5337 2364 5403 mala,
2396 5337 2638 5391 decidant
2687 5339 2873 5393 merito
2903 5338 2968 5392 ab
2996 5339 3228 5393 inimicis
3268 5337 3396 5392 meis
3417 5337 3615 5392 inanis.

2041 5410 2398 5500 Persequatur
2433 5430 2681 5484 iuimicus
2722 5432 2958 5485 animam
2989 5447 3179 5494 meam,
3206 5439 3256 5484 et
3284 5428 3618 5499 comprehen-

2041 5522 2135 5574 dat
2195 5521 2370 5592 (Psal.
2404 5538 2502 5590 vu,
2536 5524 2569 5578 5
2596 5532 2651 5578 et
2684 5522 2761 5593 6).
2807 5521 2915 5578 Sed
2979 5523 3119 5577 inter
3176 5535 3368 5578 omnes
3404 5529 3616 5575 moines

2045 5628 2186 5668 unus
2214 5623 2297 5671 est
2325 5629 2483 5671 mons
2507 5616 2798 5684 montium,
2830 5614 2974 5672 unde
2996 5615 3144 5672 venit
3164 5613 3430 5671 auxillum
3459 5610 3613 5669 mibi.
