3817 6000
230 165 371 220 ¹⁸55

863 158 1417 215 conmeantum
1457 157 1521 211 ΙΝ
1561 153 1898 212 PSALMOS.
1939 184 2007 195 -
2043 153 2238 210 PARS,
2265 154 2326 213 tl.
2358 156 2635 212 -1‘Ssl..
2663 158 2851 215 xxiv,

3335 166 3470 225 1Ιῖιῦ

220 286 310 334 est
336 275 743 340 misericordiae,
772 291 880 346 qua
926 276 1034 332 illis
1075 275 1219 328 Deus
1256 273 1407 345 prior
1432 271 1720 338 benefecit,
1746 282 1800 327 et
1829 275 1875 333 Α
1902 268 2104 324 veritas
2130 269 2355 326 obviant
2384 271 2510 337 sibi,
2537 271 2808 342 siqnidem
2839 286 2893 331 et
2920 276 2974 331 in
3001 275 3107 344 bis,
3145 294 3289 349 quos
3306 282 3470 352 jasti-

222 369 369 425 mala
393 367 662 438 recipiens
684 367 757 422 ab
774 368 856 423 eis
884 366 1150 438 patienter
1173 364 1455 420 sustinuit.

295 457 489 513 Nonne
542 456 638 511 tibi
686 456 801 513 baee
843 454 1026 510 omnia
1082 453 1367 526 diligenter
1413 454 1800 521 consideranti,

218 549 326 604 etsi
351 562 461 602 non
494 547 664 614 clare,
686 556 867 601 tamen
889 545 1047 617 quasi
1071 560 1167 615 per
1197 545 1477 615 speculum
1506 556 1562 602 et
1588 546 1641 600 in
1672 546 1805 601 aeni·

221 648 405 709 gntate
433 625 676 709 appa'ret,
703 638 850 708 qued
877 638 1131 690 universa?
1152 637 1250 690 vioe
1278 636 1492 691 Domini
1515 638 1807 691 misericor-

221 732 317 785 dia
344 740 393 786 et
420 732 634 797 veritas,
660 731 877 801 quando
899 745 998 785 nec
1025 729 1205 800 impiis
1236 729 1501 801 denegata
1525 741 1609 786 est
1633 730 1803 785 mise-

225 825 481 890 ricordia,
511 839 618 893 qua
643 820 908 893 praeventi
930 833 1059 877 sunt
1090 839 1103 876 :
1131 837 1232 877 nec
1255 821 1357 891 piis
1385 821 1801 891 defuitjustitia‚

225 935 338 990 qua
378 918 625 988 castigati
660 916 830 971 sunt?
863 914 1017 970 Justa
1048 923 1131 970 est
1176 930 1306 985 ergo
1331 914 1599 970 sententia
1632 916 1802 984 patri-

225 1010 407 1065 archae
422 1008 654 1064 Abraltae
669 1006 900 1063 dicentis
922 1007 990 1061 ad
1011 1006 1230 1061 divitem
1260 1026 1272 1061 :
1302 1025 1319 1057 ‹
1346 1005 1469 1074 Fili,
1493 1005 1802 1070 recordare,

224 1102 355 1172 quia
386 1099 634 1171 recepisti
665 1099 809 1154 bona
835 1099 889 1153 in
915 1098 1021 1152 vita
1063 1106 1178 1164 tua,
1206 1108 1260 1152 et
1282 1097 1523 1153 Lazarus
1554 1099 1807 1152 similiter

230 1192 376 1248 mala
411 1209 426 1259 3
460 1207 606 1247 nunc
644 1201 826 1245 autem
869 1190 960 1245 hic
993 1190 1326 1256 consolatur,
1358 1199 1415 1244 tu
1439 1205 1566 1244 vero
1593 1191 1807 1245 crucia-

227 1284 307 1339 ris
349 1283 503 1355 (Luc.
535 1299 643 1348 xvi,
671 1282 788 1341 25).
832 1301 850 1333 ι
883 1280 1150 1351 Expertus
1177 1290 1261 1336 est
1287 1282 1377 1335 illc
1412 1280 1563 1335 dives
1591 1282 1805 1335 miscri-

227 1375 492 1441 cordiam,
517 1374 735 1445 quando
765 1373 966 1443 recepit
991 1373 1129 1428 bona
1172 1373 1224 1426 in
1248 1373 1355 1427 vita
1386 1388 1483 1427 sua
1511 1391 1524 1427 ε
1551 1384 1807 1442 expertus

227 1477 315 1523 est
338 1482 557 1537 quoque
582 1465 876 1535 justitiam,
901 1465 1120 1535 quando
1149 1478 1247 1535 pro
1276 1449 1375 1520 su⁴a
1421 1465 1806 1522 immisericor-

225 1557 316 1614 dia
352 1558 471 1614 sine
502 1556 879 1612 misericordia
910 1555 1282 1624 cruciabatur,
1334 1557 1387 1611 in
1420 1571 1532 1628 quo
1559 1558 1805 1614 cruciatu

1905 359 1982 414 tia
2005 359 2209 430 judicis
2253 362 2600 429 condemnat,
2634 367 3009 424 misericordia
3061 381 3313 430 naturam
3341 393 3477 433 con-

1905 460 2108 518 servat,
2144 463 2198 506 ct
2251 453 2305 507 in
2338 453 2444 521 biS,
2473 471 2612 525 quos
2641 456 3022 514 misericordia
3056 463 3154 517 sal=
3175 470 3250 530 at,
3279 467 3480 524 veritas

1904 542 2332 611 promissionum
2366 543 2460 599 Dei
2498 545 2785 602 manifesta
2816 558 2917 605 cst.
2948 549 3131 608 Liceat
3159 570 3290 627 ergo
3321 559 3482 614 nobis

1905 633 2253 698 cont-ludere,
2292 637 2436 705 quod
2462 639 2719 693 universa:
2740 641 2839 695 vioe
2862 641 3077 696 Domini
3120 646 3228 700 sint
3277 649 3482 702 ntireri-

1905 725 2088 777 cordia
2118 734 2167 778 et
2197 725 2408 781 veritas.
2441 727 2686 785 llocssetsi
2718 747 2828 786 non
2873 744 3156 805 comparet
3199 739 3479 805 omnibus,

1906 823 2144 870 attamen
2190 818 2415 872 omnino
2464 820 2640 875 clucet
2683 824 3067 894 requirentibus
3109 836 3482 886 testamentum

1904 907 2040 975 ejus,
2065 917 2114 961 et
2139 911 2438 965 testimonia
2463 914 2598 982 ejus.

1983 997 2144 1054 Vens.
2163 1001 2246 1054 ll.
2264 1000 2490 1073 Propter
2503 1021 2687 1060 nomen
2710 1016 2880 1077 tuum,
2908 1009 3147 1079 Domine,
3163 1014 3482 1084 propitiabe-

1907 1091 1984 1146 ris
2005 1105 2216 1161 peccato
2244 1110 2355 1148 meo
2386 1109 2404 1148 .·
2434 1095 2659 1150 inultum
2685 1108 2761 1152 est
2784 1101 2945 1155 enim.
2975 1101 3093 1158 Dixi
3127 1107 3289 1174 paulo
3316 1122 3481 1176 supe·

1908 1183 2025 1236 rins
2051 1201 2063 1236 ε
2091 1184 2216 1254 quia
2243 1192 2298 1237 tu
2324 1201 2377 1238 es
2402 1184 2541 1240 Deus
2567 1185 2817 1243 Salvator
2843 1207 3010 1258 meus,
3040 1201 3096 1248 et
3120 1193 3222 1249 hoc
3259 1211 3479 1265 nomen,

1908 1277 2053 1345 quod
2084 1285 2169 1332 cst
2214 1274 2483 1345 Salvator,
2517 1280 2678 1336 dulce
2707 1291 2793 1338 est
2822 1284 2957 1339 mihi
2987 1301 3152 1356 super
3182 1288 3290 1342 mel
3318 1296 3371 1343 et
3401 1288 3483 1344 sa-

1907 1385 2057 1423 vum.
2087 1367 2221 1424 Nam
2271 1387 2398 1426 cum
2444 1372 2585 1427 inter
2615 1373 3047 1433 misericordiam
3099 1388 3153 1435 et
3197 1381 3481 1439 veritatem

1908 1464 2241 1520 constitutus
2272 1463 2491 1520 timeam
2523 1468 2767 1525 veritatis
2812 1469 3116 1541 judicium:
3149 1474 3203 1529 in
3230 1476 3335 1532 hoc
3363 1473 3480 1537 solo

1908 1564 1993 1609 cst
2023 1555 2156 1610 mihi
2211 1556 2465 1612 solatium
2496 1559 2641 1629 quod
2688 1561 3065 1619 misericordia
3115 1568 3484 1640 superexaltat

227 1649 608 1707 misericordia
632 1648 815 1718 div-ina
838 1664 962 1730 cum
983 1648 1195 1718 justitia
1223 1648 1424 1719 pariter
1447 1652 1801 1721 operabatur:
1840 1636 1878 1693 Β
1903 1644 2168 1715 judicium
2183 1658 2396 1718 propter
2419 1667 2602 1704 nomen
2629 1661 2798 1720 tuum,
2823 1656 2968 1724 quod
2993 1656 3246 1712 est-lesus
3277 1652 3482 1731 Graecc,

226 1743 357 1815 quia
386 1743 530 1798 sicut
570 1740 831 1811 pertinuit
855 1741 923 1796 ad
946 1741 1239 1811 justitiam,
1268 1741 1414 1812 quod
1436 1741 1588 1798 dives
1611 1744 1807 1814 punie-

228 1838 390 1892 batur
414 1853 428 1890 :
452 1834 531 1890 sic
557 1832 819 1904 pertinuit
842 1834 910 1889 ad
936 1833 1391 1901 misericordiam,
1413 1835 1555 1906 quod
1578 1851 1641 1890 ex
1663 1836 1807 1892 illius

227 1944 387 1999 poena
415 1927 629 1998 requies
652 1935 706 1982 et
754 1926 1061 1982 consolatio
1094 1926 1349 1996 pauperis
1376 1926 1496 1983 visa
1522 1936 1605 1984 est
1633 1929 1807 1999 magis

228 2022 426 2077 dulcis.
467 2019 599 2077 ltem
652 2036 858 2092 pauper
880 2029 1138 2091 expertus
1165 2030 1249 2077 est
1268 2020 1560 2092 justitiam,
1584 2022 1805 2092 quando

228 2115 286 2170 in
326 2115 430 2170 bac
454 2114 564 2170 vita
603 2113 808 2185 recepit
850 2113 993 2170 mala
1026 2132 1040 2168 ε
1068 2123 1324 2185 expertus
1347 2122 1431 2170 est
1459 2129 1677 2185 quoquc
1703 2115 1808 2169 mi·

227 2205 606 2273 sericordiam,
631 2205 854 2277 qnando
884 2205 941 2261 in
967 2205 1094 2262 sinu
1120 2205 1357 2261 Abrahae
1381 2204 1590 2276 accepit
1612 2220 1809 2260 conso-

227 2298 510 2365 lationem,
542 2297 597 2352 in
629 2311 739 2369 qua
770 2296 1150 2354 consolatione
1182 2296 1397 2368 justitia
1443 2296 1648 2352 mistim
1680 2311 1808 2351 cum

227 2389 603 2446 misericordia
642 2390 828 2447 divina
855 2390 1185 2462 operabatur
1211 2407 1227 2445 ε
1258 2389 1387 2462 quia
1412 2397 1467 2446 et
1489 2389 1807 2445 misericor-

226 2482 335 2539 diae
361 2481 486 2548 tuit,
515 2484 658 2554 qnod
686 2482 893 2555 pauper
922 2483 1354 2540 consolationem
1379 2481 1609 2553 accepit,
1641 2491 1696 2539 et
1717 2483 1806 2554 ju-

228 2575 413 2644 stitiae,
435 2576 581 2646 quod
609 2591 673 2632 ex
702 2584 995 2646 conspecta
1032 2575 1176 2632 illius
1212 2574 1381 2646 gloria
1414 2574 1695 2631 cruciatus
1725 2576 1809 2631 di-

231 2667 359 2722 vitis
386 2669 761 2724 vehementius
785 2668 995 2724 inarsit.

303 2761 459 2829 Quod
480 2763 548 2818 de
570 2762 787 2819 duabus
806 2761 1057 2833 personis
1079 2761 1341 2829 diximus,
1364 2760 1432 2817 de
1451 2761 1810 2817 universitate

231 2855 451 2926 piorum
501 2862 556 2910 et
606 2854 901 2925 impiorum
944 2853 1053 2910 dici
1095 2853 1393 2910 convenit:
1425 2854 1555 2924 quia
1584 2869 1651 2909 ex
1690 2869 1810 2909 om·

231 2947 387 3002 nium
417 2944 712 3016 impiorum
742 2961 904 3017 poena
938 2945 1251 3018 justissima
1284 2945 1547 3002 clarescet
1589 2945 1808 3002 miseri-

229 3039 421 3095 cordia
468 3039 571 3111 piis
617 3040 881 3105 exhibita,
927 3048 981 3096 ct
1013 3055 1082 3095 ex
1118 3039 1366 3096 omnium
1396 3039 1611 3109 piorum
1635 3039 1806 3109 gloria

230 3132 475 3204 gratiosa
504 3132 770 3188 clarescet
790 3132 1002 3203 justitia
1034 3133 1202 3189 etiam
1228 3132 1282 3186 in
1315 3132 1608 3202 impiorum
1633 3133 1809 3203 poenis

229 3226 541 3280 observata.
576 3222 711 3280 Nam
742 3243 762 3277 ι
792 3241 1005 3289 omnes,
1038 3226 1133 3296 qui
1177 3222 1369 3280 volunt
1416 3223 1505 3294 pie
1539 3223 1724 3280 vivere
1753 3224 1808 3279 in

230 3316 455 3371 Christo
480 3315 631 3384 Jesu,
657 3337 676 3368 ι
714 3317 798 3372 vel
820 3331 990 3372 censu
1020 3317 1102 3371 vel
1122 3315 1313 3371 affectu
1343 3329 1627 3386 paupereS,
1659 3329 1811 3386 ‹per-

233 3408 573 3466 secutionem
610 3409 897 3480 patiuntur
922 3406 1014 3479 (11
1050 3406 1188 3462 Tim.
1218 3423 1303 3475 ιιι,
1347 3406 1460 3476 12),
1498 3425 1516 3457 ι
1552 3404 1688 3461 etin
1719 3405 1809 3461 su-

234 3507 360 3555 turo
381 3501 812 3556 consolabuntur
860 3515 985 3555 cum
1025 3498 1264 3567 Lazaro;
1320 3508 1374 3553 et
1404 3498 1490 3552 via
1518 3497 1810 3568 impiorum

233 3604 590 3665 prosperatur
642 3595 697 3649 in
744 3596 847 3650 boc
898 3595 1125 3661 mundo,
1175 3593 1303 3664 quia
1360 3593 1617 3659 munduS,
1663 3591 1811 3661 quod

232 3698 399 3739 suum
444 3693 530 3740 cst
554 3685 751 3756 diligit,
782 3684 877 3741 sed
922 3685 977 3739 in
1022 3684 1208 3739 futuro
1240 3683 1639 3753 torquebuntur
1684 3697 1810 3738 cnm

232 3774 405 3830 divite
456 3775 644 3847 impio,
682 3777 772 3832 eui
810 3792 1001 3832 omnes
1029 3774 1396 3846 alligabuntur
1425 3772 1479 3827 in
1509 3788 1620 3827 uno
1650 3771 1812 3827 lasci·

233 3867 363 3923 culo
391 3867 460 3922 ad
499 3869 954 3936 comburendum,
996 3869 1091 3939 qui
1121 3867 1201 3922 vel
1257 3881 1429 3921 censu
1486 3866 1569 3919 vel
1616 3864 1811 3920 affectu

236 3958 433 4015 divites
487 3974 613 4030 erga
653 3959 774 4030 pios
814 3974 1081 4032 pauperes
1128 3974 1237 4013 non
1291 3966 1450 4013 erant
1495 3956 1810 4012 misericor-

236 4051 357 4109 des.

309 4142 368 4199 ln
394 4144 529 4215 ipsis
553 4158 773 4216 quoque
799 4142 1100 4199 infantibus
1121 4151 1246 4197 ante
1270 4141 1597 4211 baptismum
1619 4137 1687 4194 de
1712 4139 1814 4194 hac

237 4235 362 4293 luce
391 4236 691 4293 subtractis
744 4251 854 4292 non
906 4244 1164 4306 operatur
1189 4234 1404 4305 justitia
1440 4232 1560 4288 sine
1588 4231 1812 4287 miseri-

1910 1736 2159 1793 Salvator
2187 1739 2399 1796 Latine.
2435 1741 2559 1798 ldeo
2585 1743 2708 1799 dico
2732 1745 2787 1799 in
2819 1762 3017 1818 magna
3049 1764 3146 1820 spe
3171 1747 3480 1808 miserati&

1910 1831 1996 1886 nis
2023 1849 2035 1884 ε
2063 1829 2287 1902 Propter
2311 1849 2498 1888 nomen
2515 1845 2684 1899 tuum,
2714 1836 2952 1905 Domine,
2977 1841 3347 1910 propitiaberis
3367 1861 3487 1915 pee-

1909 1934 2029 1978 cata
2058 1941 2202 1989 meo,
2244 1925 2371 1996 quia
2394 1942 2496 1999 ego
2537 1927 2653 1997 ipse
2700 1939 2986 2000 peccatum
3018 1949 3200 1989 meum
3235 1951 3344 1990 non
3391 1937 3487 1995 de·

1908 2013 2075 2070 sendo
2102 2016 2185 2072 vel
2208 2027 2466 2087 extenuo,
2494 2019 2588 2075 sed
2612 2005 2890 2078 aecus'ii'et
2927 2026 3315 2097 magnipendo,
3343 2029 3490 2089 sieut

1904 2108 2031 2180 jure
2056 2109 2247 2168 debeo.

1984 2202 2213 2259 Multum
2238 2214 2316 2260 est
2365 2208 2527 2264 enim.
2578 2207 2880 2267 Videbatur
2925 2210 3146 2281 quidem
3191 2213 3490 2285 aliquando

1913 2294 2047 2350 mibi
2079 2305 2363 2366 peccatum
2403 2315 2585 2357 meum
2617 2318 2884 2373 parvum;
2919 2303 3050 2374 quia
3088 2321 3108 2355 ι
3151 2320 3277 2362 cum
3307 2322 3487 2366 essem

1910 2389 2194 2458 parvulus,
2227 2389 2494 2463 loquebar
2524 2402 2583 2448 ut
2615 2396 2902 2465 parvulus,
2928 2398 3241 2468 cogitabam
3276 2410 3334 2455 ut
3353 2415 3485 2472 par-

1913 2479 2074 2535 vulus
2101 2478 2156 2533 (1
2179 2478 2307 2537 Cor.
2336 2498 2413 2549 11,
2445 2483 2557 2554 15),
2602 2504 2620 2536 ι
2667 2494 2722 2541 et
2745 2486 2974 2558 quilibet
3000 2489 3370 2560 cogitationis,
3399 2492 3485 2546 lo·-

1911 2571 2172 2640 cationis,
2195 2575 2280 2628 vel
2311 2576 2643 2645 operationis
2698 2594 2960 2635 excessus
3008 2581 3295 2638 videbatur
3352 2584 3489 2640 mihi

1913 2663 2196 2732 parvulus.
2222 2662 2381 2721 Nunc
2426 2676 2611 2723 autem
2639 2669 3032 2738 consideranti,
3065 2674 3212 2744 quod
3257 2675 3311 2729 in
3353 2690 3489 2731 con-

1911 2765 2097 2826 spectu
2114 2756 2318 2827 judicis
2346 2769 2544 2815 cuncta
2594 2763 2869 2819 cernentis
2919 2764 2976 2818 in
3017 2765 3207 2820 multis
3252 2769 3487 2824 multum

1910 2850 2134 2919 offendi,
2151 2862 2432 2923 peecatum
2453 2870 2635 2911 meum
2655 2856 2819 2913 nimis
2843 2857 3048 2928 grande
3077 2860 3212 2916 mihi
3238 2872 3483 2932 apparet,

1913 2960 2022 3000 non
2075 2942 2211 3001 salsa
2268 2947 2633 3005 :estimatione
2683 2949 2779 3006 sed
2828 2965 2956 3006 vera
3001 2952 3249 3010 veritatis
3271 2957 3487 3015 discus-

1911 3036 2086 3093 sione.
2136 3037 2330 3095 Sciens
2379 3040 2550 3107 enim,
2582 3042 2729 3111 quod
2762 3058 3031 3097 uini-ursa*
3063 3046 3160 3098 tia}
3196 3058 3296 3098 ιιιηι
3348 3046 3488 3102 lmus

1909 3140 2039 3187 sunl.
2080 3131 2454 3188 misericordia
2477 3140 2532 3187 et
2554 3133 2774 3199 veritas,
2802 3150 2947 3187 llum:
2971 3154 3071 3200 :ign
3095 3154 3216 3190 mlii]
3244 3150 3484 3206 terilflle,

1910 3222 2211 3279 discutiens
2230 3222 2417 3292 judice
2445 3222 2674 3279 veritate
2696 3239 2784 3280 me
2810 3226 2987 3290 insano
3015 3228 3131 3278 *tine
3160 3230 3484 3298 palpatione,

1910 3322 2074 3385 atque
2103 3314 2208 3369 hoc
2237 3312 2447 3370 faciens
2502 3314 2722 3370 invenio
2772 3331 2855 3370 mn·
2919 3318 3087 3370 nuilla
3135 3318 3488 3374 danmatione

1909 3405 2139 3477 dignum
2168 3414 2388 3476 propter
2409 3415 2691 3476 peccatum
2724 3423 2903 3464 menn]
2939 3426 2951 3458 :
2979 3410 3200 3462 ιιιιιιιιιιιι
3228 3426 3300 3462 ις’-ιι
3324 3414 3480 3466 sessim.

1911 3495 2123 3552 Revera
2159 3498 2386 3553 multum
2428 3498 2670 3569 peccavi,
2716 3499 2764 3556 ei
2810 3519 3095 3555 tinnierunt
3143 3515 3484 3571 [inmaturum

1911 3602 2159 3643 meorum
2191 3588 2503 3658 respiciam.
2531 3588 2701 3645 Valde
2729 3595 2899 3647 multa
2927 3607 3087 3655 ειιιῑίιζ
3131 3599 3256 3663 quin
3292 3599 3488 3651 unitim*

1913 3681 2016 3737 ties
2038 3722 2055 3748 ,
2103 3690 2160 3737 ei.
2207 3682 2434 3736 multum
2485 3684 2706 3754 peceavi
2757 3701 2919 3755 sup-*r
2971 3707 3256 3743 ιιιιιιιῦιἾιιι]
3308 3707 3488 3747 att-unffi

1911 3773 2103 3841 maris,
2147 3781 2203 3827 et
2255 3774 2612 3843 multiplicata
2653 3784 2783 3830 sunt
2831 3791 3047 3847 patrata
3099 3795 3236 3839 nica.
3288 3791 3336 3833 ri
3380 3799 3484 3835 nnn

1911 3880 2035 3921 sum
2091 3865 2292 3936 dignus
2345 3866 2530 3921 videre
2583 3866 2919 3923 altitudinmn
2975 3875 3276 3940 irtiqnilnlifi
3331 3891 3482 3941 mem,

1910 3958 2176 4028 quoniam
2234 3957 2445 4013 irritavi
2486 3958 2623 4014 iram
2656 3967 2827 4028 tuam,
2850 3974 2907 4015 et
2948 3962 3154 4017 malum
3194 3979 3380 4021 coram
3434 3976 3490 4024 te

1913 4047 2039 4113 feci,
2065 4062 2175 4103 non
2207 4048 2388 4103 solum
2418 4056 2544 4105 ante
2569 4035 2909 4122 agnitionem
2942 4052 3190 4123 justitiae,
3217 4057 3311 4111 sed
3340 4059 3489 4128 quod

1910 4139 2086 4209 magis
2140 4140 2279 4194 iram
2327 4149 2478 4196 tuam
2534 4140 2767 4210 irritavi,
2809 4142 2976 4198 etiam
3034 4153 3160 4214 post
3206 4159 3488 4220 acceptam

1909 4231 2155 4288 veritatis
2183 4243 2237 4289 et
2261 4233 2490 4304 justitiae
2513 4234 2787 4290 notitiam.
2821 4234 2880 4291 Si
2902 4252 3034 4293 vero
3069 4237 3488 4299 diuturnitatem

235 4329 425 4386 cordia
452 4348 467 4385 ε
499 4330 629 4401 quia
649 4345 837 4387 eorum
866 4345 1028 4401 poena
1056 4329 1160 4386 erit
1190 4327 1503 4392 mitissima,
1540 4335 1599 4380 ut
1623 4340 1690 4381 ex
1718 4324 1810 4395 ju·
1841 4350 1885 4406 D
1913 4325 2121 4396 peccati
2153 4327 2260 4382 mei
2288 4327 2574 4398 respicias,
2606 4328 2855 4396 multum,
2886 4330 2980 4387 diu
3002 4334 3224 4403 peccavi
3259 4336 3329 4390 ab
3372 4337 3489 4393 inc-

236 4422 387 4476 stitia
417 4420 485 4476 de
511 4419 763 4491 originali
788 4427 1012 4490 peccato
1061 4418 1380 4490 puniantur,
1411 4417 1506 4472 sed
1546 4432 1613 4470 ex
1646 4416 1811 4469 mise·

237 4510 477 4567 ricordia
506 4511 565 4567 sst
588 4512 705 4583 ipsa
733 4525 895 4582 poena
925 4509 1215 4566 mitissima
1243 4506 1513 4571 omnium,
1538 4504 1811 4576 quierunt

236 4613 393 4660 extra
438 4602 535 4659 Dei
579 4618 833 4674 regnum.
883 4601 1150 4673 Baptizati
1175 4600 1341 4656 etiam
1397 4598 1654 4665 infantes,
1682 4598 1813 4653 licet

236 4695 466 4752 remissa
490 4694 649 4765 culpa
679 4712 790 4751 non
821 4695 950 4751 hinc
973 4700 1260 4749 transeunt
1284 4691 1490 4762 absque
1514 4690 1808 4745 infirmita-

209 4782 309 4842 'tis
329 4796 384 4845 et
404 4789 602 4844 mortis
631 4802 793 4861 poena
813 4787 1143 4859 justissima,
1189 4799 1356 4855 qoam
1399 4783 1620 4839 brevem
1647 4790 1703 4838 et
1729 4782 1809 4838 le-

235 4897 357 4937 vem
387 4897 608 4952 poenam
654 4889 917 4952 sequetur
944 4889 1147 4935 aeterna
1197 4877 1394 4932 divinae
1425 4875 1812 4932 misericordias

235 4976 564 5032 consolatio.
590 4973 780 5046 ltaque
809 4975 856 5031 si
882 4973 1028 5030 Deus
1081 4970 1317 5044 flagellat
1364 4982 1582 5023 omnem
1614 4968 1806 5053 lilium,

235 5084 400 5139 quem
427 5070 638 5141 recipit,
674 5070 790 5127 sive
818 5069 1130 5140 parvulum,
1174 5066 1290 5121 sive
1318 5077 1598 5134 magnum,
1621 5071 1677 5118 et
1712 5062 1810 5118 fla-

234 5161 400 5233 gellat
420 5162 639 5233 quidem
670 5179 766 5234 per
791 5162 1087 5234 justitiam,
1120 5159 1311 5229 recipit
1338 5171 1469 5212 vero
1493 5170 1591 5227 per
1638 5154 1806 5212 mise-

235 5255 569 5311 ricordiam:
601 5256 840 5326 itemque
865 5255 912 5310 si
938 5247 1072 5309 nihil
1099 5252 1214 5308 odit
1236 5266 1447 5316 eorum,
1480 5264 1602 5319 quae
1628 5249 1681 5302 in
1706 5248 1809 5302 im-

236 5347 346 5418 piis
377 5349 490 5418 ipse
521 5347 670 5414 l'ecit,
708 5348 801 5403 sed
844 5347 1136 5403 miseretur
1174 5344 1420 5401 omnium
1464 5356 1559 5413 per
1589 5339 1808 5396 miseri-

234 5440 479 5497 cordiam
505 5457 626 5512 quae
650 5442 764 5510 ipse
791 5439 934 5507 lecit,
963 5441 1194 5511 puniens
1222 5448 1398 5492 tamen
1424 5451 1520 5507 per
1538 5433 1806 5505 justitiam

237 5537 294 5592 in
329 5538 510 5609 impiis
531 5547 774 5610 peccata,
804 5552 925 5607 qnae
979 5537 1093 5607 ipse
1124 5550 1229 5588 non
1265 5532 1426 5588 fecit:
1458 5528 1802 5585 manifestum

236 5644 345 5699 est,
378 5632 524 5700 qood
554 5631 609 5685 in
636 5629 892 5687 omnibns
921 5628 1178 5700 operibns
1209 5625 1300 5682 Dei
1335 5618 1815 5706 miscricordia2ct-

1916 4427 2046 4475 unte
2071 4417 2300 4476 infantia
2326 4436 2502 4493 usque
2532 4422 2588 4477 in
2631 4423 2774 4480 hanc
2819 4424 3030 4483 boram.
3061 4424 3119 4482 Si
3167 4428 3487 4499 qualitatem

1910 4509 2120 4579 peccati
2148 4510 2255 4566 mei
2295 4511 2572 4581 appendas
2611 4511 2668 4566 in
2716 4520 2917 4571 statera
2959 4516 3226 4586 veritatis,
3258 4518 3485 4573 maltum

1913 4600 2055 4656 male
2081 4600 2206 4668 l'eci,
2243 4602 2337 4671 qui
2365 4602 2466 4658 tibi
2519 4603 2666 4660 Deus
2706 4621 2863 4662 meus
2909 4606 3054 4663 bona
3092 4609 3227 4664 mihi
3261 4608 3485 4667 facienti

1911 4709 2012 4765 pro
2030 4695 2191 4752 bonis
2212 4696 2324 4752 tuis
2355 4696 2497 4752 mala
2525 4699 2770 4768 rependi.
2800 4696 2858 4754 Si
2887 4701 3245 4771 quantitatem
3277 4707 3484 4776 peccati

1911 4803 2133 4858 pensas,
2162 4804 2271 4844 non
2296 4797 2423 4844 sunt
2445 4789 2729 4861 condignas
2766 4791 3052 4860 passiones
3091 4794 3256 4865 liujus
3280 4805 3484 4868 tempo-

1911 4880 1990 4936 ris
2014 4879 2083 4934 ad
2112 4880 2559 4950 expurgationem
2588 4883 2794 4952 peccati
2819 4883 2949 4950 mei,
2969 4883 3192 4939 multum
3217 4894 3295 4941 est
3318 4888 3477 4943 enirm

1910 4970 2202 5027 Passiones
2232 4968 2546 5038 infernaleS,
2590 4988 2696 5027 non
2723 4972 2888 5043 hujus
2919 4976 3181 5047 temporis
3220 4991 3321 5047 ego
3359 4992 3479 5032 me·

1911 5064 2017 5119 rui.
2060 5063 2352 5120 Passiones
2380 5074 2631 5131 aeternas,
2667 5080 2776 5121 non
2822 5068 3167 5123 transitorias
3195 5083 3296 5137 ego
3344 5069 3476 5123 mihi

1910 5156 2212 5212 secundum
2242 5157 2498 5212 duritiam
2527 5173 2703 5213 meam
2732 5167 2786 5214 et
2806 5158 3153 5230 impoenitens
3179 5175 3277 5215 eor
3296 5176 3478 5218 meum

1909 5249 2295 5305 thesaurizavi.
2322 5248 2388 5305 Et
2408 5250 2530 5305 ideo
2556 5260 2753 5321 praeter
2794 5266 2995 5306 nomen
3021 5260 3174 5307 tuum
3204 5251 3352 5307 nulla
3395 5262 3479 5310 eat

1908 5350 2222 5412 competens
2263 5352 2359 5398 aut
2403 5342 2677 5399 sufficiens
2725 5343 2996 5399 medicina
3050 5353 3274 5415 peccato
3328 5360 3475 5414 meo,

1909 5434 2133 5489 „nuttam
2154 5448 2231 5489 est
2259 5437 2417 5491 enim.
2977 5438 2981 5444 ’

1982 5528 2086 5582 Sed
2108 5543 2138 5583 e
2160 5540 2350 5586 contra
2380 5531 2548 5586 multa
2571 5544 2696 5600 spes
2722 5528 3045 5585 medicantis
3063 5520 3255 5600 'gratiae
3275 5530 3475 5587 redun-

1907 5620 1996 5703 «lat
2020 5620 2073 5675 in
2108 5629 2200 5675 tuo
2228 5623 2471 5690 nominc,
2505 5625 2649 5692 quod
2681 5631 2767 5691 est
2806 5619 2988 5690 lesus,
3031 5623 3190 5694 eujus
3234 5623 3473 5680 nominis
