3817 6000
199 203 275 262 iiic
683 198 840 258 cubitorit
860 196 1054 256 racudsis!
1075 195 1350 255 bbtcttbttsbuttc.
1763 201 1843 259 iiii

203 318 256 376 Per
269 315 429 387 baptismam
456 321 482 372 et
496 289 630 383 infantem
654 323 729 367 trans
751 313 835 368 libera
853 329 912 378 nos,
940 312 994 367 ilo-
1008 320 1031 377 Α
1044 311 1157 369 tractari
1175 312 1306 368 berrebcia
1322 312 1414 368 diuina
1425 312 1495 369 milti
1508 312 1671 385 specialiter,
1685 324 1714 371 et
1737 315 1842 373 snu-

200 411 281 467 snine.
312 406 366 464 Per
383 423 487 463 crucem
506 415 532 462 et
555 407 704 478 passionem
729 419 804 462 taam
821 406 905 463 libera
932 423 991 474 nor,
1045 403 1093 459 sice
1105 403 1298 459 universaliter
1317 403 1451 473 exiribita,
1464 407 1685 477 etproptcrbeec
1698 408 1795 463 omnia
1810 410 1844 464 irs

204 502 325 557 bomine.
341 499 389 556 Sic
403 515 452 571 per
469 498 682 566 obsecrationes,
700 499 849 567 crationes,
868 499 993 569 postula·-

200 595 302 660 tiones,
314 592 465 665 gratiarum
480 590 612 656 actiones,
627 606 679 661 pro
698 591 806 647 eunctis
825 591 993 647 ecciesiasti-

199 685 241 741 cis
257 682 401 740 ordinibus
421 682 558 738 exbibitas
574 682 691 737 circuibo
711 692 736 739 et
756 682 939 738 §mantalam
950 693 992 738 ta·

202 777 344 834 bensacnlo
354 775 555 832 lucamationis
565 774 724 845 Dominism,
739 777 782 833 rel
798 777 884 834 tetius
896 777 992 833 Eccle-

201 872 250 930 sise
272 870 389 925 bostiam
405 866 577 940 iubilationis
600 866 628 922 in
656 868 783 925 laudibus
802 877 830 924 ct
850 869 990 939 precibus,

1043 494 1215 550 tabernaculo
1230 495 1299 566 ejas,
1312 495 1338 552 id
1354 498 1438 553 estin
1462 506 1519 554 tota
1533 499 1629 555 mundi
1652 498 1757 556 inbrica
1786 503 1844 557 isu-

1043 588 1143 645 moiasi
1157 588 1274 643 bostiam
1288 589 1496 660 vociferationis,
1505 603 1751 648 omnescreaturas
1765 594 1845 649 inri-

1042 687 1104 738 tans
1130 681 1163 736 ad
1189 680 1368 750 laudandum,
1392 689 1421 737 ct
1442 682 1659 739 benedicendum
1672 683 1841 741 Creatorem

1042 789 1122 830 suum
1148 773 1220 830 sicut
1231 773 1262 829 lit
1277 774 1304 829 in
1319 774 1421 847 hymno
1437 774 1521 831 trium
1535 791 1684 847 puerorum
1695 785 1725 835 et
1742 778 1775 834 in
1791 778 1841 833 nl·

1041 865 1118 922 timis
1130 866 1220 923 tribus
1234 866 1358 937 psalmis.

200 963 303 1036 quibus
318 962 428 1019 moriem
444 960 567 1017 succedit
578 960 677 1016 mentis
692 969 767 1016 muta
776 960 913 1031 jubilatio,
929 976 991 1033 quse
1075 973 1142 1032 1101„
1154 951 1255 1031 inissa
1269 973 1407 1042 Ecclesia,
1419 990 1481 1048 quse
1494 976 1703 1034 „sarmentum
1717 974 1768 1033 nni
1780 983 1841 1043 m,

200 1059 293 1115 verbis
305 1074 360 1113 uon
374 1064 466 1129 potest
478 1054 607 1128 exprimi,
622 1055 684 1111 litei
699 1070 753 1110 ¹¹⁰⁰
767 1056 856 1126 boisil
877 1057 991 1114 omnino
1040 1068 1084 1123 rel
1104 1069 1325 1126 consideratione
1339 1071 1519 1138 tabernaculi,
1537 1069 1564 1126 id
1576 1080 1620 1127 est
1631 1068 1841 1126 iucarnationis

201 1151 287 1208 sileri.
635 1145 642 1155 ’
1039 1159 1152 1229 Christi,
1169 1177 1223 1233 qua
1251 1177 1302 1234 pro
1326 1164 1407 1220 nobis
1435 1163 1660 1228 immolatusest,
1688 1162 1841 1220 immolari

235 1243 296 1300 Non
310 1241 426 1298 circuibo
437 1257 500 1298 cum
516 1241 570 1296 hbe
581 1238 694 1295 wiltbili
706 1238 818 1305 mundo,
827 1248 858 1295 ¹¹¹
867 1239 927 1311 ⁰1⁰8
938 1240 988 1296 id·
1039 1252 1153 1308 bostiam
1165 1254 1363 1326 vociferationis
1386 1257 1415 1311 in
1431 1255 1553 1329 hymnis,
1567 1265 1595 1312 et
1607 1255 1724 1313 canticis
1746 1257 1840 1328 spiri·

198 1336 287 1393 versis
301 1350 422 1407 illimis,
436 1334 479 1390 iel
491 1331 631 1405 prosperis
644 1330 760 1387 0¹1⁰¹¹³i
776 1331 804 1386 5¹¹
819 1330 930 1386 modum
940 1345 989 1387 ¹⁰·
1039 1342 1151 1410 talibus,
1167 1344 1210 1399 vel
1226 1344 1344 1401 bostiam
1360 1345 1532 1417 jubilationis
1551 1345 1578 1401 in
1593 1346 1697 1402 saumis
1713 1348 1840 1403 medita·

199 1437 234 1485 tae
254 1426 391 1484 currentis
410 1427 438 1481 iu
456 1424 624 1497 inteiligit
644 1422 761 1480 arcolio
775 1424 805 1478 in
819 1423 989 1480 ititmwiv
1038 1434 1171 1503 tionibus,
1193 1435 1240 1492 ubi
1262 1436 1417 1506 deficiente,
1444 1439 1487 1494 rei
1514 1437 1675 1510 quiescente
1699 1453 1839 1495 sarmoise

198 1522 267 1592 eius
284 1520 367 1577 idest
381 1518 408 1575 tn
422 1527 479 1575 rora
492 1517 614 1576 scursa
629 1519 773 1591 pascendo
790 1533 853 1575 com
867 1517 989 1591 nordeu-
1039 1526 1096 1583 sota
1110 1527 1346 1599 jnbitastorenat.
1374 1529 1443 1587 bam
1470 1532 1517 1587 sart
1544 1531 1634 1588 nassis
1657 1531 1839 1603 jab‘tntonts

199 1613 282 1677 tibus.
297 1611 424 1670 etflendo
437 1626 500 1669 cun
516 1610 654 1678 uentibus,
673 1610 825 1667 asenneus
849 1626 898 1683 ner
921 1610 989 1666 alie·
1038 1634 1089 1690 pro
1102 1621 1175 1678 reris
1191 1620 1390 1681 belmonticus
1407 1624 1464 1696 ipss
1479 1633 1580 1681 aesna
1595 1625 1838 1682 consuescens

198 1723 242 1763 uae
260 1721 293 1761 tte
314 1704 442 1760 iruiel'ttae
464 1691 603 1760 ieiicitatis
630 1703 916 1775 congraiuidiiolldtn,
940 1703 988 1759 de·
1003 1682 1024 1738 B
1039 1720 1094 1778 tur,
1115 1729 1237 1785 quaenon
1251 1715 1466 1783 hismaelitam
1478 1717 1624 1775 laudabilis
1642 1727 1685 1775 est
1701 1733 1750 1790 per
1767 1734 1836 1774 om-

197 1797 335 1855 scendens
349 1812 398 1867 per
410 1794 538 1851 iratorum
561 1794 680 1852 miserim
691 1794 935 1867 compassionem,
958 1810 986 1850 m
1038 1783 1096 1876 1153,
1124 1822 1186 1878 (μη
1212 1808 1241 1862 t„
1259 1809 1429 1865 animaculo
1456 1811 1541 1867 nonus
1556 1811 1702 1868 mundam„
1717 1810 1837 1869 mm

197 1899 304 1946 motum
319 1896 442 1945 rourum
457 1886 638 1955 esurientium,
653 1903 707 1944 non
734 1889 763 1944 in
787 1888 870 1960 nujus
890 1888 987 1945 mundi
1037 1900 1080 1955 vet
1094 1898 1354 1973 ipsiosmntgmmre
1366 1910 1464 1973 agenno
1478 1902 1667 1973 maurinum,
1682 1905 1724 1960 set
1740 1905 1836 1976 ipsios

196 1995 289 2047 coessssr
300 1979 348 2036 Μ
361 1979 390 2034 iu
405 1977 593 2046 1111110111οι
607 1979 652 2035 lii
664 1978 757 2051 potius
773 1979 801 2035 in
813 1979 884 2036 coelo
898 1998 905 2035 ²
920 1978 986 2051 quia
1036 1988 1144 2060 justitia
1154 1989 1318 2063 disponente
1331 1993 1389 2049 lieri
1403 1993 1609 2064 permittuntur,
1622 1996 1703 2066 cujus
1716 2004 1745 2051 et
1757 2011 1835 2067 ope-

196 2071 233 2127 db
247 2071 290 2127 bis
310 2071 347 2126 iifl
369 2070 501 2141 scriplum
525 2079 569 2128 eti
593 2087 677 2126 :cant
702 2071 868 2127 cicaaremstc
881 2073 987 2128 altima-
1036 2085 1108 2140 ratio
1120 2099 1227 2157 semper
1240 2085 1323 2153 bona,
1348 2094 1375 2143 ef
1397 2087 1544 2158 permissio
1567 2089 1760 2159 qempepjusu
1775 2100 1832 2146 δι,

195 2163 247 2233 iia,
259 2164 430 2220 curabantur
449 2166 551 2236 pariter
568 2172 594 2220 et
605 2174 682 2232 rotae,
694 2180 754 2220 cunr
764 2164 887 2220 caestibus
899 2166 985 2234 ibant,
1037 2172 1115 2234 unde
1138 2191 1222 2248 super
1254 2178 1338 2250 hujus
1368 2187 1478 2236 aemfnae
1508 2178 1633 2237 amissus
1667 2181 1831 2239 miser-ianr-

196 2265 222 2313 ct
236 2272 296 2311 cttsn
310 2255 443 2313 stantibus
458 2255 576 2324 stabant,
587 2263 613 2311 et
631 2271 691 2310 cttns
709 2254 844 2312 ebratira
855 2266 926 2312 terra
935 2271 986 2327 pa·
1035 2272 1092 2330 (1qu

196 2351 261 2406 riter
282 2346 463 2404 elevabantur.
478 2344 596 2419 Spiritus
620 2348 692 2403 enim
714 2347 776 2405 sita
798 2357 857 2404 erat
874 2348 903 2404 in
918 2349 985 2404 rotis
1070 2384 1201 2454 cantabo,
1221 2396 1247 2443 a
1268 2387 1401 2460 psalmum
1422 2388 1510 2444 dicam
1523 2388 1654 2457 Domino»,
1674 2367 1833 2449 mmm·

197 2438 308 2512 (iisecls.
323 2437 414 2508 1,·19).
430 2436 525 2510 itaque
536 2436 565 2493 in
579 2437 692 2494 modum
710 2446 834 2495 rotarum
855 2437 986 2509 spiritua·

196 2534 266 2589 lium
280 2531 398 2587 circuibo
409 2532 436 2586 in
449 2529 618 2590 tabernaculo
632 2531 700 2601 cjsts.

232 2622 283 2679 Vei
297 2624 370 2681 sicut
391 2621 497 2679 iiartba
512 2623 654 2695 satagebat
666 2625 739 2681 circa
754 2624 886 2697 irequens
900 2624 985 2681 mini·

196 2716 323 2783 sterium,
340 2723 369 2771 et
382 2715 455 2772 sicut
467 2712 571 2770 Paulus
585 2714 622 2770 ab
634 2712 788 2772 Jerusalem
801 2730 890 2787 usque
903 2715 938 2772 nd
949 2714 984 2771 ii·

103 2845 105 2848 -
197 2809 314 2881 lyricum
330 2807 486 2864 incircuitu
500 2808 615 2879 replerit
633 2806 811 2879 Eranqeiium
830 2824 837 2862 ε
853 2807 896 2863 rel
911 2815 985 2864 certe

196 2900 225 2956 in
239 2899 470 2973 contemplatione
485 2898 619 2964 veritatis,
626 2897 763 2970 principio
775 2905 804 2954 et
814 2899 869 2954 dne
881 2897 910 2953 in
925 2912 985 2954 mo·

196 2995 262 3051 dum
276 3003 398 3050 rotarum
410 2992 561 3050 coelestium
576 2991 707 3061 carentis,
718 3001 746 3048 et
757 2989 849 3048 omunia
862 2989 984 3048 decum-

196 3084 341 3158 plectentia
353 3100 361 3138 r
377 3082 510 3157 quidquid
529 3083 604 3141 enim
618 3090 745 3151 rereest,
760 3083 918 3139 inveritate
929 3089 983 3151 est,

196 3186 226 3233 et
238 3177 290 3233 boc
301 3175 391 3232 solum
402 3182 458 3232 est.
469 3173 608 3246 Quidquid
619 3182 710 3231 summ
726 3188 777 3230 nec
791 3188 872 3242 rere,
894 3188 944 3231 nec
955 3190 985 3229 sn

194 3267 453 3335 acritatesubsistit,
462 3266 561 3323 laisum
569 3275 621 3335 est,
629 3265 985 3338 imonibiiest.Atqueideo

195 3374 368 3432 quecunque
381 3358 453 3415 intra
461 3357 584 3414 veritatis
594 3357 728 3414 circulum
740 3370 795 3413 uon
803 3357 985 3429 comproben-
1034 3401 1041 3414 .
1064 3401 1070 3413 .

195 3454 308 3521 duntur,
319 3451 385 3524 quia
397 3465 469 3508 sera
479 3465 534 3506 non
546 3457 621 3517 sunt,
643 3447 713 3505 nibil
724 3458 800 3505 sunt.
817 3445 895 3505 Unde
905 3448 952 3520 qui
967 3463 984 3504 a

195 3546 312 3602 veritate
326 3544 445 3615 iuqiunt,
470 3542 506 3599 nd
528 3542 647 3598 nibilum
662 3540 789 3608 tendunt,
804 3540 869 3596 dum
884 3539 984 3596 menti·

194 3647 241 3695 tur
265 3636 398 3708 iniquitas
417 3634 491 3702 sibi,
511 3646 558 3691 aut
583 3634 666 3690 etiam
693 3633 827 3691 mentitur
853 3633 915 3690 aliis
941 3634 985 3690 di·

195 3726 396 3785 cendebaeum
411 3725 526 3793 malum,
544 3723 587 3781 sat
601 3725 705 3780 maium
722 3724 837 3782 bonum.
858 3722 917 3797 iiqo
933 3739 985 3780 nu·

193 3831 249 3876 sem
272 3820 343 3878 intra
365 3820 489 3877 veritatis
502 3816 649 3876 circuitum
678 3817 845 3876 constitutus
861 3816 984 3874 recitatis

194 3912 255 3968 luce
266 3920 437 3968 monstrante
464 3912 569 3968 botrum
595 3910 699 3968 benum
713 3918 743 3967 et
758 3911 862 3966 malunt
879 3910 983 3967 malum

193 4003 266 4071 dico,
279 4012 362 4075 atque
374 4003 404 4060 in
418 4003 466 4063 tali
476 4003 600 4061 rerimtis
611 4002 716 4074 iudicio
727 4001 844 4058 circsiio
855 4001 883 4058 in
895 4005 983 4057 tabac-

193 4095 289 4150 nacnlo
304 4093 354 4149 bei
367 4094 568 4151 omnebonum
584 4093 751 4166 approbans,
768 4101 797 4150 et
819 4107 903 4150 omne
920 4108 982 4148 ma-

191 4188 250 4244 ium
261 4186 420 4260 improbans
433 4186 562 4258 primitas
582 4185 612 4241 in
632 4200 693 4242 mea
717 4183 827 4257 propria
852 4199 981 4257 persona,

1040 2480 1116 2535 diam
1128 2480 1234 2538 scilicet
1246 2490 1274 2539 et
1281 2482 1417 2553 judiciam
1442 2481 1554 2537 cantabo
1575 2482 1662 2555 (Psoi.
1674 2500 1701 2552 c,
1718 2484 1746 2557 i)
1767 2500 1829 2543 cre·

953 2575 958 2582 ’
1034 2570 1155 2638 desiset
1170 2584 1218 2627 ore
1232 2570 1366 2627 confitens
1381 2569 1527 2627 ilominuru
1549 2573 1755 2630 misericordem
1770 2575 1828 2632 mi·

1035 2664 1231 2733 sericordibus,
1247 2673 1275 2722 et
1285 2664 1406 2736 judicem
1422 2664 1482 2722 sine
1500 2665 1689 2723 misericordia
1701 2669 1830 2726 immise-

1035 2755 1202 2813 ricordibus.
1226 2755 1351 2813 iiocnon
1377 2755 1467 2812 solum
1482 2756 1534 2813 ilde
1549 2774 1581 2814 ac
1608 2774 1677 2816 soce
1699 2762 1826 2816 amram.

1034 2846 1123 2904 Etiam
1140 2848 1168 2904 in
1182 2850 1234 2906 bac
1245 2849 1297 2905 ilde
1311 2848 1428 2921 psallam
1446 2848 1560 2912 batisino
1588 2867 1636 2922 per
1648 2851 1742 2922 operis
1768 2852 1829 2908 eri·

1034 2940 1153 2999 dentiam
1164 2941 1356 3000 demonstrans
1374 2943 1455 3000 iidem
1483 2959 1583 3000 meam.
1601 2942 1670 3001 Nam
1693 2945 1760 3017 quia
1773 2945 1828 3003 boc

997 3034 1129 3095 cresum
1144 3031 1259 3100 credidi,
1276 3033 1359 3089 etiarn
1374 3033 1494 3090 inimicis
1511 3034 1579 3091 meis
1596 3050 1645 3105 per
1663 3035 1827 3092 misericor·

1034 3126 1107 3182 diam
1123 3140 1284 3196 compassus
1293 3139 1345 3196 ego
1359 3123 1444 3181 liavid
1469 3125 1560 3198 planxi
1574 3141 1623 3182 eos
1637 3125 1747 3198 planeto
1764 3143 1826 3183 ma-

1034 3231 1098 3289 qno,
1114 3216 1161 3288 qui
1186 3217 1313 3288 planctus
1333 3232 1449 3289 magnus
1478 3218 1558 3287 quasi
1585 3216 1674 3273 bestia
1695 3220 1827 3291 uocifera-

1034 3310 1114 3364 tionis
1128 3308 1304 3380 acceptabilis
1320 3308 1372 3365 iuit
1382 3310 1410 3364 iu
1423 3319 1571 3381 conspectu
1588 3311 1646 3367 veri
1658 3310 1745 3369 David
1756 3320 1826 3370 suot

1034 3401 1161 3457 mimicos
1176 3400 1330 3473 plangentis
1352 3416 1408 3457 saon
1431 3402 1522 3458 solum
1536 3402 1564 3457 ln
1582 3401 1827 3463 lamentationibus

1032 3490 1169 3559 ieremiae,
1182 3491 1355 3564 aliorumque
1365 3494 1572 3564 prophetarum,
1583 3494 1630 3550 sed
1640 3495 1760 3551 ctiamin
1774 3510 1825 3553 sua

1032 3601 1160 3658 persona.
1182 3584 1278 3640 Videas
1292 3586 1366 3641 enim
1382 3586 1515 3642 ciuitatem
1529 3588 1583 3643 sibi
1596 3587 1738 3657 rebellem,
1751 3591 1824 3661 flend

1032 3694 1111 3748 super
1125 3677 1212 3745 iilam,
1225 3678 1332 3733 dicens:
1347 3676 1418 3745 Quia
1436 3679 1460 3733 si
1474 3695 1637 3750 copnotusses
1650 3689 1677 3734 et
1692 3689 1721 3735 tu
1745 3681 1822 3753 (Lac.

1034 3787 1091 3840 ιιι,
1103 3770 1159 3842 ii).
1170 3769 1290 3827 Tandem
1302 3779 1364 3842 post
1377 3770 1534 3841 hujusmodi
1547 3772 1674 3844 planctus
1684 3789 1736 3846 eqo
1746 3773 1823 3831 (ibri-

1032 3870 1092 3920 stus
1106 3876 1187 3919 serus
1203 3860 1287 3917 ilarid
1300 3861 1422 3933 pendens
1435 3862 1463 3918 in
1476 3877 1568 3931 cruce,
1582 3879 1615 3919 ac
1628 3878 1679 3934 pro
1701 3865 1822 3925 inimicis

1032 3954 1243 4011 reconciliandis
1258 3954 1379 4010 moriens
1392 3953 1507 4010 bostiam
1519 3956 1713 4027 vociferationis
1727 3968 1756 4015 et
1776 3961 1822 4033 ju·

1031 4050 1335 4118 bilationisimmuiaui,
1355 4050 1490 4123 sanguiue
1505 4066 1567 4107 mco
1588 4051 1756 4111 voaiierante
1778 4056 1821 4112 rel

1031 4145 1166 4202 clamante
1189 4145 1287 4201 melius
1306 4160 1389 4217 quam
1415 4144 1529 4217 sanginis
1556 4146 1633 4201 Abel.
1661 4144 1730 4202 Nam
1755 4162 1821 4203 san·

1031 4236 1092 4309 puis
1105 4236 1173 4292 Abel
1194 4236 1317 4293 clamans
1332 4236 1366 4293 de
1386 4244 1459 4292 terra
1484 4236 1633 4309 postulauit
1655 4238 1818 4308 vindictam

1031 4328 1221 4400 sanquisreso
1244 4342 1322 4385 meus
1344 4328 1372 4384 in
1388 4345 1437 4385 ora
1464 4329 1583 4386 ildelium
1614 4329 1693 4387 lusus
1719 4331 1820 4391 clamat

1031 4419 1066 4475 dc
1090 4426 1179 4488 mern,
1207 4418 1242 4475 dc
1267 4426 1326 4475 tata
1349 4418 1476 4476 videlicet
1498 4430 1594 4477 sancta
1619 4420 1743 4477 Ecclesia
1770 4436 1819 4493 po-

192 4278 291 4335 deinde
303 4277 331 4333 in
342 4276 415 4345 aliis,
430 4275 478 4348 qui
502 4282 568 4332 sunt
581 4274 610 4330 in
625 4273 804 4331 tabernaculo
825 4276 896 4348 ejus.
911 4272 981 4330 liam

192 4367 226 4424 de
238 4368 292 4436 bis,
304 4367 352 4440 qui
367 4365 435 4422 ioris
448 4374 523 4431 suut,
534 4364 713 4436 prohibemur
724 4364 859 4436 judicare,
872 4363 981 4422 dicente
995 4379 1018 4436 p

191 4458 323 4530 Apostolo
339 4476 347 4516 r
362 4456 616 4529 Nonncdeltis,dsti
629 4457 701 4511 intas
718 4465 791 4526 sssrt,
812 4473 857 4513 ros
867 4456 974 4528 judica·
1234 4511 1240 4524 ,
1282 4511 1289 4524 ⁵
1495 4511 1503 4525 ὑ
1551 4511 1558 4525 .
1629 4512 1635 4526 .
1778 4513 1785 4526 ·

192 4549 409 4617 strenationem
426 4549 533 4606 minsa
547 4549 589 4604 ts
603 4548 982 4621 inconcinnitatem
1030 4511 1375 4579 11111111111111111111·
1401 4511 1449 4568 111
1466 4512 1692 4578 misticonem,
1707 4514 1755 4569 son
1777 4530 1818 4569 u·

792 4638 927 4712 mm
950 4638 979 4712 (Ι
1029 4605 1208 4677 dulgentiam,
1234 4606 1283 4663 sed
1310 4606 1437 4679 qratiam,
1466 4606 1514 4664 sed
1537 4622 1644 4678 pacem.
1670 4606 1816 4680 Propterea

192 4640 265 4696 bam
282 4640 436 4713 stetisset
458 4641 529 4713 [⁰¹³⁸
552 4640 770 4709 *1111111111*
1029 4697 1104 4754 usco:

190 4730 253 4788 Cor.
270 4749 310 4802 ιι,
324 4733 381 4804 li).
397 4731 434 4789 be
447 4733 492 4790 bis
503 4747 580 4806 erqo,
593 4732 642 4805 qui
656 4733 732 4790 intus
760 4739 836 4801 sunt,
849 4732 924 4790 licite
931 4732 979 4803 ju-

189 4826 325 4883 dicamus.
342 4824 435 4898 ltaque
448 4840 543 4883 rerum
568 4825 706 4897 judicans,
720 4825 837 4881 drcsiio
851 4826 878 4880 in
891 4826 979 4880 tain-
1064 4830 1148 4889 vans.
1164 4832 1190 4888 7.
1205 4831 1322 4901 finandi,
1335 4831 1552 4897 Domine,ooccns
1574 4847 1670 4896 meant,
1691 4847 1746 4904 qna
1759 4833 1817 4889 cla-

188 4918 285 4974 naenio
297 4919 354 4989 ejas
371 4928 396 4973 et
409 4917 551 4972 immolabo
565 4920 593 4972 ia
608 4916 779 4973 tabernaculo
791 4918 849 4988 ejas
863 4918 978 4973 bostiam
1029 4928 1099 4981 mast
1110 4926 1146 4980 aa
1158 4935 1192 4982 ra,
1210 4924 1348 4998 sangnine
1361 4940 1423 4980 mes
1433 4925 1570 4981 clamante
1582 4926 1617 4980 ad
1633 4934 1660 4979 te
1673 4924 1708 4981 de
1732 4934 1816 4990 terra,

188 5012 396 5084 vociferationis,
417 5010 653 5082 rei-jubilationis,
664 5009 694 5066 ld
710 5018 754 5067 cst
773 5010 875 5081 laudis,
888 5013 980 5068 consi·
1028 5015 1112 5073 idest
1121 5015 1155 5072 de
1170 5025 1227 5072 tcta
1238 5016 1372 5083 Ecclesia,
1387 5031 1449 5088 quae
1466 5031 1515 5087 per
1535 5014 1598 5073 tidei
1612 5014 1816 5073 coniessioncm

187 5106 328 5164 donatione
355 5105 501 5173 bonerum,
520 5118 582 5175 qum
601 5118 666 5161 rere
675 5104 748 5160 bona
760 5112 835 5161 sunt.
1028 5106 1135 5176 aperuit
1148 5121 1181 5162 os
1197 5122 1289 5175 suum,
1300 5116 1328 5162 et
1346 5106 1478 5178 suscepit,
1489 5113 1572 5176 atque
1587 5106 1710 5177 quotidie
1728 5107 1817 5163 susn'·

222 5197 331 5254 diiter:
347 5195 662 5264 Cirosioi,etinnnoiaoi
678 5195 707 5249 is
728 5193 900 5251 tainnacsslo
918 5195 977 5266 ejas
1027 5198 1067 5268 pit
1077 5198 1239 5269 sanquinem
1254 5214 1345 5255 meum
1371 5199 1534 5255 clamantem
1559 5207 1587 5255 et
1612 5207 1738 5254 amntem
1766 5214 1815 5270 prs

185 5291 302 5346 trastiaar
315 5288 522 5361 vociferationis.
533 5287 643 5344 dtoerrdi
665 5288 788 5358 exempla
805 5296 976 5356 sanctorum,
1026 5289 1072 5347 iiia
1086 5306 1139 5346 una
1163 5291 1342 5361 impetranda,
1364 5306 1447 5363 quam
1468 5291 1532 5362 petii
1555 5290 1640 5348 semel
1661 5291 1770 5348 oblatas
1780 5292 1813 5347 ad

185 5379 371 5451 circumspexi
381 5378 475 5434 omnin
488 5385 580 5433 creata
604 5391 654 5448 per
676 5376 802 5433 diversas
823 5375 977 5447 puicbritu·
1027 5382 1175 5438 multorum
1188 5382 1374 5439 esbaurienda
1386 5391 1507 5455 peccam,
1522 5391 1550 5438 et
1561 5382 1651 5439 adbuc
1663 5391 1728 5453 peto
1736 5398 1811 5440 eanr-

185 5471 282 5527 diuum
292 5471 400 5543 species
415 5471 494 5542 quasi
509 5484 558 5540 per
576 5468 700 5527 diversas
724 5483 807 5526 seces
817 5468 975 5526 Creatorem
1025 5472 1087 5529 dem
1104 5489 1197 5540 anans,
1211 5489 1291 5544 qnam
1303 5474 1380 5544 petii,
1398 5482 1461 5544 peto
1474 5472 1503 5531 in
1525 5474 1706 5530 sacramentis
1719 5472 1811 5545 mrsu-

187 5577 269 5618 suum
282 5563 431 5620 laudantia.
442 5561 619 5619 Consideravi
630 5561 711 5618 tidem
724 5561 800 5618 orbis
827 5570 974 5629 terrarum,
1025 5564 1076 5630 eis,
1093 5574 1156 5634 peto
1168 5565 1196 5619 in
1207 5565 1338 5622 membris
1352 5566 1432 5633 meis,
1451 5565 1513 5621 ideo
1527 5565 1607 5622 dico:
1622 5563 1743 5631 iicoadi,
1758 5563 1810 5619 iio-

188 5667 237 5722 per
247 5669 332 5725 quam
340 5653 461 5714 Ecclesia
471 5669 535 5712 eam
550 5655 638 5728 capite
649 5670 702 5713 suo
715 5654 834 5713 usitata
846 5662 898 5713 est.
908 5653 974 5712 Per·
1023 5656 1104 5720 nine,
1120 5672 1205 5711 socen
1218 5672 1314 5725 meam,
1325 5672 1378 5729 qua
1391 5655 1505 5712 damasi
1515 5655 1550 5712 ad
1562 5665 1597 5713 te.
1611 5653 1709 5713 iucem
1722 5668 1808 5711 mean
