3817 6000
188 157 237 214 lll
654 157 805 215 GERHOIH
823 159 1019 217 PRAEPOSlTl
1037 160 1310 223 nulcuuuseulto.
1747 170 1801 230 rla

183 270 294 345 ienipaa
312 279 351 328 att
366 272 400 328 ad
425 270 595 327 reddendum
610 270 681 326 bona
696 287 746 341 pro
766 274 857 342 malis,
881 273 964 330 etiam
979 277 1003 334 Α
1016 274 1162 342 ternarius,
1175 276 1238 346 quia
1252 285 1279 332 et
1291 292 1324 332 ex
1337 284 1456 347 quatuor
1474 284 1583 331 constat
1601 273 1753 344 elementis,
1771 289 1801 337 et

183 366 252 437 ipsis
266 365 346 421 malis
360 364 529 439 etinimicis.
546 361 672 418 Caerites
687 380 739 417 aon
754 366 907 431 cruciatur,
937 368 967 424 id
1017 373 1135 434 quatuor
1145 367 1260 423 afficitur
1270 368 1458 439 qualitatibus,
1469 369 1553 433 sicca,
1564 368 1688 439 humida,
1699 371 1799 440 calida,

181 467 235 525 cst,
251 472 306 512 uon
319 457 423 512 inuidet
435 455 516 511 bonis
528 453 651 522 alterius,
666 472 717 510 noa
728 456 762 511 de
775 473 825 512 sua
838 457 966 541 [elicitam
1016 454 1114 529 frigida
1135 467 1161 514 ει
1185 468 1305 529 quatuor
1319 459 1492 515 ministratur
1507 459 1689 529 temporibus,
1702 474 1799 530 amno,

183 550 303 619 inflatur,
315 565 367 602 non
380 548 435 619 epit
459 564 604 618 perperam,
620 546 704 603 idest
731 562 857 618 peruerse
872 558 967 606 contra
1015 556 1119 621 aestate,
1132 557 1273 617 autumno,
1292 550 1390 606 bieme.
1406 550 1447 605 le
1463 550 1581 605 animam
1598 566 1664 607 nero
1680 554 1801 623 pertinet

181 642 313 713 judicium
329 642 445 712 propria
468 641 653 697 conscientia.
676 639 737 694 Non
757 651 795 719 εει
811 643 966 713 arabilium,
1016 639 1162 706 ternarius,
1178 639 1282 697 scilicet
1298 640 1410 711 diligere
1428 639 1514 695 Deum
1528 655 1563 694 ex
1585 640 1746 707 totocorde,
1771 651 1800 698 ct

182 733 211 787 id
224 739 267 786 est
282 730 343 785 aliis
355 731 475 801 praeponi
486 745 542 785 non
552 729 698 786 desiderat.
713 729 774 784 Non
787 732 893 801 quaerit,
907 748 965 802 qaoe
1015 742 1049 807 ex
1060 736 1118 782 tota
1144 728 1246 796 anima,
1264 737 1291 784 et
1311 744 1344 784 ex
1366 737 1423 785 tota
1437 730 1547 784 uirtute.
1571 727 1694 785 Peractis
1715 730 1800 802 igitur

181 838 232 876 aaa
250 831 322 887 aaut,
343 822 406 892 quia
434 822 591 877 communia
609 822 740 893 propriis,
766 839 821 877 non
853 825 964 894 propria
1015 816 1070 884 his,
1084 818 1189 888 quaead
1202 833 1302 889 corpus
1318 819 1465 889 pertinent,
1487 818 1623 874 actionem
1639 829 1668 876 et
1691 820 1799 876 exerci-

181 914 374 971 eommunibus
384 914 534 984 anteponit.
553 914 615 970 Non
638 916 773 983 irritatur,
800 933 850 970 aaa
865 917 964 987 copitct
1014 905 1084 960 tium
1097 908 1196 962 animae
1209 922 1256 978 per
1270 907 1369 963 trinam
1381 908 1555 965 dilectionem
1577 909 1657 979 quasi
1671 919 1798 979 septena-

182 1006 292 1073 arainm,
305 1006 495 1062 iortissciiicel
508 1021 563 1062 non
573 1008 661 1063 solum
671 1007 704 1062 ad
713 1022 768 1063 non
777 1007 965 1077 vindicandas,
1014 996 1057 1053 ¹1⁰
1077 1012 1191 1053 numero
1204 999 1294 1054 iiiiii
1307 1009 1421 1055 ⁰⁰l³llii
1432 998 1489 1055 diii
1505 997 1612 1070 judicii,
1634 1000 1681 1055 ubi
1697 999 1799 1071 cuique

182 1094 325 1150 sedetiam
347 1095 382 1151 ad
400 1110 455 1151 rron
473 1097 732 1152 commemorandas
752 1097 868 1168 injurias
887 1115 964 1155 suas.
1014 1091 1328 1171 ili⁰¹¹iiiili⁸i⁰lliltii¹b
1353 1090 1431 1148 Unde
1456 1092 1556 1149 timens
1579 1091 1681 1157 Dtild·
1704 1092 1733 1147 id
1753 1099 1798 1150 eil

181 1184 246 1241 lion
267 1186 364 1258 ponder
384 1204 462 1258 super
483 1189 650 1258 raiqrrirarem
676 1189 801 1257 alterius,
817 1191 964 1261 conportet
1014 1181 1129 1251 quilibet
1159 1183 1305 1253 poenitens,
1330 1184 1374 1239 rel
1398 1193 1453 1239 tota
1478 1183 1599 1241 Ecclesia
1619 1185 1797 1255 semetipsam

181 1288 270 1337 autem
281 1281 395 1348 ueritati,
412 1281 439 1337 id
450 1280 622 1351 estjusliliae.
643 1280 695 1337 Pro
705 1283 890 1352 quaeeritate,
908 1282 966 1339 sire
1014 1285 1144 1347 ‚emicem
1158 1272 1186 1327 ¹¹¹
1203 1273 1375 1344 lioesslleilliir
1400 1274 1472 1331 ⁸1⁰¹st
1485 1275 1620 1346 poenitere
1634 1270 1719 1332 ”illd
1735 1284 1798 1331 0i⁸i

180 1370 286 1443 iustitia
299 1371 324 1428 si
337 1371 408 1426 mala
417 1371 575 1443 temporalia
590 1374 737 1444 ingruunt,
759 1375 964 1445 omrrierup’ert,
1013 1361 1041 1417 ¹1¹
1066 1363 1118 1420 ¹¹⁰⁰
1133 1364 1248 1434 psalmo,
1273 1366 1320 1438 qui
1341 1365 1640 1435 incircumcisorum,
1665 1367 1796 1439 quoniam

181 1464 415 1532 eiquamvisnon
436 1465 529 1520 omnia
544 1463 658 1535 Spiritui
672 1465 773 1529 credili,
802 1475 890 1522 tamen
905 1482 966 1537 plu)-
1014 1456 1049 1512 ad
1073 1456 1142 1513 bene
1156 1459 1324 1529 operandum
1338 1460 1450 1529 invitm
1473 1469 1500 1516 ei
1524 1460 1684 1516 uill'iliuliul‘
1698 1460 1793 1527 David,

182 1550 277 1608 batum
300 1552 405 1609 babens
419 1553 539 1625 aliquem
547 1554 684 1624 spiritum,
698 1555 771 1626 quod
783 1571 817 1611 ex
832 1555 888 1612 Deo
916 1556 962 1625 sit,
1014 1547 1042 1604 ld
1052 1555 1110 1618 0⁵¹,
1122 1550 1264 1619 iloesslliiili
1277 1548 1406 1607 Ecclesiae
1419 1552 1540 1629 tendenti
1558 1552 1585 1608 in
1608 1552 1701 1619 finem,
1715 1552 1743 1607 ld
1752 1560 1795 1608 tii

184 1645 272 1702 altem
291 1644 487 1716 descriptoris
510 1645 631 1716 loquenti
655 1648 743 1701 omnia
763 1647 856 1716 ercan,
879 1656 908 1704 et
929 1649 963 1705 ule
977 1636 999 1693 ll
1013 1640 1041 1697 in
1054 1640 1203 1709 christum,
1222 1641 1268 1714 qul
1284 1651 1326 1699 est
1350 1642 1542 1715 «Principium
1568 1653 1593 1699 et
1609 1645 1671 1714 prule
1699 1644 1792 1715 ilaec·

180 1736 282 1795 tuturis
292 1739 462 1811 promittenti
478 1739 614 1810 promissa
639 1740 728 1794 omniu
739 1750 838 1811 speret,
865 1756 926 1812 quae
938 1741 963 1798 si
1014 1746 1034 1802 1,
1047 1732 1087 1806 8),
1102 1753 1112 1787 t
1128 1735 1155 1790 ld
1167 1743 1219 1799 tii,
1231 1735 1373 1792 inchoatio
1382 1746 1409 1791 tl
1424 1737 1626 1793 consummatio
1655 1736 1689 1792 ad
1711 1735 1794 1808 jusii-

179 1831 352 1900 differuntur,
368 1833 457 1886 omnia
469 1833 591 1887 sustinet.
605 1830 730 1887 Charitas
742 1848 876 1904 nunqnam
889 1834 963 1888 eari-
1013 1826 1079 1881 tiam
1103 1824 1178 1880 omiti
1197 1826 1330 1895 credenti,
1352 1835 1378 1882 et
1391 1826 1495 1897 justam
1518 1826 1731 1882 sollicitudinem
1745 1825 1795 1879 ha·

179 1924 223 1978 det
243 1924 517 1995 :quoniamcaquae
533 1925 696 1980 muitaenon
715 1933 842 1995 poteram
859 1926 964 1981 exstin-
1013 1914 1267 1988 biniiiii⁰⁰⁰l³li³r
1284 1918 1509 1989 quamtimet,id
1536 1928 1588 1987 0⁵²2
1620 1934 1671 1989 pro
1686 1918 1730 1974 (fii
1750 1917 1795 1988 iu-

180 2030 263 2086 guere
286 2015 470 2083 charitatem,
496 2030 584 2089 neque
607 2015 720 2071 ilumina
742 2017 860 2074 obruent
888 2017 963 2073 illam
1012 2009 1086 2066 dicii·

179 2105 270 2176 (Cant.
282 2123 342 2175 rrrr,
362 2107 400 2178 l),
422 2127 432 2161 r
449 2108 514 2180 quia
527 2124 668 2180 nunquam
683 2109 841 2165 nernrnrin
858 2111 962 2181 odium,
1038 2100 1795 2177 Estautemistepsalmusprimuspoenitentialiumpsal-

179 2197 253 2266 quod
273 2211 323 2266 per
344 2212 436 2252 reram
455 2198 616 2255 charitatem
648 2196 702 2255 luit
724 2197 872 2271 aliquando
892 2200 960 2258 dile-
1011 2210 1133 2264 morum,
1145 2197 1380 2270 quisrlntseptem
1392 2207 1546 2268 propterea,
1560 2199 1689 2269 quoniam
1705 2204 1796 2268 potest

179 2299 263 2347 ctum.
1012 2286 1095 2342 deleri
1108 2303 1156 2359 per
1166 2289 1354 2358 paenitentiam
1369 2304 1472 2355 veram,
1485 2289 1617 2360 quidquid
1628 2288 1795 2359 delinquitur

214 2381 288 2438 Talis
308 2382 428 2439 charitas
444 2390 487 2439 est
506 2382 596 2439 oleum
611 2381 679 2439 illud
701 2384 898 2456 euangelicum,
913 2402 963 2458 per
1011 2379 1040 2435 itt
1052 2380 1144 2436 saeculi
1159 2380 1321 2451 septimana,
1338 2395 1398 2451 qua
1413 2390 1516 2451 septem
1540 2380 1638 2437 diebus
1663 2381 1794 2447 volvitur,

178 2472 251 2542 quod
264 2473 405 2547 lampades
425 2473 522 2528 ardent
543 2473 572 2528 in
593 2475 720 2545 praesenti
741 2475 807 2542 rita,
829 2487 857 2533 ct
874 2478 962 2533 multo
1012 2471 1040 2527 in
1051 2487 1106 2544 qua
1123 2472 1206 2528 ctiam
1219 2472 1296 2527 labor
1307 2470 1500 2542 paenitentiam
1517 2473 1613 2541 durat;
1628 2480 1655 2527 ει
1669 2484 1796 2544 propter·

178 2566 266 2639 magis
281 2566 309 2621 in
324 2567 442 2622 adventu
455 2567 559 2637 spousi,
575 2568 623 2638 qui
638 2576 695 2624 tum
707 2570 828 2640 quinque
842 2570 961 2642 virgines
1011 2578 1043 2621 ea
1068 2579 1131 2621 cum
1159 2573 1261 2634 septem
1286 2573 1350 2620 sunt
1366 2565 1501 2635 precipue
1521 2565 1595 2620 modi
1620 2564 1795 2622 remissionis

178 2659 337 2715 introducet
352 2659 380 2713 in
405 2657 473 2715 illua
488 2659 609 2729 nuptiale
630 2660 789 2729 triclinium,
809 2661 857 2717 ubi
871 2662 962 2717 arcbi-
1011 2656 1153 2728 propositi,
1167 2655 1272 2711 scilieet
1282 2655 1371 2726 primo
1393 2655 1563 2725 baptismum
1584 2656 1704 2712 secundo
1721 2671 1796 2711 mar·

178 2751 303 2808 triclinus
314 2760 355 2808 est
376 2766 448 2808 unus
464 2766 496 2808 ac
510 2753 599 2808 trinus
614 2750 705 2819 Deus,
727 2753 773 2809 ubi
797 2754 878 2809 trium
899 2769 962 2825 per·
1011 2750 1127 2823 tyrium;
1141 2750 1221 2805 tertio
1235 2750 1423 2821 eleemosyna,
1439 2758 1548 2821 quarto,
1568 2750 1642 2821 quoti
1658 2751 1720 2806 aliis
1730 2766 1795 2821 pec·

178 2857 309 2898 sonarum
338 2857 393 2897 una
417 2851 460 2899 est
487 2843 546 2914 ipse
573 2859 702 2914 sponsus,
735 2846 772 2901 lbi
802 2846 889 2902 tribus
919 2848 961 2903 di·
1009 2842 1261 2921 antedictittimus3
1290 2841 1397 2913 quinto,
1425 2842 1498 2912 quod
1519 2851 1631 2898 eeterm
1653 2843 1688 2899 ab
1701 2858 1795 2901 enare

177 2932 295 2989 lectione
305 2933 442 2989 mediante
462 2934 590 2990 adunatis
612 2951 675 2990 cum
693 2936 814 3014 quinque
835 2938 960 3009 perficie-
1012 2934 1195 2990 convertimus
1208 2952 1216 3003 ;
1230 2942 1307 3004 serto
1326 2935 1443 3007 gemitus
1455 2948 1505 3007 pro
1521 2935 1660 3007 peccam3
1677 2935 1795 3007 septimo

178 3035 224 3082 tur
235 3027 281 3082 ille
292 3027 452 3083 octonarius
464 3026 601 3097 perlectus
614 3029 728 3085 cubicus
739 3039 766 3085 et
777 3030 880 3089 solidus
891 3048 959 3103 qua·
1011 3027 1169 3084 commuuio
1191 3028 1315 3100 corporis
1341 3037 1368 3085 et
1389 3029 1534 3102 sauguinis
1552 3029 1671 3086 Domini.
1696 3031 1795 3103 ligitur

177 3121 284 3187 dratus,
296 3120 330 3174 ab
342 3118 417 3175 omni
429 3118 598 3176 volubilitate
612 3120 730 3189 alienus,
757 3122 837 3193 cujus
851 3124 879 3179 in
893 3138 960 3180 eon-
1011 3129 1101 3176 autem
1122 3121 1168 3176 hic
1189 3121 1223 3177 de
1244 3122 1401 3191 poenitente,
1425 3131 1453 3178 et
1475 3123 1597 3194 loquitur
1615 3122 1737 3180 Ecclesia
1764 3126 1793 3183 in

178 3209 346 3267 sideratione
358 3210 415 3266 dies
429 3209 639 3266 resurrectionis
651 3212 786 3277 omnium,
812 3220 839 3268 et
852 3213 959 3270 beatifi-
1009 3230 1126 3287 persona
1146 3214 1297 3285 peccatoris
1314 3215 1442 3287 grauibus
1465 3216 1585 3287 peccatis
1600 3216 1749 3286 implicati,
1763 3224 1795 3272 ut

177 3301 295 3357 cationis
310 3317 363 3358 non
374 3302 496 3358 omnium
510 3302 710 3374 virginumsed
725 3303 846 3375 quinque
857 3307 960 3362 solum·
1010 3309 1102 3364 nulius
1118 3308 1151 3364 de
1167 3306 1356 3364 misericordia
1368 3309 1503 3379 desperet,
1520 3308 1544 3365 si
1557 3310 1727 3379 poenituerit.
1744 3308 1794 3366 Sc·

177 3391 260 3448 modo
280 3392 433 3463 sapientum
452 3392 595 3449 charitalis
607 3391 667 3448 oleo
680 3391 878 3456 abundantium
891 3395 961 3453 dici·
1009 3403 1130 3458 cundum
1154 3416 1219 3457 vero
1237 3400 1355 3457 iormam
1368 3402 1492 3457 omnium
1502 3403 1732 3474 poenitentialium
1748 3403 1792 3458 in·

177 3491 223 3538 tur
238 3483 297 3540 dics
308 3493 414 3539 octava.
1009 3492 1075 3565 cipit
1087 3493 1123 3549 ab
1135 3494 1319 3548 amaritudine
1333 3492 1510 3564 poenitentia,
1524 3502 1552 3548 ει
1562 3492 1622 3549 linit
1637 3494 1664 3548 in
1680 3494 1794 3550 certitu·

213 3575 266 3631 Sed
279 3577 344 3647 quia
356 3586 420 3634 lunc
434 3592 490 3632 non
504 3578 592 3634 solum
610 3579 664 3636 boc
674 3579 756 3636 babet
770 3582 888 3638 multum*
899 3582 960 3638 dul·
1009 3585 1180 3643 dinereniae.
1202 3584 1295 3647 Primo
1314 3595 1356 3642 est
1371 3586 1514 3641 exordium
1524 3585 1556 3641 in
1571 3600 1626 3656 quo
1638 3595 1728 3657 captat
1741 3587 1792 3643 be·

177 3669 293 3736 cedinis,
319 3669 392 3740 quod
417 3669 518 3725 dicitur
541 3687 548 3726 :
574 3669 772 3730 «intraverunt
785 3689 847 3730 cum
872 3690 905 3730 eo
925 3676 960 3732 ad
1009 3680 1201 3737 nerolculiam.
1217 3677 1354 3735 litantem
1374 3679 1481 3735 sciatur
1494 3680 1567 3750 quod
1589 3681 1624 3736 sil
1637 3680 1791 3748 exordium,

176 3761 296 3832 nuptias,
306 3771 359 3817 etc.
374 3760 559 3832 (blattam,
572 3762 628 3834 lo),
645 3782 655 3816 r
673 3765 721 3820 sed
735 3764 875 3823 bochabet
888 3768 960 3823 mul·
1009 3774 1082 3848 quod
1104 3773 1235 3829 babemus
1248 3775 1275 3828 in
1290 3773 1383 3830 mutilis
1399 3774 1483 3831 initiis
1497 3775 1676 3845 psalmorum,
1696 3777 1730 3832 de
1748 3777 1792 3831 di·

176 3865 234 3909 nm
252 3854 364 3909 enoris
389 3863 416 3910 et
433 3854 633 3922 amaritudinis,
649 3856 846 3927 quoddicitnr:
861 3859 960 3915 Clausa
1009 3864 1201 3922 sittianorum
1223 3865 1510 3922 rnerorteeorauonls
1529 3867 1631 3938 altune
1644 3867 1790 3923 araneum

175 3955 214 4002 ast
223 3945 322 4016 jenua,
340 3955 367 4002 et
379 3947 453 4018 quod
471 3946 571 4002 dicitur
593 3946 677 4003 iatuis
688 3948 840 4019 virginibus
865 3969 872 4004 ε
890 3949 959 4005 die·
1008 3966 1060 4014 est.

176 4036 231 4091 reia
242 4051 304 4100 titi
319 4051 369 4107 itte
381 4037 441 4108 ilisa
455 4036 499 4092 (lle
513 4045 607 4092 tituta
623 4036 755 4093 sollicitus
774 4037 858 4095 David
869 4042 956 4110 poerri·
1044 4047 1112 4104 Nam
1127 4048 1190 4105 licet
1208 4049 1345 4106 rhetorica
1358 4048 1497 4107 mentiaris
1511 4050 1624 4106 scientia
1636 4051 1682 4118 sil,
1698 4060 1790 4107 tamen

176 4136 248 4193 iiiiii·
269 4137 300 4183 ut
311 4128 426 4199 quilibet
440 4128 523 4182 h⁰¹¹¹⁰
534 4128 632 4184 limitis
648 4136 678 4181 ut
691 4128 785 4196 David,
809 4131 958 4188 cantabiles
1009 4140 1067 4211 ipsa
1087 4154 1149 4194 curn
1161 4140 1265 4196 ceteris
1287 4140 1446 4197 liberalibus
1458 4141 1563 4198 artibus
1578 4142 1652 4198 velut
1665 4146 1789 4214 quedam
1849 4159 1855 4164 ·

178 4221 259 4276 'lilii‘
271 4220 481 4291 justificationes
495 4221 578 4291 liuius
598 4220 913 4291 psalmipoeuiteutialis,
929 4234 960 4280 iti
1009 4232 1111 4288 famula
1120 4233 1258 4288 dominam
1283 4248 1372 4302 snam,
1392 4234 1510 4289 divinam
1532 4234 1657 4289 videlicet
1679 4237 1790 4306 sapien·

184 4328 205 4368 ¹¹
220 4313 349 4383 quinario
362 4311 498 4368 [illalum
511 4313 648 4383 virginum
668 4328 724 4368 ⁰⁰¹¹
750 4315 879 4383 liiidiil,
910 4317 958 4372 Sed
973 4355 996 4408 D
1009 4324 1075 4379 tiam
1090 4324 1119 4378 in
1139 4324 1241 4379 sanctis
1257 4321 1405 4394 Scripturis
1431 4325 1468 4380 ita
1486 4325 1641 4390 comitatur,
1654 4334 1685 4380 ut
1702 4327 1789 4397 siquis

176 4405 661 4475 velletrioctonariumsapienrum
673 4406 958 4479 pertingebtlttottttl-
1009 4433 1069 4473 eam
1096 4418 1310 4474 animaduertere
1336 4419 1467 4484 uoluerit,
1500 4419 1669 4488 etpotucrit,
1694 4435 1790 4476 omues

176 4496 222 4552 lus
240 4497 384 4568 pertinget,
402 4496 456 4552 nisi
480 4505 528 4552 aut
553 4513 601 4567 per
613 4515 704 4554 reram
726 4500 911 4556 innocentiam
928 4511 959 4559 ut
1009 4509 1277 4564 rhetoricoscolores
1301 4509 1329 4563 in
1350 4526 1383 4565 ea
1405 4510 1526 4565 invenire
1540 4511 1636 4580 possit.
1660 4509 1790 4568 Similiter

178 4589 296 4647 inientes
311 4591 449 4662 baptizati,
464 4593 549 4663 quiin
564 4594 718 4651 innocentia
734 4597 959 4664 maciomanum
991 4581 1112 4657 'ceterae
1122 4610 1194 4657 artes
1205 4601 1534 4673 liberalesprammatica,
1545 4603 1694 4670 dialectica,
1704 4605 1791 4661 arith·

176 4701 227 4757 per
236 4700 329 4740 reram
351 4687 549 4756 poenitentiam,
575 4687 608 4742 de
621 4703 675 4757 qua
688 4690 716 4743 in
732 4699 833 4760 septem
845 4693 958 4762 psalmis
1008 4692 1117 4759 metica,
1130 4691 1247 4759 musica,
1261 4693 1437 4761 astronomia,
1450 4694 1607 4766 geometria,
1620 4694 1676 4750 sive
1688 4694 1791 4765 practi-

177 4779 409 4851 poenitenlialibus
432 4783 530 4852 agitur,
551 4797 668 4851 quorum
698 4784 750 4839 isle
778 4787 900 4856 psalmus
916 4797 958 4844 est
1008 4800 1066 4852 cae,
1083 4784 1110 4840 id
1127 4793 1169 4840 est
1182 4785 1277 4841 activae
1303 4785 1437 4841 laboranti
1456 4786 1624 4842 collaborant
1644 4787 1723 4857 quasi
1738 4803 1790 4842 an·

178 4871 284 4942 primus
296 4871 449 4928 intitulatus
462 4873 565 4943 predic
576 4886 753 4948 octavaque
765 4880 957 4952 iortassepro·
1008 4878 1117 4935 cillares
1131 4877 1250 4947 famulae,
1267 4878 1323 4934 sire
1340 4879 1462 4946 theoriae,
1488 4880 1514 4935 id
1537 4889 1580 4936 est
1601 4881 1700 4938 divina
1719 4898 1789 4939 con·

178 4972 239 5036 pter
249 4965 307 5034 jam
320 4964 408 5022 dictas
431 4966 552 5022 rationes
565 4968 666 5025 dicitur
689 4979 794 5027 octana.
815 4972 863 5028 Vel
886 4974 958 5030 sicut
1008 4970 1177 5040 temptationi
1190 4969 1379 5025 solemnizanti
1392 4980 1418 5026 ει
1439 4973 1546 5027 vacanti
1562 4973 1684 5030 assident
1708 4976 1789 5045 qnasi

178 5059 288 5131 quidam
301 5060 383 5130 liujus
394 5060 493 5130 psalmi
506 5070 669 5119 tractatores
681 5066 786 5132 nolunt,
812 5066 873 5122 ideo
886 5067 956 5122 dici·
1008 5063 1129 5118 honestae
1141 5049 1410 5133 pedissequa'iiunl
1426 5065 1489 5133 qrria
1509 5066 1542 5120 de
1556 5067 1671 5138 singuiis
1684 5068 1790 5123 artibus

176 5160 223 5210 tur
233 5162 338 5220 octava,
354 5154 418 5224 quia
431 5157 625 5226 superponitur
645 5158 800 5228 septenario
810 5159 957 5228 pertinenti
999 5153 1150 5225 'ostendere
1162 5151 1196 5206 ad
1208 5166 1328 5221 praesens
1344 5167 1397 5206 non
1417 5163 1505 5220 racel,
1521 5170 1594 5211 nunc
1605 5156 1638 5210 de
1652 5156 1790 5213 rhetorica

177 5246 212 5303 ad
223 5261 333 5317 corpus,
348 5255 377 5301 ct
400 5246 434 5302 ad
448 5248 567 5308 animam
582 5249 635 5305 boe
659 5249 741 5305 modo
770 5269 776 5304 :
807 5249 872 5307 Duae
895 5252 959 5309 εἰει)
1008 5245 1467 5317 orationepaucadicamus,cuius
1488 5251 1589 5306 multas
1609 5253 1789 5322 proprietates

177 5348 252 5405 sunt,
281 5354 337 5394 una
358 5340 476 5409 pertinet
489 5339 522 5394 ad
534 5355 645 5411 corpus,
661 5339 694 5395 ad
719 5350 837 5397 veterem
853 5342 957 5399 scilicet
1007 5337 1034 5392 in
1048 5336 1159 5407 psalmis
1176 5336 1315 5391 babemus.

178 5427 328 5494 bominem,
339 5428 383 5488 cui
398 5437 425 5484 ει
440 5427 522 5486 lictus
535 5428 738 5488 Testamentum
750 5433 843 5487 darum
855 5442 912 5501 est,
928 5434 957 5489 in
1042 5427 1191 5482 Rhetorica}
1209 5427 1340 5483 orationis
1353 5441 1400 5483 sex
1417 5439 1508 5500 partes
1525 5441 1589 5489 sunt
1605 5451 1612 5488 :
1627 5432 1788 5503 Exordium,

178 5518 367 5589 qnorepnauit
379 5533 469 5585 mors;
494 5519 578 5575 altera
604 5522 721 5590 pertinet
737 5523 770 5576 ad
788 5522 907 5578 animam
927 5524 956 5578 in
1008 5518 1138 5585 narratio,
1166 5518 1286 5588 parlit'u,
1307 5522 1486 5589 confirmatio,
1501 5525 1661 5592 confutatio,
1677 5527 1790 5582 conclu·

179 5606 465 5683 §hristninnonatam
480 5609 520 5666 Ad
532 5619 631 5683 colpus
646 5625 735 5668 autem
746 5614 862 5685 pertinet
885 5631 954 5686 qlla·
1008 5610 1059 5666 sio.
1076 5609 1223 5666 Exordium
1239 5621 1298 5682 cti,
1316 5612 1362 5667 tlbi
1380 5621 1442 5670 aule
1465 5618 1648 5675 nartaliollem
1663 5628 1790 5689 caplailli'
