3817 6000
101 238 156 296 ml
429 236 708 295 cobubububtbbt
727 238 761 295 tn
780 238 950 297 Panthus.
971 269 1006 280 -
1017 236 1111 295 PARS
1129 237 1150 294 l.
1171 265 1206 279 «-
1224 235 1324 292 esst.
1344 234 1416 292 xit.
1676 235 1733 295 828

101 366 188 418 umal
203 367 231 412 et
246 355 379 427 anigeniti
405 356 445 412 sic
460 354 595 412 dicendo:
613 354 678 422 Quis
694 356 769 411 dabit
782 372 814 412 ea
827 354 893 412 Sion
906 362 929 418 Α
943 354 984 411 sic
995 351 1112 409 dicendo
1125 351 1295 422 confudistis,
1310 349 1427 406 salvabit
1443 349 1620 421 reliquisses
1638 353 1728 422 robis,

99 449 223 507 salutm
237 446 344 503 lsrael?
356 446 424 503 Nam
435 447 505 503 alins
515 446 624 518 quidem
640 446 732 503 reniet
743 447 770 502 iu
781 447 891 504 nornine
941 445 1014 518 quod
1027 454 1056 501 ct
1067 460 1118 517 ego
1130 442 1214 499 [totid
1225 442 1390 515 prophetans
1406 450 1472 513 opto
1486 453 1514 500 ct
1539 443 1602 499 dica
1626 452 1656 499 et
1670 445 1730 502 cui·

100 557 167 608 suo,
185 550 213 596 et
236 539 312 595 illum
327 538 472 609 recipietis,
488 538 531 595 acl
543 548 617 596 certe
626 538 694 608 iam,
709 537 774 594 dum
795 538 890 610 psalli·
941 538 1009 594 libet
1022 536 1159 608 sapienter
1178 534 1305 608 psallenti
1326 535 1380 591 hoc
1399 535 1488 606 ipsurn
1503 534 1648 592 dicendum
1664 552 1731 610 sug·

97 648 176 697 ntus,
190 629 342 701 recepistis.
357 627 432 684 ttotn
448 628 521 685 enirn
544 627 699 685 antichristi
712 626 834 697 luerunt,
846 629 889 684 hr-
940 647 1016 703 gero,
1031 638 1063 685 ut
1075 629 1191 686 saluum
1214 627 1391 700 reliquiarum
1406 625 1490 684 lsrael
1507 626 1667 685 desiderans
1677 643 1729 699 pa-

101 733 145 778 ter
166 720 296 793 quasilla
310 718 403 775 lorsan
418 718 566 792 singularis
582 718 725 790 hausjam
748 719 888 789 praeteriit,
940 722 1007 779 riter
1028 736 1135 777 mecum
1161 719 1257 777 dieat:
1279 718 1345 788 Quis
1370 717 1444 775 dulit
1469 735 1501 775 eu
1518 718 1585 776 Sion
1611 719 1729 776 tuirstatt

99 830 186 885 quem
201 828 251 868 ros
264 812 293 867 in
311 811 423 867 nomine
447 825 500 867 suo
515 809 669 866 uenientem
683 809 831 882 recipietis,
848 811 893 867 rel
940 810 1129 879 israeliticis
1148 828 1183 868 ea
1197 811 1262 869 Sicu
1277 811 1429 885 procedens
1452 811 1527 867 dubit
1545 811 1676 879 satutare,
1699 811 1729 868 id

100 903 257 976 recepistis.
286 903 339 960 Sed
361 903 407 959 ille
420 919 474 959 non
497 901 540 958 de·
553 900 619 958 Sion
642 902 781 970 salutaris,
796 903 843 959 sed
856 904 890 960 de
939 912 992 971 est,
1007 902 1121 958 salutem
1136 901 1241 969 lsracii,
1262 902 1317 958 nisi
1338 903 1394 968 ihc,
1410 917 1491 974 quem
1505 902 1637 959 humilem
1649 918 1728 974 spre-

99 996 252 1069 Babylonia
264 996 426 1068 prepositus
448 995 546 1051 mortis
556 1003 608 1051 est.
623 993 661 1052 hc
675 994 832 1067 Babylonio,
847 996 890 1051 in·
939 996 1056 1050 uerunt?
1069 993 1166 1051 Nullus
1176 994 1247 1052 alius
1261 993 1339 1050 dabit
1353 993 1540 1060 saluumsed
1551 992 1597 1049 ille
1612 993 1729 1049 dabitsc

98 1105 199 1158 rpuatn,
215 1087 359 1154 materiali,
373 1103 421 1143 scu
436 1086 526 1157 potius
554 1085 672 1157 tropica,
695 1095 726 1141 ut
739 1095 781 1143 cst
794 1086 890 1145 civitas
939 1088 1058 1143 salutare
1077 1087 1173 1144 israel.
1190 1087 1225 1144 Et
1240 1088 1301 1144 ideo
1314 1104 1375 1142 curu
1390 1086 1447 1157 ipse
1466 1086 1588 1144 auerterat
1616 1087 1727 1155 captiui-

98 1177 200 1245 Roma,
213 1180 320 1234 dicente
334 1177 413 1233 Petro
427 1194 436 1232 t
453 1196 463 1228 s
482 1174 589 1232 Salutat
603 1193 652 1233 uos
665 1175 785 1232 Ecclesia
799 1177 827 1232 in
838 1175 891 1232 Ba·
941 1191 1021 1236 tutent
1038 1179 1120 1252 piebis
1135 1197 1202 1249 sure,
1222 1196 1285 1236 cum
1298 1179 1440 1236 damnabit
1452 1177 1591 1233 diabolum
1606 1177 1728 1248 captiva·

98 1269 201 1341 bY¹0¹¹0
211 1269 325 1326 cssflecii
334 1267 360 1338 (¹
367 1268 441 1324 Patr.
455 1267 546 1338 itssit
562 1269 761 1339 ›uuonomioa
772 1267 889 1324 hemam
939 1282 1027 1330 torem
1040 1273 1122 1346 piebis
1139 1290 1206 1339 suu,
1229 1283 1295 1329 tunc
1307 1272 1450 1328 acuitatis
1464 1269 1561 1339 Jacob,
1577 1269 1604 1325 id
1620 1279 1672 1335 est,
1685 1269 1728 1324 lu-

98 1364 205 1434 tropice
213 1363 360 1419 denotavit.
371 1361 443 1427 Non,
453 1361 616 1433 innuamus
623 1359 784 1428 Jerusalem,
796 1359 890 1418 sedda
939 1374 1037 1433 ctator,
1060 1382 1109 1437 per
1123 1382 1203 1438 quern
1223 1364 1411 1437 significantur
1425 1362 1525 1430 activi;
1553 1371 1578 1417 ct
1591 1361 1728 1417 tutabitur

97 1454 250 1527 Babylonia
263 1463 318 1521 cst;
335 1470 389 1509 non
400 1455 434 1510 de
448 1463 540 1511 monte
554 1452 630 1520 Sion,
641 1452 834 1527 seddeahysso
847 1463 889 1511 est
940 1458 1039 1526 lsrael,
1059 1458 1102 1513 air
1124 1458 1220 1515 videns
1238 1459 1342 1521 beon
1357 1472 1406 1527 per
1432 1471 1515 1527 quem
1538 1455 1727 1526 signilicantur

96 1548 189 1603 hestia
202 1547 365 1613 ascendens,
390 1555 483 1617 utpote
503 1544 630 1602 lulianus
644 1545 785 1618 Apostata,
800 1555 888 1604 uester
939 1549 1144 1620 contemplativi

95 1639 229 1694 seductor
239 1648 267 1694 et
284 1638 399 1705 amicus,
413 1638 456 1693 rei
475 1637 547 1693 alius
570 1637 671 1695 similis
683 1639 719 1704 ei,
739 1638 786 1710 qni
808 1640 888 1696 robis
973 1641 1053 1710 Nota,
1066 1640 1195 1713 quoniam
1209 1639 1598 1711 hcccsttestirnoniuru,quod
1609 1639 1643 1696 de
1657 1638 1726 1695 isaia

94 1732 218 1787 salutem
232 1732 298 1787 dare
310 1747 360 1788 nec
376 1730 459 1796 rotet,
472 1746 523 1787 nec
537 1732 616 1787 salet.
634 1729 687 1787 lste
711 1746 785 1799 vero,
806 1746 892 1804 queat
903 1714 925 1769 Β
938 1743 1077 1805 sumptum
1091 1732 1168 1803 ponit
1180 1731 1447 1802 hposulusdicerrs:
1471 1750 1481 1784 a
1495 1730 1593 1788 Veniet
1604 1746 1637 1787 ex
1648 1730 1726 1798 Sion,

96 1824 209 1893 inopem
230 1823 397 1893 conludistis,
413 1822 466 1879 etsi
478 1822 560 1889 ualet,
576 1836 631 1877 non
643 1821 724 1878 raiol.
749 1821 815 1888 Quis
826 1838 888 1894 erpo
938 1826 986 1897 qui
1001 1824 1278 1895 auertatimpietatem
1293 1824 1328 1878 ab
1339 1822 1424 1878 iacob
1436 1821 1504 1891 (isa.
1515 1839 1571 1890 arx,
1582 1823 1635 1890 203
1647 1821 1725 1877 Rern.

93 1928 133 1967 tta
160 1910 225 1967 Sion
245 1911 319 1968 tabit
345 1911 470 1968 Saturarc
496 1911 593 1979 lsrael,
618 1910 742 1968 uidelicet
765 1913 890 1969 carnali?
938 1935 978 1984 ar,
993 1918 1050 1988 tt).
1073 1937 1083 1971 r
1107 1917 1160 1973 Sed
1173 1933 1236 1973 curn
1248 1915 1331 1971 Dauid
1346 1916 1421 1986 prior
1431 1913 1515 1970 luerit
1534 1913 1615 1982 lsaia,
1630 1914 1663 1970 de
1674 1915 1727 1972 boc

95 2007 270 2062 Subauditur
283 2006 382 2063 uultur.
398 2005 511 2063 Nande
522 2005 660 2076 spirituali
675 2003 789 2073 israele,
804 2012 830 2063 et
842 2021 888 2063 re·
937 2010 1040 2082 psalmo
1055 2017 1162 2080 sumpta
1173 2007 1258 2064 aidcri
1269 2015 1357 2079 potest
1367 2005 1443 2062 isaiae
1453 2005 1594 2077 prophetia
1604 2006 1638 2062 de
1648 2006 1727 2078 plebe

94 2098 193 2169 liqniis
205 2099 394 2155 mntencndis
411 2096 581 2170 prolanando
601 2097 763 2169 subjungit:
937 2098 1093 2156 Jirdaeorum
1109 2099 1137 2153 iu
1152 2098 1275 2171 reliquiis
1286 2097 1479 2154 conuertenda.

135 2188 203 2245 Cum
218 2191 382 2247 contulerit
395 2191 525 2247 horninur
547 2192 725 2263 captiuitatem
748 2190 825 2259 Sion,
839 2207 886 2248 ea·
976 2191 1069 2247 Gloria
1101 2191 1178 2246 Patri
1207 2189 1340 2258 Domino,
1365 2188 1467 2259 quide
1491 2188 1554 2244 coelo
1576 2190 1725 2259 prospexit,

93 2281 211 2336 saltabit
224 2280 318 2348 Jacob,
328 2293 352 2337 ct
363 2282 499 2338 laetabitur
510 2282 606 2338 lsrael.
619 2281 776 2352 Consilium,
787 2283 886 2356 inquit,
938 2283 1049 2356 quando
1063 2283 1162 2339 lilium
1177 2284 1273 2339 misit:
1289 2281 1382 2338 Gloria
1405 2280 1478 2337 Filio
1490 2280 1617 2348 Domino,
1631 2280 1679 2352 qui
1691 2280 1728 2336 de

93 2375 187 2444 inopis
201 2374 370 2445 confudistis,
392 2375 517 2446 amnium
540 2373 669 2429 Dominus
693 2389 749 2444 sper
766 2373 823 2442 ejus
837 2384 886 2429 cst.
938 2376 1008 2432 coelo
1023 2375 1125 2432 missus
1136 2374 1163 2429 in
1176 2375 1341 2445 generatione
1346 2373 1423 2444 iusta
1434 2381 1486 2429 est.
1503 2371 1595 2428 Gloria
1611 2370 1728 2443 Spiritui

94 2462 275 2534 Consudistir,
287 2464 460 2535 inquamsic
474 2464 608 2520 dicendo:
624 2482 633 2516 a
647 2462 766 2518 Conhdit
778 2462 806 2517 in
819 2461 886 2530 Deo,
937 2477 1040 2532 sancto,
1058 2483 1113 2539 quo
1130 2476 1272 2540 regnante,
1298 2464 1468 2539 justificante
1486 2481 1519 2522 ac
1539 2464 1727 2522 sanctilicants

94 2555 198 2612 liberet
213 2570 275 2611 curn
298 2571 382 2623 nunc,
396 2556 420 2613 si
436 2555 504 2613 uult.
520 2556 594 2611 hixit
606 2554 702 2611 enim:
720 2553 785 2627 quia
800 2553 886 2610 Filias
937 2560 982 2616 illa
996 2560 1129 2633 generatio
1139 2561 1216 2631 justu
1230 2568 1283 2628 est,
1296 2558 1388 2630 inqua
1402 2557 1538 2616 Dcascst.
1554 2556 1652 2614 Atrea.

96 2644 150 2702 Dei
165 2662 227 2703 sum
239 2646 346 2719 (lintri.
364 2664 450 2717 saara,
462 2649 522 2720 45).
538 2667 548 2701 r
562 2647 597 2703 Et
607 2648 665 2719 ipsc
685 2655 785 2715 tamem
804 2660 886 2719 quem

696 3056 961 3148 PSthlUS
992 3058 1124 3149 xlv.

895 3297 935 3313 q

133 3467 219 3523 Vens.
247 3467 273 3521 l.
301 3465 410 3521 banaiae
430 3466 490 3538 quis
517 3463 649 3520 habitabit
665 3466 694 3520 iu
718 3463 887 3520 tabernacula
900 3466 924 3533 c
937 3478 1004 3535 ergo
1016 3464 1044 3520 in
1058 3462 1111 3519 inc
1122 3460 1301 3534 precedentis
1314 3461 1412 3532 psalmi
1424 3459 1529 3517 diettrm
1541 3467 1602 3515 est:
1623 3477 1633 3514 r
1647 3460 1722 3517 Con

95 3572 154 3618 tuo.
170 3558 287 3616 Titulus
935 3551 1202 3611 auerterithominus
1213 3551 1396 3624 captiuitatem
1407 3551 1723 3624 plebissnae,essultabit

379 3666 495 3708 manuus
513 3666 602 3706 aaran.
935 3643 1030 3712 Jacob,
1047 3654 1076 3702 et
1098 3645 1233 3702 laetabitur
1261 3643 1355 3712 lsrael,
1378 3664 1387 3698 r
1414 3659 1449 3702 nc
1472 3644 1587 3716 quilibet
1601 3644 1636 3701 ad
1650 3646 1723 3702 haae

934 3737 1130 3794 beatitudiuem
1161 3736 1248 3795 solam
1273 3737 1326 3793 sibi
1352 3736 1432 3793 iidem
1456 3736 1580 3793 sufficere
1603 3737 1723 3795 inatritcr

132 3837 219 3893 Patet.
231 3836 327 3909 Agitur
351 3835 396 3892 hic
407 3835 442 3891 de
460 3835 565 3892 unitate
580 3834 722 3907 presentis
743 3831 885 3900 Rectum,
935 3829 1092 3886 arbitretur.
1109 3827 1224 3886 helinite
1242 3828 1300 3885 vult
1314 3827 1468 3896 ostendere,
1483 3827 1531 3900 qui
1550 3827 1650 3883 horum
1673 3845 1722 3885 no-

94 3929 265 3988 ctdeiutura
276 3928 416 4001 quieteln
428 3929 555 4001 prasenti
566 3928 639 3985 enim
653 3926 775 3984 Ecclesia
783 3940 882 3995 corpo·
934 3920 1041 3977 minum
1062 3919 1288 3992 significationem
1318 3929 1441 3976 tenentes
1464 3920 1635 3992 adglorians
1665 3921 1723 3979 sint

94 4022 164 4079 ralis
178 4022 345 4078 cohabitatio
358 4022 491 4078 anulorum
514 4037 577 4077 cam
589 4021 671 4077 bonis
682 4033 736 4076 nou
751 4017 885 4090 permittit
933 4013 1101 4086 peruenturi,
1118 4013 1190 4085 quod
1210 4012 1403 4086 interrogative
1415 4012 1503 4084 ponit,
1527 4028 1583 4069 uon
1596 4013 1669 4084 quod
1692 4015 1722 4071 in

94 4115 180 4181 scire,
194 4115 314 4185 arrisere
322 4112 532 4169 suntinunitate
539 4110 799 4179 Ecclesiae.Quidam
809 4108 882 4165 enirn
934 4106 987 4163 hac
1001 4122 1031 4163 rc
1041 4105 1238 4162 dubitationem
1253 4105 1340 4161 tollat.
1358 4102 1408 4161 list
1418 4111 1509 4160 autem
1530 4103 1656 4161 Patimur
1667 4105 1721 4162 iste

94 4211 161 4265 licet
174 4209 278 4280 indigni
294 4208 360 4274 sint,
380 4216 471 4263 tamen
484 4208 589 4278 jactant
615 4220 644 4262 se
657 4220 718 4263 esse
740 4204 775 4261 de
789 4202 884 4259 Ecclc·
934 4199 1044 4271 proprie
1057 4199 1250 4255 instructorius
1261 4214 1381 4254 mortum.

95 4302 148 4357 sia.
169 4299 327 4357 hatandans
341 4316 407 4371 ergo
418 4298 552 4370 Propheta
569 4297 808 4369 praesumptionem
823 4295 882 4351 ilio
970 4290 1055 4358 Quasi
1075 4306 1140 4364 crgo
1165 4300 1241 4348 stans
1263 4299 1326 4346 ante
1350 4290 1451 4347 Sancta
1475 4299 1643 4358 sanctorum,
1657 4298 1721 4346 ante

94 4410 170 4461 rrrrn,
183 4394 262 4465 quasi
281 4393 408 4449 sacerdos
422 4402 515 4447 astans
537 4401 600 4448 ante
621 4390 707 4446 mum
722 4390 883 4459 interrogat,
934 4398 1049 4440 sumrnae
1062 4382 1204 4439 Trinitatis
1218 4383 1360 4440 oraculum
1372 4382 1500 4439 Christus
1513 4381 1648 4439 mediator
1670 4380 1721 4439 bet

93 4487 217 4557 qrrivcrc
231 4484 347 4541 militent
363 4484 390 4539 in
413 4485 541 4555 prasenti
564 4482 697 4550 Ecclesia,
711 4491 739 4537 et
760 4480 807 4553 qui
828 4480 884 4536 sint
933 4474 1114 4530 ethominum
1130 4474 1170 4531 sic
1191 4473 1351 4545 interrogat,
1364 4489 1411 4529 scu
1429 4471 1575 4545 Propheta,
1585 4474 1627 4529 rel
1636 4472 1722 4530 etiam

93 4577 123 4630 in
137 4585 238 4630 telerna
249 4574 416 4630 heatitudine
429 4572 562 4644 quicturi,
576 4581 603 4628 et
616 4570 884 4643 accipitrcsponsntn
934 4567 1048 4639 quilibet
1062 4574 1174 4623 sanctus
1188 4565 1214 4622 id
1227 4566 1316 4637 ipsum
1326 4581 1451 4637 querens
1464 4565 1547 4622 dicit:
1564 4563 1720 4634 ODornine,

93 4668 184 4739 plcnae
207 4667 386 4732 dilhnitionis,
410 4682 459 4738 per
478 4681 561 4737 quam
582 4663 779 4736 qnisquebene
793 4670 884 4732 potest
935 4667 999 4715 ante
1012 4658 1108 4716 faciem
1132 4667 1206 4714 tuam
1228 4667 1281 4726 sto,
1298 4658 1373 4714 etde
1390 4658 1502 4715 oraculo
1525 4668 1573 4715 tuo
1594 4658 1722 4714 ueritatis

93 4775 273 4831 cognoscere,
294 4777 329 4815 an
345 4758 381 4816 sit
394 4759 428 4814 de
449 4756 579 4814 Ecclesia.
595 4755 676 4811 Ponit
695 4755 768 4810 enim
788 4754 882 4810 decem
934 4764 1067 4820 responsa
1079 4757 1151 4819 peto.
1163 4747 1249 4803 Viden
1267 4746 1342 4803 enim
1355 4747 1383 4802 ia
1405 4746 1555 4805 Ecclesiam
1575 4756 1651 4803 tuam
1663 4747 1721 4819 plu·

93 4854 214 4924 insignia
238 4868 347 4909 morum
373 4859 546 4918 ornamenta,
568 4851 595 4905 in
623 4849 737 4920 liguram
761 4846 883 4918 decalogi
898 4838 921 4894 D
935 4841 1022 4897 timos
1042 4840 1156 4907 inimic,
1178 4839 1225 4895 set!
1242 4855 1296 4895 ⁰0¹¹
1320 4848 1363 4896 0⁵²
1378 4839 1500 4906 elidens,
1515 4837 1578 4911 (1⁰3⁸
1591 4838 1619 4894 5¹¹
1636 4855 1669 4895 0³
1684 4839 1726 4897 ⁸52

92 4946 234 5004 distincta.
259 4945 363 5002 Horum
386 4944 511 5017 quadam
535 4941 673 5015 perlectis,
688 4940 812 5013 qaudam
827 4941 881 4995 inr-
934 4947 1043 4999 sertus,
1069 4930 1117 5002 qui
1141 4945 1197 4986 non
1217 4939 1310 4988 manet
1328 4929 1356 4986 in
1372 4931 1455 4987 domo
1478 4931 1506 4986 in
1524 4939 1668 4999 arternum,
1692 4940 1728 4987 et.

96 5035 239 5107 perlectis,
252 5037 344 5093 omnia
361 5037 412 5092 soli
436 5034 546 5091 Christo
558 5032 734 5097 conveniunt,
746 5046 807 5102 que
821 5030 880 5087 sin·
934 5025 997 5096 uuis
1020 5023 1103 5091 iilius,
1120 5022 1168 5093 uui
1192 5033 1302 5079 mancat
1323 5023 1354 5077 iu
1376 5032 1518 5080 aternum.
1548 5021 1648 5089 Quuro
1668 5021 1724 5094 igi-

93 5128 159 5200 gula
182 5129 240 5186 suis
261 5129 329 5185 loeis
353 5128 525 5186 occurrentia
546 5126 758 5197 distinguentur.
783 5121 881 5179 bladus
932 5128 1001 5174 tur:

92 5220 233 5277 tractandi
258 5229 300 5278 est
321 5221 373 5278 sub
397 5220 610 5292 interrogatione
631 5233 664 5273 ac
690 5215 878 5287 responsione.
969 5212 1038 5277 Quis
1057 5208 1229 5264 habitabitis
1248 5208 1421 5263 tabernaculo
1442 5216 1498 5275 tuo,
1520 5216 1568 5262 out
1591 5209 1651 5280 puis
1675 5223 1719 5262 re·

93 5310 136 5369 Ac
147 5312 236 5384 prima
251 5329 316 5385 pars
328 5313 411 5370 habet
427 5312 678 5384 interrogationem,
697 5308 817 5366 meando
827 5322 882 5363 res·
933 5304 1048 5375 quiescet
1060 5302 1087 5356 in
1101 5310 1187 5356 monte
1207 5306 1299 5356 mureto
1312 5310 1367 5355 tuo.
1383 5298 1570 5355 tabernacula
1589 5306 1655 5355 sunt
1667 5298 1719 5353 mi·

93 5406 268 5479 potationem.
933 5397 1080 5464 litantium,
1098 5395 1242 5467 inquibus
1269 5408 1423 5459 manemus,
1448 5391 1513 5447 darn
1538 5391 1565 5447 io
1587 5390 1640 5447 hac
1660 5391 1718 5447 rita

130 5495 225 5554 Potest
243 5499 324 5555 etiarn
347 5498 471 5570 intelhgi,
496 5497 569 5569 quot
584 5495 642 5567 ipsc
655 5494 781 5552 Christus
801 5507 883 5550 uerus
933 5506 1041 5555 sumus,
1056 5504 1117 5560 quse
1130 5497 1172 5544 ost
1183 5487 1279 5542 militia
1294 5484 1413 5540 hominis
1426 5483 1624 5556 peregrinantis
1648 5484 1721 5541 etin

96 5589 185 5645 linuit
201 5591 331 5662 loquatur
343 5591 389 5647 bic
402 5590 514 5648 dihinitc
533 5590 690 5654 ostendens,
706 5588 753 5661 qai
769 5586 821 5644 suh
834 5603 883 5642 rra
932 5582 1074 5654 procinctu
1086 5580 1246 5638 laborantis.
1261 5577 1337 5633 Unde
1350 5593 1403 5632 aron
1415 5591 1520 5649 quero,
1532 5575 1596 5648 quis
1609 5577 1720 5648 requie-

97 5683 174 5740 miue
185 5682 280 5754 iacob,
300 5687 343 5744 acl
357 5684 440 5744 lsrael
452 5684 567 5755 gloriam
582 5684 637 5741 siut
656 5681 789 5756 adepturi.
814 5680 883 5749 Quia
933 5683 993 5734 scat
1007 5675 1034 5730 in
1069 5671 1262 5739 tabernaculis,
1282 5670 1309 5726 in
1324 5668 1426 5742 quibas
1440 5679 1483 5729 est
1499 5668 1634 5730 habitatio
1644 5668 1724 5730 mih
