3817 6000
352 190 453 253 651

1424 195 1730 254 Gssnuom
1767 197 2157 256 PRAEPosl'rt
2190 199 2738 257 REICHERSPERG.

3496 205 3614 264 652

352 313 474 379 ibit,
503 312 630 383 quia
662 326 770 368 non
812 313 881 368 ad
911 326 1079 367 unum
1134 310 1339 379 tendit,
1369 312 1463 368 sed
1501 312 1555 367 in
1579 312 1795 370 diversa
1817 322 1933 369 ten-
1956 319 2006 379 Α
2109 313 2315 385 Impius
2347 314 2400 370 in
2433 314 2602 370 Deum
2628 357 2642 382 ,
2694 324 2945 386 peccator
2988 317 3045 371 iu
3074 324 3188 385 se,
3242 316 3503 388 pestilens
3546 319 3606 375 ln

353 407 501 462 ditur
520 416 574 463 et
599 406 913 478 dissipatur.
972 405 1038 460 Et
1082 406 1136 460 in
1188 405 1292 462 hoc
1338 406 1439 460 iter
1466 421 1658 461 eorum
1713 406 1924 477 peribit,

353 500 484 572 quia
506 500 737 572 quisque
768 500 988 554 illorum
1018 497 1331 567 concupita,
1374 507 1429 553 et
1457 497 1601 552 male
1630 497 1923 568 acquisita,

357 594 434 646 iel
485 594 622 646 malti
650 594 851 656 hahita,
903 598 1034 645 tunc
1059 603 1168 644 non
1215 588 1454 657 babebit,
1500 604 1622 644 cum
1653 588 1927 660 evigilabit

353 690 501 754 jutta
533 686 658 738 illan]
698 706 706 734 :
754 702 770 734 ι
806 681 1160 738 Dormierunt
1199 694 1454 737 somnum
1502 696 1686 747 suum,
1712 690 1765 737 et
1791 681 1928 735 nib'il

357 782 676 830 {ssimum-unt
706 787 894 828 ιιιιιηεε
916 772 1021 827 viri
1056 771 1370 827 divitiarum
1414 771 1466 825 in
1513 772 1764 828 manibus
1808 772 1930 828 suis

357 870 525 918 ιιι-ιιι.
582 882 738 926 rur,
792 861 1014 932 6).»1ιι
1048 862 1151 916 bac
1199 863 1311 916 vita
1361 861 1657 927 somniant,
1708 862 1929 932 quando

359 958 674 1026 pinanti-sins
730 953 1107 1024 temporalium
1136 952 1449 1007 divitiarum
1505 967 1631 1008 cum
1658 951 1931 1017 desiderio

361 1050 586 1102 haistaldi
638 1053 869 1108 animant,
908 1043 1056 1099 verbi
1084 1042 1258 1114 gratia
1311 1043 1365 1098 in
1405 1042 1571 1098 corde
1619 1057 1721 1098 suo
1770 1041 1926 1113 cogi-

361 1143 626 1195 tatienum
682 1135 932 1202 sumtis,
984 1137 1068 1191 vel
1114 1134 1309 1190 domos
1353 1134 1610 1205 pulchras
1636 1132 1926 1200 aedificant,

361 1239 437 1287 ml
477 1235 662 1299 equilus
718 1229 1001 1284 deliciosas
1041 1227 1347 1295 ruminant,
1393 1226 1477 1281 vel
1518 1225 1669 1281 rixas
1700 1225 1926 1291 dictant,

361 1327 438 1379 wi
485 1327 718 1395 [tianius-‘21
766 1332 815 1376 et
864 1321 1112 1391 speciosa
1165 1319 1328 1388 buius
1377 1318 1573 1374 mundi
1601 1317 1796 1374 nonin
1844 1330 1926 1383 re,

361 1419 449 1471 sed
485 1419 533 1467 in
566 1412 845 1483 phaltim-'la
874 1420 1151 1467 tractant:
1200 1411 1365 1466 etiam
1416 1425 1541 1466 cum
1590 1417 1749 1465 orant
1773 1417 1927 1464 exte-

365 1527 405 1563 r:
397 1511 477 1559 5112-
471 1551 497 1571 ,
533 1511 602 1559 ita
638 1505 908 1559 mutuant
931 1503 1182 1568 interius
1207 1510 1266 1557 ιιι
1314 1517 1462 1556 nune
1484 1499 1606 1556 aliis
1630 1497 1927 1563 dominari,

365 1599 606 1659 imi
614 1611 686 1651 :tr
698 1619 804 1662 ;·ιιι.,
834 1612 980 1651 nunc
1019 1596 1253 1651 aliorum
1277 1593 1607 1660 dominium,-
1640 1592 1727 1647 vel
1752 1590 1928 1664 magi-

358 1692 584 1748 sterium
622 1689 907 1760 repudiare
950 1703 1009 1744 se
1046 1696 1237 1758 putent
1273 1686 1676 1742 somniantibus
1699 1686 1930 1741 omnino
1957 1666 1999 1721 Β

361 1785 589 1852 simile5‚
615 1784 744 1855 quia
778 1791 998 1838 versant
1027 1781 1083 1836 in
1110 1780 1273 1837 corde
1300 1779 1448 1835 solas
1476 1795 1660 1835 rerum
1718 1778 1926 1835 formas

360 1884 414 1935 ct
459 1879 763 1950 imagines3
800 1891 906 1931 non
934 1890 1029 1930 eas
1076 1872 1397 1940 abdicando,
1436 1881 1491 1929 et
1534 1872 1845 1940 dividendo,
1867 1881 1929 1928 ut

361 1971 535 2027 sancti
572 1979 626 2023 ct
642 1970 793 2038 justi,
818 1967 911 2023 sed
943 1965 1197 2032 amando,
1232 1973 1286 2020 et
1330 1980 1454 2020 cum
1483 1964 1565 2020 eis
1601 1962 1927 2019 fornicando

359 2074 420 2116 ut
450 2061 617 2130 impii.
650 2057 870 2113 Dicente
895 2070 1129 2126 namque
1157 2053 1391 2109 Domino
1417 2073 1429 2108 :
1468 2072 1486 2106 ι
1523 2052 1580 2108 Si
1626 2053 1751 2125 quis
1771 2053 1922 2109 vide-

359 2157 432 2210 rit
461 2153 763 2216 mulierem,
797 2170 815 2201 ι
846 2149 898 2202 ἱ.1
941 2157 1027 2204 est
1056 2145 1242 2202 mundi
1294 2145 1459 2217 liujus
1503 2144 1924 2215 speciositatem,

364 2268 383 2300 ι
414 2248 479 2303 ad
504 2242 989 2314 concupiscendam
1016 2254 1160 2307 eam,
1190 2239 1302 2309 jam
1349 2238 1655 2294 moecbatus
1681 2248 1765 2294 est
1805 2252 1926 2292 eam

356 2344 414 2397 in
437 2338 599 2396 eorde
629 2352 729 2392 suo
755 2334 973 2406 (Manli.
994 2349 1048 2399 v,
1082 2330 1198 2402 28).
1241 2351 1259 2383 ι
1294 2330 1565 2386 polluitur
1605 2329 1770 2385 etiam
1798 2344 1924 2384 cum

357 2452 421 2491 ea
446 2432 671 2489 velutin
714 2443 907 2484 somno
932 2435 1224 2492 nocturne,
1240 2425 1295 2481 in
1319 2441 1427 2495 qua
1458 2423 1760 2495 pollutione
1780 2421 1928 2477 nulla

357 2543 481 2600 spes
501 2525 671 2597 prolis
698 2532 802 2590 est,
833 2520 1051 2592 quando
1107 2534 1229 2575 eam
1281 2517 1657 2590 complectitur
1698 2517 1753 2572 in
1781 2517 1929 2589 eogi-

357 2618 579 2676 tationis
632 2615 1067 2679 delectationem,
1104 2612 1201 2669 sed
1238 2628 1349 2666 non
1399 2610 1617 2667 babebit
1645 2609 1700 2664 in
1742 2624 1819 2664 re.
1870 2608 1928 2664 Si

356 2723 540 2769 antem
569 2727 657 2767 res
682 2708 974 2779 concupita
1000 2705 1051 2762 ei
1075 2705 1405 2776 proveniret,
1429 2703 1610 2774 aliqua
1640 2717 1763 2773 spes
1798 2717 1929 2774 pro-

358 2805 426 2859 lis
456 2801 583 2858 inde
611 2800 942 2872 proveniret,
966 2795 1052 2853 vel
1086 2796 1244 2851 malae
1295 2794 1486 2866 prolis,
1538 2794 1589 2849 si
1636 2793 1760 2850 inde
1790 2793 1931 2849 male

355 2895 559 2950 faceret
582 2910 597 2960 ;
620 2893 703 2947 vcl
732 2892 890 2947 bonae
915 2888 1106 2961 prolis,
1131 2888 1178 2944 si
1194 2888 1262 2944 de
1287 2901 1604 2943 mammona
1627 2886 1930 2959 iniqnitatis

356 2990 560 3045 faceret
605 2985 710 3042 sibi
736 2985 966 3052 amicos,
995 2983 1091 3056 qui
1135 2997 1262 3038 eum
1301 2980 1603 3051 reciperent
1646 2979 1700 3034 in
1728 2987 1931 3036 aeterna
1956 3010 1999 3069 C

357 3080 706 3140 tabernacula
736 3078 888 3151 (Luc.
912 3093 1024 3142 xvi,
1052 3073 1130 3146 9).
1173 3073 1329 3130 Nune
1342 3088 1471 3145 ergo
1497 3073 1623 3143 quia
1652 3072 1708 3127 in
1735 3071 1930 3129 itinere

358 3189 676 3249 pravorum,
734 3180 788 3226 et
814 3169 1219 3225 mundanorum
1250 3164 1646 3221 desideriorum
1698 3163 1772 3219 ita
1813 3179 1933 3218 mo-

357 3274 592 3333 riuntur,
626 3276 684 3322 ut
709 3277 885 3336 neque
936 3262 1050 3329 bic,
1081 3275 1257 3332 neque
1305 3260 1362 3314 in
1414 3256 1603 3312 futuro
1639 3256 1930 3313 desideriis

358 3377 548 3417 eorum
581 3358 809 3415 satisfiat
838 3375 853 3424 ;
883 3356 984 3409 iter
1026 3368 1215 3409 eorum
1240 3351 1471 3424 peribit:
1497 3352 1637 3406 sicut
1665 3349 1812 3406 illius
1841 3349 1928 3405 di-

361 3456 483 3510 vitis
541 3455 594 3507 in
646 3450 857 3507 inferno
906 3450 1044 3516 iter,
1109 3448 1164 3503 id
1224 3455 1309 3503 cst
1350 3445 1680 3501 desiderium
1745 3442 1927 3514 periit,

357 3547 578 3620 quando
627 3554 833 3616 guttam
898 3557 1054 3612 aquae
1110 3539 1473 3597 desideratam
1535 3538 1779 3592 obtinere
1819 3551 1928 3592 non

359 3638 540 3710 potuit
571 3656 584 3691 ε
627 3636 723 3692 sed
747 3635 893 3689 viam
938 3631 1154 3699 Lazari,
1192 3629 1522 3687 desiderium
1550 3628 1758 3683 scilieet
1783 3625 1929 3680 illius

361 3737 587 3786 noverat
615 3727 892 3794 Dominus,
920 3724 1064 3796 quod
1085 3731 1205 3780 erat
1228 3722 1373 3778 illius
1407 3719 1762 3777 desiderium.
1783 3716 1931 3773 Con-

362 3821 609 3878 sulamus
652 3815 1027 3889 Evangelium.
1060 3812 1283 3870 Dicente
1324 3826 1563 3884 namque
1604 3810 1876 3866 Abraham
1910 3826 1926 3863 z

369 3892 581 3970 iNunc
635 3922 819 3969 autem
879 3910 969 3966 hic
1006 3909 1343 3975 consolatur,
1386 3916 1445 3962 tu
1493 3921 1621 3963 vero
1665 3904 1932 3961 cruciaris

359 4008 514 4079 (Luc.
550 4022 662 4072 xvi,
704 4005 819 4076 25),
842 4024 862 4055 ι
896 4001 1185 4058 manifeste
1233 3998 1505 4071 colligitur
1533 3996 1679 4070 quod
1726 3998 1781 4052 in
1828 4012 1934 4053 sua

358 4100 600 4166 miseria,
653 4107 708 4154 et
746 4093 1066 4167 aegritudine
1118 4091 1312 4147 Lazari
1364 4089 1695 4146 desiderium
1736 4088 1929 4143 habuit

358 4190 778 4253 consolationis,
806 4203 973 4258 quam
994 4194 1048 4241 et
1074 4183 1311 4240 obtinuit
1336 4202 1351 4250 ;
1382 4191 1437 4238 et
1469 4182 1592 4237 ideo
1635 4182 1734 4236 iter
1754 4181 1928 4251 ipsius

359 4299 468 4339 non
522 4280 704 4352 periit,
752 4280 880 4349 quia
925 4275 1285 4332 desiderando
1337 4271 1762 4329 consolationem
1800 4288 1926 4343 per·

2029 404 2345 474 proximum
2375 404 2594 460 dieitur.
2649 403 2776 461 llaec
2822 406 2928 461 tria
2955 406 3164 463 verba:
3215 406 3379 473 Abiit,
3426 409 3601 466 stetit.

2027 497 2183 562 sedit,
2209 505 2380 554 tracta
2431 507 2561 553 sunt
2600 514 2630 552 a
2679 496 3036 554 similitudine
3065 498 3454 565 exsulantium,
3484 499 3603 570 qui,

2027 588 2156 643 dum
2183 597 2312 644 sunt
2339 589 2396 644 in
2423 589 2532 656 via,
2578 587 2801 644 facilius
2850 597 3194 644 revocantur.
3236 591 3374 645 Cum
3406 590 3519 661 jam
3547 591 3608 646 in

2027 680 2224 736 exsilio
2272 688 2419 736 stant
2445 679 2740 736 difficilius.
2805 679 3033 737 Demum
3091 680 3426 750 difficillime,
3473 697 3606 739 cum

2028 771 2103 827 ibi
2141 772 2421 844 magistri,
2470 781 2526 827 ct
2572 773 2779 829 domini
2832 773 3006 829 effecti
3057 774 3345 830 cathedras
3393 782 3605 833 tenent.

2028 861 2168 918 Hine
2187 872 2292 929 est,
2321 865 2466 935 quod
2499 865 2795 920 novissima
2821 878 3065 936 tempora
3101 865 3276 936 magis
3302 876 3464 922 erunt
3498 885 3601 940 pe·

2028 954 2288 1022 riculosa‚
2321 955 2544 1026 quando
2571 956 2698 1010 mali
2728 956 2981 1012 homines
3007 976 3026 1010 ι
3064 957 3131 1013 ad
3182 974 3281 1013 sua
3325 958 3606 1016 desideria

2030 1046 2441 1101 coacervabunt
2488 1047 2592 1102 sibi
2661 1048 2957 1118 magistros
2989 1050 3329 1120 giprurientes
3376 1053 3611 1108 auribus

2030 1135 2118 1208 <11
2149 1136 2288 1192 Tim.
2315 1154 2390 1204 iv,
2414 1138 2492 1209 5),
2520 1159 2539 1192 ι
2572 1144 2807 1210 qu'orum
2840 1141 3057 1196 tandem
3085 1143 3188 1196 iter
3220 1142 3430 1213 peribit,
3471 1146 3609 1215 quia

2030 1238 2221 1284 contra
2251 1245 2441 1285 eorum
2500 1230 2769 1288 desideria
2816 1231 3083 1288 cathedris
3105 1249 3293 1290 eorum
3325 1237 3613 1294 subversis

2027 1319 2280 1388 regnabit
2306 1321 2396 1377 ille
2426 1321 2606 1378 beatus
2631 1324 2732 1391 vir,
2768 1326 2858 1396 qui
2901 1343 3002 1380 non
3029 1325 3182 1396 abiit,
3209 1336 3315 1384 etc.

2103 1411 2252 1467 Solet
2281 1412 2373 1469 bic
2416 1414 2663 1485 psalmus
2707 1416 2764 1471 in
2808 1417 3157 1474 veneratione
3203 1420 3474 1493 martyris,
3504 1432 3609 1476 aut

2029 1501 2383 1572 confessoris,
2441 1507 2528 1561 rel
2573 1507 2874 1564 multorum
2924 1521 3239 1566 sanctorum
3283 1512 3605 1580 decantari,

2028 1611 2128 1666 pro
2148 1612 2235 1664 eo,
2252 1597 2398 1668 quod
2431 1598 2487 1652 in
2538 1598 2619 1655 eis
2667 1599 2948 1656 invenitur
2994 1617 3193 1674 magna
3243 1602 3608 1662 conformitas

2030 1689 2174 1746 beati
2208 1688 2334 1758 riri,
2355 1692 2568 1761 quinon
2591 1690 2744 1747 abiit.
2767 1690 2905 1748 Nam
2943 1703 2997 1749 et
3018 1695 3120 1765 ipsi
3140 1711 3241 1750 non
3263 1695 3517 1753 abierunt
3544 1699 3608 1753 in

2033 1782 2255 1838 consitio
2298 1785 2605 1854 impiorum,
2656 1786 2739 1842 vel
2769 1785 3102 1856 daemonum,
3153 1790 3237 1844 vel
3285 1790 3600 1862 bominum,

2030 1877 2116 1931 vel
2137 1876 2441 1933 carnalium
2491 1877 2897 1950 suggestionum
2941 1895 3039 1952 per
3082 1881 3517 1952 consensionem,
3548 1893 3610 1942 et

2031 1965 2087 2021 in
2122 1965 2211 2022 via
2258 1976 2605 2038 peccatorum
2635 1984 2747 2024 non
2777 1977 3040 2026 steterunt
3065 1987 3161 2041 per
3179 1973 3447 2030 actionem
3475 1991 3613 2047 pcc-

2030 2058 2157 2127 cati,
2179 2066 2228 2114 et
2254 2061 2308 2114 in
2336 2058 2587 2115 cathedra
2605 2062 2918 2132 pestilentioe
2966 2079 3069 2118 non
3099 2065 3358 2121 sederunt
3378 2084 3476 2138 per
3504 2069 3606 2126 de-

2032 2149 2352 2208 fensionem.
2386 2150 2479 2208 Sic
2505 2151 2682 2209 Adam
2723 2154 2875 2222 abiit,
2918 2171 3042 2210 cum
3083 2158 3426 2227 persuasioni
3481 2162 3609 2217 dia-³

2030 2242 2162 2310 boli,
2181 2253 2234 2299 et
2262 2242 2388 2300 Evae
2406 2246 2687 2302 consensit
2717 2264 2732 2313 ;
2763 2248 2927 2314 stetit,
2955 2264 3078 2303 cum
3105 2265 3327 2319 pomum
3355 2268 3606 2309 momor-

2029 2335 2148 2404 dit;
2191 2334 2348 2403 sedit,
2390 2353 2515 2393 cum
2564 2354 2625 2394 se
2667 2341 2965 2395 excusarit.
3004 2341 3218 2398 Aliter:
3252 2344 3402 2399 Abiit
3429 2347 3605 2402 Adam

2031 2443 2157 2484 cum
2184 2444 2214 2483 a
2246 2426 2356 2485 Deo
2387 2431 2652 2499 recessit;
2692 2432 2857 2499 stetit,
2881 2448 3007 2488 cum
3047 2433 3341 2493 delectatus
3364 2446 3447 2492 est
3480 2455 3610 2509 pee-

2032 2530 2154 2576 cato
2183 2539 2198 2588 ;
2231 2521 2390 2589 sedit,
2442 2538 2569 2578 cum
2619 2523 2675 2578 in
2727 2525 2983 2595 superbia
3030 2528 3388 2585 cotilirmatus
3426 2533 3608 2589 redire

2030 2626 2128 2682 per
2151 2628 2211 2667 se
2240 2626 2349 2666 non
2372 2620 2571 2684 potuit,
2598 2614 2704 2670 nisi
2730 2631 2829 2685 per
2853 2615 3018 2671 istum
3048 2617 3441 2693 libemus,-qui
3466 2623 3612 2678 nihil

2031 2704 2225 2759 horum
2263 2704 2475 2760 habuit.

2104 2795 2208 2851 Sed
2255 2797 2311 2851 in
2342 2797 2451 2868 lege
2480 2797 2698 2854 Domini
2736 2801 2979 2857 voluntas
3021 2803 3160 2873 ejus:
3195 2803 3466 2864 Voluntas
3497 2809 3609 2864 alia

2032 2891 2151 2947 sine
2173 2890 2300 2962 lege,
2332 2901 2386 2947 et
2408 2891 2513 2947 alia
2539 2893 2642 2948 sub
2663 2893 2793 2962 lene,
2829 2904 2885 2950 et
2912 2896 3017 2952 alia
3041 2898 3093 2952 in
3131 2897 3265 2970 [eyes
3287 2898 3605 2956 Secundum

2032 2980 2277 3037 diversos
2303 2989 2477 3039 status
2525 2982 2769 3054 loquitur
2821 2985 3117 3058 Apostolus
3176 2988 3243 3044 de
3286 2990 3608 3062 semetipso.

2031 3071 2167 3129 Nam
2198 3075 2498 3130 secundum
2524 3076 2763 3147 primum
2816 3088 3018 3135 statum
3070 3080 3242 3136 dicit:
3275 3098 3297 3133 ι
3339 3080 3608 3140 vivebant

2031 3182 2131 3239 ego
2161 3167 2276 3238 ipse
2328 3168 2626 3239 aliquando
2664 3172 2783 3227 sine
2819 3171 2936 3243 lege
2991 3172 3163 3244 (Rern.
3196 3190 3295 3244 vn,
3345 3174 3422 3246 9).
3448 3196 3468 3230 ι
3503 3174 3606 3234 Se-

2031 3258 2270 3314 cundum
2301 3259 2540 3315 medium
2595 3271 2796 3317 statum
2848 3263 3018 3320 dicit:
3062 3287 3080 3317 ι
3117 3265 3475 3323 Condelector
3500 3284 3608 3341 ego

2033 3350 2136 3421 legi
2168 3348 2262 3405 Dei
2288 3350 2588 3406 seeundum
2619 3352 2934 3408 interiorem
2973 3354 3274 3412 bominem.
3308 3356 3475 3414 Video
3504 3376 3610 3415 au-

2031 3449 2141 3497 tem
2165 3439 2329 3495 aliam
2374 3441 2549 3511 legem
2599 3442 2653 3497 in
2710 3444 2971 3499 membris
3021 3445 3159 3502 meis
3207 3459 3608 3520 repugnantem

2030 3530 2134 3602 legi
2157 3530 2355 3586 mentis
2385 3548 2540 3599 mea»,
2570 3542 2625 3587 ct
2649 3534 2925 3604 captivum
2949 3551 3036 3591 me
3062 3537 3348 3593 dueentem
3383 3540 3439 3596 in
3474 3542 3600 3612 lege

2031 3622 2259 3693 peccati,
2289 3640 2308 3673 ι
2336 3631 2390 3677 et
2412 3623 2604 3680 mortis
2630 3623 2802 3696 (Rom.
2817 3640 2915 3693 vn,
2935 3625 3027 3694 22,
3044 3626 3159 3698 27).
3174 3628 3249 3686 De
3275 3631 3434 3686 tertio
3454 3640 3608 3688 statu

2029 3714 2161 3768 dicit
2192 3733 2205 3768 :
2242 3734 2260 3766 ‹
2295 3712 2429 3769 Vivo
2457 3725 2635 3771 autem
2654 3716 2770 3787 jam
2809 3733 2917 3774 non
2941 3734 3062 3789 ego,
3103 3720 3235 3775 vivit
3263 3735 3392 3777 vero
3420 3720 3475 3776 in
3513 3739 3609 3779 me

2029 3806 2442 3878 Cluristuswal.
2472 3824 2531 3873 11,
2561 3806 2674 3878 20).
2711 3828 2727 3861 ι
2764 3809 2904 3865 Ante
2951 3808 3173 3882 Moysen
3224 3813 3341 3869 sine
3367 3813 3475 3884 Iege
3498 3812 3609 3870 fuit

2030 3899 2288 3967 munduS,
2318 3900 2414 3971 qni
2437 3909 2618 3955 autem
2642 3916 2738 3971 per
2768 3900 2986 3974 Moysen
3009 3902 3189 3957 datam
3215 3903 3386 3975 legem
3409 3920 3607 3961 susce-

2028 4000 2249 4062 perunt,
2281 3991 2386 4063 ipsi
2434 3993 2539 4048 sub
2583 3993 2693 4065 [eye
2722 3993 2966 4049 fuerunt.
2998 3993 3065 4050 Et
3093 4014 3113 4048 a
3150 3995 3237 4051 lex
3263 3998 3480 4068 quidem
3504 4014 3609 4068 per

2029 4082 2258 4156 Moysen·
2281 4083 2407 4139 data
2429 4093 2532 4153 est,
2560 4087 2754 4157 gratia,
2785 4096 2840 4142 et
2871 4088 3074 4144 veritas
3096 4106 3193 4160 per
3217 4087 3406 4146 Jesntn
3432 4088 3601 4146 Chri-

2029 4188 2170 4233 stum
2196 4176 2335 4232 sacta
2365 4187 2448 4233 est
2471 4177 2650 4250 (loon.
2679 4195 2716 4247 ι,
2743 4179 2852 4252 17).
2877 4200 2896 4233 ι
2933 4179 3085 4237 Unde
3106 4183 3198 4253 qui
3227 4184 3347 4254 ejus
3368 4184 3602 4255 gratiam

2028 4277 2368 4337 receperunt,
2394 4285 2499 4324 non
2524 4270 2666 4326 servi
2705 4271 2809 4326 sub
2846 4271 2978 4343 leqe,
3005 4272 3098 4328 sed
3150 4273 3247 4328 tilii
3270 4274 3457 4345 gratiae
3477 4274 3606 4331 sue-

356 4374 506 4429 venit
532 4373 596 4427 ad
628 4370 1075 4426 consolationem.
1107 4365 1233 4422 ldeo
1261 4366 1316 4420 in
1360 4364 1654 4437 Evangelio
1682 4364 1922 4422 dicitur:
1956 4358 2002 4413 D
2031 4368 2175 4415 runt.
2205 4377 2223 4411 ι
2254 4358 2531 4429 Quotquot
2570 4363 2713 4416 enim
2766 4372 3086 4433 receperunt
3138 4380 3291 4432 eum,
3341 4364 3490 4420 dedit
3517 4365 3603 4420 eis

363 4486 385 4520 ι
420 4464 513 4521 Vae
538 4465 693 4519 vobis
722 4461 1003 4527 divitibus,
1035 4459 1165 4532 quia
1193 4456 1463 4513 babebitis
1493 4457 1922 4513 consolationem

356 4567 595 4615 vestram
625 4554 778 4626 (Luc.
811 4569 885 4618 vi,
905 4553 1037 4623 24„
1072 4571 1091 4604 ι
1124 4559 1415 4622 propterea
1464 4547 1611 4619 quod
1659 4550 1765 4604 ista
1792 4564 1926 4604 con-

360 4651 625 4708 solatione
649 4647 995 4720 praeditinou
1022 4643 1336 4700 desiderant
1380 4642 1544 4697 aliam
1599 4656 1762 4711 quam
1801 4640 1928 4696 ideo

361 4745 603 4799 Lazarus
631 4740 842 4796 sortiter
863 4736 1210 4804 desider-avit,
1262 4734 1499 4806 fortique
1536 4733 1805 4789 desiderio
1856 4730 1926 4792 ad

358 4853 479 4893 cam
532 4835 773 4893 cucurrit
810 4842 865 4888 et
918 4829 1184 4902 pervenit,
1212 4828 1343 4899 quia
1371 4826 1609 4884 stimulis
1633 4833 1925 4897 pauperta-

359 4932 429 4985 tis
454 4938 508 4984 et
552 4925 890 4998 :egritudinis
931 4939 996 4979 ac
1045 4922 1229 4976 nimiae
1270 4918 1652 4985 desolationis,
1694 4915 1926 4987 cogeba—

360 5033 450 5077 tur
487 5035 722 5090 semper,
775 5034 841 5073 ac
881 5015 1229 5070 veliementer
1279 5012 1591 5068 desiderare
1643 5008 1926 5063 abundan-

355 5117 488 5172 tiam
523 5108 932 5169 consolationis.
965 5106 1043 5162 lta
1084 5116 1237 5177 puto,
1263 5121 1387 5161 cum
1441 5103 1718 5159 videbitur
1755 5101 1923 5156 deso·
1983 5167 1986 5170 Α

359 5206 581 5262 lationis
636 5199 970 5258 abominatio
1017 5198 1073 5253 in
1118 5197 1312 5254 dicbus
1356 5194 1705 5260 Antichristi,
1736 5192 1937 5250 tortis-1

354 5299 499 5357 simo
523 5292 911 5353 consolationis
942 5290 1212 5348 desiderio
1235 5296 1459 5359 urgente
1482 5286 1604 5343 illos
1633 5283 1926 5341 desolatio-

359 5389 447 5445 nis
466 5387 711 5469 flagello
718 5395 941 5472 current
990 5382 1170 5452 electi,
1199 5381 1372 5438 donec
1421 5387 1713 5438 occurrant
1742 5377 1800 5432 in
1841 5376 1935 5436 vi-.

362 5492 483 5531 rum
511 5445 813 5564 perlectum
827 5463 1049 5563 Qfies.
1077 5491 1150 5542 iv,
1170 5474 1281 5544 13),
1311 5474 1527 5545 quinon
1563 5471 1694 5527 obiit
1720 5471 1776 5524 in
1798 5486 1924 5524 con—

363 5568 483 5619 silio
512 5549 811 5656 imfflyigwlt
834 5566 884 5622 ἐι
908 5570 981 5630 in,
987 5569 1073 5622 via
1092 5575 1424 5636 peccatorum
1453 5580 1554 5619 non
1584 5564 1747 5630 stetit,
1778 5571 1829 5620 ιι
1866 5562 1924 5617 in

364 5648 611 5716 cathedra
636 5642 947 5725 pestilentiae
969 5675 1066 5713 uon
1103 5656 1259 5713 sedit.

2027 4460 2344 4522 potestatem
2373 4452 2512 4508 lilios
2557 4450 2651 4508 Dei
2694 4453 2814 4509 fieri.
2841 4453 3024 4528 (loon.
3047 4471 3087 4523 t,
3116 4455 3232 4527 12).
3270 4476 3289 4508 ι
3319 4454 3442 4511 Fllli
3469 4470 3602 4511 vero

2028 4556 2139 4598 non
2170 4552 2298 4597 sunt
2345 4543 2448 4597 sub
2496 4542 2605 4615 leqe
2664 4543 2807 4600 sicut
2868 4546 3036 4613 servi,
3064 4546 3160 4615 qui
3190 4545 3380 4599 timent
3423 4544 3600 4615 legem

2027 4633 2351 4705 transgredi,
2379 4641 2434 4688 et
2470 4634 2689 4701 vellent,
2742 4635 2790 4690 si
2818 4635 3078 4691 auderent
3101 4653 3116 4703 ;
3141 4633 3235 4690 sed
3264 4633 3506 4688 voluntas
3531 4634 3602 4689 fl-

2026 4727 2224 4781 liorum
2255 4735 2339 4781 est
2369 4728 2426 4780 iu
2452 4725 2584 4800 leqe,
2619 4726 2747 4797 quia
2778 4740 2885 4781 non
2912 4724 3184 4796 discrepat
3209 4739 3241 4779 a
3270 4723 3398 4796 tege.
3428 4722 3601 4783 Pueri

2028 4819 2206 4875 adbuc
2233 4822 2467 4891 parvuli,
2510 4820 2753 4893 quandiu
2800 4819 2949 4875 nulla
3001 4819 3441 4892 concupiscentia
3470 4827 3602 4877 ten-

2026 4900 2231 4982 tantur,
2265 4913 2383 4969 sine
2412 4914 2520 4985 lege
2547 4922 2693 4969 sunt.
2719 4911 3106 4977 Adolescentes
3132 4922 3335 4981 autem,
3358 4912 3454 4985 qui
3476 4922 3602 4968 ten-

2029 5014 2232 5074 tantur,
2262 5016 2315 5062 et
2348 5021 2574 5078 peccare
2603 5021 2713 5061 non
2765 5005 2995 5072 audent,
3019 5005 3124 5060 sub
3144 5004 3254 5076 lege
3300 5014 3451 5061 sunt.
3488 5005 3599 5073 Qui

2029 5113 2156 5153 vcro
2182 5105 2475 5165 tentantur,
2503 5106 2558 5153 et
2599 5112 2709 5151 nou
2744 5106 2995 5167 peccant,
3020 5112 3133 5151 nun
3175 5095 3303 5167 quia
3333 5110 3443 5152 non
3495 5112 3601 5152 au-

2026 5192 2173 5256 dent,
2201 5192 2294 5247 sed
2335 5190 2463 5262 quia
2511 5188 2704 5244 nolunt
2738 5188 2928 5245 sordes
2986 5188 3244 5242 vitiorum
3289 5195 3344 5242 et
3403 5198 3593 5242 amant

2025 5280 2489 5354 pulchritudinem
2540 5278 2824 5343 virtutum,
2882 5278 3126 5348 ipsorum
3179 5277 3434 5333 voluntas
3480 5291 3602 5332 non

2027 5374 2127 5429 sub
2152 5373 2281 5443 tege,
2306 5371 2469 5426 sedin
2497 5369 2605 5440 (eye
2634 5366 2842 5422 Domini
2864 5376 2965 5424 est.
2988 5366 3054 5422 Et
3076 5376 3204 5423 sunt
3224 5366 3313 5423 isti
3345 5365 3603 5431 sslii,non

2026 5467 2190 5521 servi.
2243 5482 2260 5515 ι
2293 5461 2451 5530 Quod
2483 5463 2530 5517 si
2567 5460 2664 5515 filii
2694 5470 2748 5516 et
2787 5460 3052 5528 baeredes,
3084 5458 3325 5516 liaeredes
3371 5458 3602 5530 quidem

2027 5558 2142 5623 Dei,
2161 5554 2470 5612 cobaeredes
2485 5563 2664 5610 autem
2681 5553 2883 5613 Christi
2896 5553 3070 5625 (Rom.
3083 5569 3202 5621 vin,
3227 5551 3337 5622 17).
3351 5571 3370 5604 ι
3397 5550 3479 5607 1111
3493 5567 3603 5608 au-

2026 5659 2158 5720 tem,
2187 5647 2290 5720 qui
2329 5647 2767 5722 concupiscentia
2815 5654 3115 5716 tentantur,
3150 5656 3204 5704 et
3231 5643 3428 5703 tentari
3456 5658 3600 5717 gau·
