3817 6000
23 168 24 179 ¹
96 214 172 279 ¹55¹!
390 213 669 271 cuhttuhraltlutl
688 213 720 268 tt
741 212 910 269 essenus,
929 240 964 251 -
984 211 1073 267 PARS
1091 210 1137 266 lt.
1156 242 1190 252 -
1209 210 1306 266 PShL.
1328 209 1420 265 thul.
1652 213 1722 271 {558

21 320 22 329 ¹
99 334 156 391 bus
178 331 372 391 afflictionibus
385 348 473 403 usque
489 333 523 389 ad
540 333 630 388 erucis
650 342 766 386 mortem
782 347 812 386 se
840 331 891 384 iru-
906 337 927 394 Α
941 344 995 394 res,
1019 328 1137 383 universi
1159 331 1254 398 procul
1274 330 1357 385 dubio
1380 328 1429 385 lilii
1452 330 1518 385 Gora
1541 346 1638 388 sumus
1657 346 1723 388 ores

20 408 21 413 ἵ
96 426 225 482 miliauit.
251 421 495 481 Namrliominus
524 424 614 495 posuit
640 425 667 478 iu
683 439 715 477 co
732 422 888 493 iniquitates
938 435 1046 490 paseuae
1070 428 1234 491 luceatque
1256 421 1290 476 ab
1313 420 1507 477 inimictsntss
1529 425 1655 482 meliorati
1677 441 1716 478 su·

97 515 223 571 inanium
242 522 413 583 nostrorum,
434 524 463 572 et
479 515 625 586 disciplina
640 515 716 586 pacis
730 523 831 570 nostrae
841 529 888 569 su·
938 527 996 565 mua
1022 512 1091 565 sicut
1113 528 1172 566 oues
1196 513 1346 567 occisionis.
1366 511 1443 568 Unde
1464 513 1521 584 jam
1540 514 1574 570 de
1589 515 1721 573 raudeno-

97 623 149 680 pcr
173 621 236 663 eum
256 603 325 676 (lau.
349 621 415 673 tur,
439 606 483 676 5).
501 605 647 675 Propterea
669 603 804 676 persecuti
823 614 888 660 sunt
938 612 994 657 stra
1009 603 1173 658 maduerunt
1195 603 1299 674 campi,
1317 620 1440 674 respersa
1459 615 1524 660 sunt
1545 605 1627 662 ouilia
1655 624 1719 663 san·

96 712 162 753 rum
176 694 273 764 ludaei,
298 697 363 767 quia
377 703 405 751 et
427 696 612 751 innocentiam
639 696 768 763 servarit,
782 706 809 751 et
826 710 886 765 pce-
937 693 1018 765 guine
1042 704 1147 757 nostro,
1164 695 1228 750 dum
1253 697 1355 767 pariter
1378 697 1559 753 interlicinrnr
1583 715 1633 755 uos
1656 716 1723 755 ores

16 834 17 839 ,
96 785 241 842 nitentium
263 785 348 840 verbo
363 793 390 840 et
411 784 535 856 exemplo
553 785 656 842 docuit.
686 785 745 852 Qua
763 786 886 843 doctrina
937 802 1000 842 curn
1017 787 1172 858 pastoribus
1197 788 1271 845 nullo
1295 789 1438 845 resistente
1456 791 1497 846 vel
1518 791 1650 847 auxilium
1681 792 1723 849 le-

96 875 225 945 cicerem
242 890 304 931 euru
321 890 495 931 ‹rumurorerc
515 876 668 948 populum:
686 875 773 941 llune,
799 877 885 942 aiunt,
937 887 1028 933 rente.
1044 876 1083 934 Ne
1102 879 1185 951 igitur
1200 880 1271 939 inter
1297 882 1414 949 pericula
1440 883 1490 940 ista
1513 900 1667 955 pereamus,
1686 902 1723 941 ne

15 980 16 1029 3
100 967 281 1023 riurenimus
305 967 506 1024 subvertentem
535 978 642 1039 gentem
674 980 793 1024 nostram
808 968 884 1039 (Lac.
936 967 1027 1024 navim
1045 978 1165 1025 nostram
1178 980 1203 1025 te
1217 962 1368 1028 dormiente
1382 973 1525 1029 absorbeat
1535 975 1633 1032 lluctus
1642 977 1724 1047 aqui·

14 1090 15 1099 ι
96 1075 178 1125 ratu,
195 1058 256 1129 9).»
274 1057 338 1113 ltern
357 1076 364 1112 1
383 1077 392 1109 r
410 1057 568 1114 Commouet
583 1061 711 1130 populum
728 1060 829 1116 docens
839 1076 887 1130 pcr
936 1058 999 1115 lone
1013 1058 1094 1114 flaute
1108 1070 1202 1115 eontra
1214 1076 1264 1116 nos
1275 1063 1436 1119 concitatus.

96 1151 253 1208 uuirersam
278 1148 399 1205 ludaam
426 1149 708 1221 incipiensaGulilaea
732 1151 886 1220 usquehuc
971 1148 1054 1205 Vens.
1086 1151 1132 1206 25.
1161 1150 1280 1223 Exsurge
1308 1155 1549 1225 porrovidentia,
1587 1155 1724 1211 bonrbrc?

94 1240 225 1313 (elidar
246 1238 298 1308 Qui
313 1254 379 1310 crgo
394 1254 504 1296 servare
522 1239 636 1295 intendit
663 1239 844 1295 innocentiani
859 1250 885 1293 et
936 1239 1066 1313 Exsurge,
1081 1251 1106 1297 et
1119 1259 1150 1297 ue
1170 1242 1280 1314 repelles
1306 1246 1333 1299 in
1356 1246 1445 1315 fircera.
1466 1246 1583 1317 Ersrnpe
1605 1249 1637 1302 ad
1651 1265 1713 1303 eou-

95 1333 302 1404 ptenitentiam,
330 1346 412 1402 qnam
446 1329 574 1386 Christus
607 1329 690 1386 rerbu
714 1342 741 1385 et
761 1329 885 1400 exemplo
935 1329 1091 1389 iortandum
1113 1342 1226 1400 stantes,
1248 1351 1282 1390 ne
1300 1337 1407 1392 cadant.
1431 1336 1548 1407 resume
1564 1340 1596 1393 ad
1611 1339 1718 1411 crigen-

96 1424 271 1490 ruonstrarit,
299 1431 381 1493 atque
404 1421 439 1477 ob
457 1421 509 1477 boe
526 1420 638 1476 adversa
655 1419 765 1490 patitur,
787 1420 884 1476 hicsi·
934 1422 1000 1477 dnm
1015 1439 1074 1493 eos,
1092 1426 1139 1497 qui
1154 1426 1320 1483 cecideruut.
1342 1426 1386 1483 let
1415 1446 1524 1500 crsrtrpc
1553 1441 1582 1487 ut
1603 1432 1719 1503 imperes

96 1514 245 1575 rnilitudiui
273 1513 410 1587 passionis
436 1511 539 1569 Christi
564 1512 775 1583 complantatur,
803 1520 885 1583 atque
933 1515 1033 1582 sentis,
1054 1517 1163 1591 magnis
1185 1518 1319 1585 videlieet,
1339 1520 1490 1590 spiritibus.
1512 1521 1575 1578 ltern
1598 1540 1718 1597 exsurge,

97 1608 159 1677 ideo
182 1606 353 1663 similitudini
382 1620 492 1676 quoque
513 1604 725 1661 resurrectionis
739 1604 883 1675 complan-
935 1615 966 1659 ιιι
979 1605 1095 1675 imperes
1116 1607 1197 1672 mari,
1215 1607 1267 1665 hoe
1285 1617 1327 1666 cst
1350 1611 1451 1667 amaris
1470 1612 1609 1669 bominum
1634 1616 1721 1671 conli-

96 1699 210 1765 tabitur,
225 1697 289 1767 quia
306 1716 315 1749 ι
331 1695 354 1752 si
370 1696 584 1766 compatirnur,r
600 1695 638 1751 ait
663 1697 813 1766 apostolus,
831 1714 840 1746 ι
857 1706 884 1750 et
900 1680 921 1734 Β
935 1693 997 1751 bus.
1016 1694 1054 1750 'le
1075 1697 1225 1754 dormiente
1238 1714 1335 1771 magna
1349 1709 1496 1773 tempestas
1514 1702 1647 1759 inhorruit
1661 1714 1720 1761 ten·

95 1788 346 1860 conregnabimus:
371 1787 394 1843 si
422 1786 634 1851 eorrrmorimur,
660 1796 688 1843 et
707 1786 883 1843 convivemus

97 1881 142 1955 ,11
169 1881 238 1937 Tim.
263 1897 294 1949 u,
309 1880 389 1951 lli.»

132 1973 213 2029 Aliud
226 1981 268 2029 est
280 1972 348 2044 pati,
368 1971 439 2027 aliud
462 1971 572 2027 Christo
588 1972 717 2041 compati.
742 1969 802 2026 Non
823 1986 883 2025 om-

95 2065 151 2135 nis,
165 2065 212 2136 qui
225 2064 337 2119 adversa
354 2064 465 2133 patitur,
480 2061 590 2121 Christo
603 2064 777 2133 compatitur,
794 2078 882 2133 ireque

96 2157 197 2223 omnis,
218 2156 265 2227 qui
281 2156 408 2223 moritur,
422 2153 532 2210 Christo
544 2155 732 2210 commoritur.
748 2153 824 2209 blulti
835 2156 883 2210 ad-

95 2262 175 2303 uersa
189 2246 336 2316 patiuntur,
351 2245 398 2301 sed
413 2245 484 2301 beati
508 2245 569 2308 soli,
595 2244 642 2315 oiri
665 2246 881 2315 persecutionem

95 2340 237 2409 patiuntur
258 2347 370 2409 propter
391 2337 537 2406 iustitiam.
569 2336 670 2393 Omnes
685 2338 795 2408 quidem
817 2339 882 2394 dor-

96 2435 261 2501 ruiemus,ct
274 2433 433 2499 moriemur,
448 2433 494 2489 sed
508 2432 578 2491 beati
600 2434 711 2502 mortui,
724 2434 771 2504 qui
788 2436 814 2490 in
830 2435 883 2491 llo-

96 2527 172 2581 miuo
186 2525 342 2581 moriuntur
360 2543 367 2578 ε
385 2539 448 2581 narn
463 2523 536 2580 solos
559 2539 618 2589 ens,
640 2526 687 2595 qni
713 2526 883 2581 dorruiernut

95 2633 145 2688 per
168 2615 272 2683 lesum,
290 2616 406 2673 adducet
420 2614 490 2672 heris
504 2632 565 2672 cum
578 2633 621 2673 eo.
644 2616 791 2673 Patiuntur
805 2619 883 2674 inno·

96 2717 200 2775 centes,
214 2717 243 2763 ut
263 2707 391 2764 Christus
411 2707 552 2765 innocens.
578 2706 724 2762 Patiuntur
745 2709 881 2779 peruren-

94 2808 191 2873 ‚tes‚ut
212 2801 282 2857 latro
303 2799 447 2857 confessus
468 2809 494 2856 et
519 2801 666 2870 poenitens.
692 2798 835 2856 Patiuntnr
855 2809 881 2857 el

97 2892 312 2963 impenitentes,
344 2902 375 2948 ut
401 2893 471 2949 latro
502 2892 687 2963 blasphemus.
719 2890 788 2948 Cum
816 2908 882 2964 ergo

936 1785 1057 1842 tontibus
1077 1787 1260 1845 immundiset
1276 1791 1402 1864 malignis
1430 1793 1579 1863 spiritibus,
1603 1811 1718 1866 quorum

935 1878 1041 1934 alllatus
1058 1888 1101 1953 est
1113 1880 1193 1937 uobis
1207 1883 1362 1939 contrarius
1377 1893 1484 1940 reulus.
1512 1884 1587 1940 blare
1611 1903 1719 1959 quoque

934 1970 981 2023 tali
997 1978 1079 2025 rento
1100 1971 1230 2042 agitatum
1243 1982 1339 2028 contra
1354 1989 1405 2029 nos
1416 1974 1555 2042 intumuit,
1568 1979 1632 2047 qu‘a
1646 1985 1719 2035 lotus

934 2061 1057 2116 nurndns
1080 2059 1107 2116 in
1127 2062 1247 2135 maligno
1260 2064 1365 2134 positus
1387 2065 1526 2123 mirabiles
1544 2068 1675 2128 elationes
1688 2087 1720 2125 ae

933 2153 1156 2222 despumationes
1178 2154 1212 2210 ad
1226 2155 1433 2226 opprimendum
1454 2173 1504 2214 uos
1523 2158 1619 2228 iactat,
1647 2177 1720 2217 nuuc

934 2246 961 2298 in
985 2244 1080 2301 iaciem
1105 2254 1237 2313 nostram,
1259 2262 1333 2303 nuuc
1345 2263 1428 2319 super
1441 2260 1523 2320 eaput
1541 2251 1651 2324 quaudo
1663 2268 1718 2308 uon

934 2332 1023 2387 solum
1038 2334 1258 2405 aeomqualibus,
1273 2351 1367 2391 verum
1378 2337 1486 2394 etiama
1502 2340 1612 2411 magnis·
1623 2341 1717 2397 mundi

933 2426 1101 2496 principibus
1119 2426 1289 2484 infestamur.

969 2516 1041 2572 luter
1056 2519 1140 2590 liuius
1162 2519 1255 2575 muudi
1270 2521 1389 2591 pericula
1408 2538 1489 2592 quare
1509 2523 1652 2589 obdormis,
1665 2523 1720 2578 bo·

932 2610 1028 2665 mim?
1046 2609 1075 2665 ln
1093 2611 1236 2682 temetipso
1263 2626 1319 2673 non
1337 2613 1515 2681 dormitabis,
1540 2631 1628 2687 neque
1652 2616 1719 2673 dor-

933 2701 1011 2768 mies,
1025 2702 1202 2771 quieustodis
1213 2701 1306 2771 lsrael,
1323 2705 1371 2762 sed
1394 2706 1474 2763 uobis
1485 2707 1596 2776 dormis,
1609 2707 1719 2779 quando

933 2793 960 2848 iu
981 2794 1156 2851 tribulatione
1168 2810 1225 2853 uon
1240 2797 1394 2864 succurris;
1419 2798 1532 2866 dormis,
1548 2799 1659 2870 quando
1683 2801 1717 2856 ad

932 2897 959 2942 te
977 2887 1126 2943 clamantes
1138 2901 1193 2943 uon
1211 2887 1266 2943 cito
1281 2888 1370 2945 audis.
1403 2887 1547 2956 Quomodo
1572 2891 1645 2947 enirn
1670 2889 1717 2962 qui

96 2992 171 3039 tanta
184 2984 220 3041 sit
233 2983 377 3041 diversitas
390 2985 503 3040 adversa
519 2984 723 3053 sustinentium,
746 2994 773 3040 et
784 3000 882 3041 secuu-
895 3013 917 3075 c
931 2979 1043 3046 dormit,
1056 2988 1168 3037 uocatus
1181 2996 1237 3037 non
1250 2980 1305 3038 cito
1319 2981 1475 3054 respondet,
1490 2997 1578 3054 neque
1595 2980 1719 3039 arrimad·

97 3079 162 3133 ditm
187 3077 261 3134 solas
280 3093 378 3133 causas
396 3087 525 3148 pensetur
547 3078 684 3146 passionis
708 3077 811 3133 utilitas
840 3078 881 3132 rcl

97 3167 240 3232 inutilitas,
256 3182 307 3224 nos
320 3167 371 3239 filit
386 3166 453 3222 Coro
475 3167 604 3236 optimam
622 3174 726 3236 partem
748 3167 781 3223 de
794 3167 882 3222 omni·

96 3259 149 3315 bus
162 3258 253 3316 causis
268 3258 348 3314 nobis
361 3258 503 3328 elegimus,
519 3259 642 3328 quonium
657 3268 798 3328 propterte
812 3275 882 3313 mor·

97 3351 231 3421 tificanmr
248 3359 305 3406 totu
318 3350 372 3418 dir,
396 3349 467 3406 licus
483 3359 586 3405 noster.
607 3348 659 3416 Tu,
682 3349 730 3419 gui
744 3350 815 3406 nosti
832 3351 881 3408 ab·

97 3442 221 3500 scondita
238 3442 338 3509 cordis,
354 3453 382 3497 tu
398 3442 453 3498 seis
467 3443 532 3512 quia
547 3455 672 3496 amamus
683 3450 719 3497 tc.
748 3438 815 3500 Nam
830 3443 882 3497 etsi

97 3547 153 3587 non
169 3531 260 3589 verbis
285 3532 437 3607 interrogas
451 3547 675 3604 unumquemque
696 3540 819 3586 nostrum
844 3533 883 3588 si·

97 3633 144 3681 eut
160 3623 267 3680 Petrum
283 3624 376 3680 diceus
392 3645 399 3681 :
415 3644 425 3677 ι
439 3625 522 3682 dmas
536 3625 603 3681 me?
618 3645 628 3677 ι
645 3634 734 3679 tamen
748 3624 829 3680 rebus
842 3626 883 3680 in-

97 3727 219 3789 terrogas
236 3733 297 3785 uos,
314 3734 348 3773 au
380 3718 525 3791 diligamus
552 3728 588 3786 te,
608 3718 729 3790 dicitque
753 3733 881 3790 nostrum

96 3808 214 3880 ignisque
226 3809 274 3864 tibi
290 3829 297 3864 :
323 3829 332 3862 ι
347 3810 415 3864 hino
431 3820 457 3865 tc
471 3810 562 3880 (loon.
578 3827 633 3875 xxi,
648 3811 704 3882 tt).
720 3831 730 3863 ι
748 3810 826 3867 Unde
845 3813 882 3868 si-

96 3909 143 3953 cut
160 3897 256 3955 Petrus
271 3901 298 3956 iu
319 3911 511 3973 argumentum
532 3901 573 3956 tui
595 3902 697 3958 amoris
721 3901 827 3957 audivit
853 3921 883 3959 se

97 3990 131 4044 ab
144 3990 197 4046 alio
218 3989 380 4063 cingendum
397 4000 423 4047 et
440 3992 604 4059 ducendum,
628 4009 684 4063 ouo
695 3993 789 4059 nollet,
802 3994 883 4064 signi-

98 4081 195 4135 licante
210 4090 236 4138 te
250 4083 303 4138 huc
317 4082 368 4138 sibi
387 4097 527 4149 sermone,
548 4098 601 4153 qua
619 4094 706 4137 morte
720 4082 881 4138 clarificatu-

98 4189 145 4229 rus
163 4183 237 4231 esset
254 4182 279 4231 te
294 4193 303 4231 a
319 4175 397 4231 itaet
418 4191 467 4233 nos
481 4175 508 4229 in
522 4183 713 4247 argumentum
728 4177 795 4231 terti
810 4191 884 4230 amo·

97 4264 135 4319 ris
154 4264 286 4323 babemus
309 4281 432 4331 causam,
458 4281 508 4336 pro
524 4281 578 4336 qua
607 4266 736 4337 patimur,
753 4267 881 4337 quoniam

933 3073 1023 3140 rertit,
1048 3072 1121 3143 qtrod
1136 3074 1161 3129 ei
1176 3073 1286 3139 dicitur,
1300 3074 1354 3130 nisi
1370 3075 1460 3145 primo
1482 3076 1611 3148 evigilet:
1632 3076 1673 3131 siu
1689 3083 1717 3134 tu

932 3163 1078 3235 aliquando
1108 3164 1226 3236 peccatis
1247 3165 1418 3237 erigentibus
1444 3166 1472 3222 in
1488 3167 1574 3239 teipso
1602 3169 1719 3242 vigilans

931 3254 1031 3309 dormis
1047 3254 1136 3321 nobis,
1150 3255 1216 3325 grtia
1230 3272 1283 3310 nou
1298 3257 1470 3314 demonstras
1484 3266 1509 3313 te
1520 3260 1611 3316 ridere
1630 3261 1718 3318 tribu·

932 3345 1057 3413 lationcs,
1071 3348 1112 3402 vel
1122 3348 1216 3404 audire
1231 3365 1325 3419 preces
1337 3358 1455 3407 nostras.
1471 3350 1603 3422 Equidem
1621 3353 1721 3423 juste:

932 3455 995 3492 riam
1011 3438 1092 3512 digna
1119 3440 1198 3497 iactis
1224 3442 1379 3513 recipimus,
1403 3451 1430 3499 et
1445 3443 1474 3500 iu
1501 3442 1629 3501 omuibus
1657 3463 1719 3518 qum

931 3529 1062 3599 patimur,
1088 3531 1194 3601 justum
1216 3533 1351 3603 judicium
1378 3544 1453 3590 tuum
1485 3537 1718 3608 recognoscimus.

932 3623 1057 3678 Attamen
1082 3624 1145 3693 quia
1166 3624 1301 3680 interdum
1324 3626 1398 3689 latet,
1422 3629 1520 3698 qrtade
1533 3645 1614 3685 cansa
1627 3630 1718 3702 dagel·

932 3712 1031 3780 lemur,
1049 3716 1137 3770 iudica
1162 3716 1251 3782 nobis,
1272 3735 1322 3774 cur
1350 3735 1400 3774 nos
1416 3719 1453 3775 ita
1473 3721 1602 3789 jndices?
1631 3722 1670 3782 Si,
1687 3732 1720 3779 ut

932 3805 1019 3862 uirtus
1040 3807 1067 3860 in
1083 3807 1239 3870 infirmitate
1266 3807 1432 3878 perficiatur,
1459 3813 1509 3867 lroc
1530 3811 1631 3878 indica,
1648 3828 1717 3882 urra-

933 3910 1012 3954 tcnus
1031 3899 1143 3955 libenter
1157 3899 1305 3970 gloriemur
1326 3900 1353 3955 in
1375 3902 1578 3958 inllrnritatibus
1604 3905 1722 3970 nostris,

933 4001 957 4042 ct
969 3988 1084 4043 sullleiat
1097 3988 1175 4045 uobis
1194 3989 1279 4061 gratia
1296 3997 1352 4045 tua.
1377 3990 1417 4056 Si,
1432 4000 1461 4046 ut
1474 4007 1574 4063 purges
1596 4000 1716 4063 peccata,

932 4091 960 4133 ct
975 4081 1026 4135 hoe
1040 4080 1194 4147 manifesta,
1211 4096 1245 4136 ne
1258 4095 1273 4136 a
1285 4091 1332 4137 tuo
1344 4081 1449 4152 judicio
1470 4082 1606 4139 discordet
1623 4092 1717 4142 nostra

933 4172 1078 4238 sententia,
1101 4171 1148 4228 scd
1163 4172 1218 4228 cito
1230 4173 1401 4229 concordans
1417 4188 1468 4229 nos
1479 4173 1611 4242 iustillcet
1623 4190 1656 4230 ae
1669 4176 1716 4230 lae-

933 4262 1025 4318 tillcet.
1044 4261 1073 4318 Si
1087 4263 1121 4318 ad
1136 4262 1317 4318 exercendum
1346 4262 1513 4334 patientiam,
1537 4263 1592 4319 cito
1606 4280 1667 4320 earn
1687 4268 1714 4321 in

96 4366 235 4427 propterte
249 4359 443 4428 mortificamur
458 4367 513 4412 tom
525 4340 568 4413 die
581 4374 590 4412 .·
605 4368 712 4428 propter
727 4369 752 4412 te
768 4361 795 4413 in
807 4354 922 4414 mun-u
940 4354 1018 4410 uobis
1030 4367 1201 4420 consumma,
1217 4363 1257 4422 ut,
1271 4353 1342 4410 sieut
1360 4353 1440 4410 beato
1462 4353 1514 4411 lob
1532 4355 1630 4424 iecisti,
1656 4355 1717 4414 red·

96 4444 133 4500 du
159 4447 352 4503 notillcandum
383 4457 411 4504 et
433 4447 638 4509 clarillcauduru
662 4449 704 4503 rel
732 4458 882 4521 spontanea

95 4536 188 4594 earnis
210 4540 417 4596 mortificatione
432 4541 474 4595 vel
498 4540 552 4594 alio
565 4555 617 4595 nus
638 4541 762 4610 cingente
778 4556 810 4594 ac
832 4540 883 4594 du-

96 4639 184 4695 cente,
197 4645 251 4700 quo
269 4631 406 4687 nolumus.
434 4630 545 4701 Propter
569 4643 593 4686 te
614 4631 806 4701 nrurtificomttr
826 4639 882 4685 toto

96 4724 150 4788 dic,
181 4720 207 4775 id
232 4732 274 4777 est
302 4723 381 4793 longa
398 4733 424 4778 et
445 4722 575 4777 diuturna
603 4722 739 4792 passione.
767 4720 882 4788 Quando

96 4813 178 4869 etiarn
192 4826 241 4882 per
262 4811 422 4868 obedientie
437 4812 593 4867 mandatum
612 4811 758 4882 cingimur,
781 4813 815 4866 ab
828 4811 882 4866 alio

96 4903 233 4971 ducimur,
248 4919 303 4976 quo
327 4904 465 4970 nolumus,
481 4903 545 4974 qnia
565 4903 733 4958 roluutatem
759 4914 881 4959 nostram

97 4995 246 5069 frangendo
260 4994 418 5052 abscondita
433 4997 522 5052 cordis
539 4997 699 5052 holocausta
720 5005 881 5054 mactamus.

96 5100 169 5143 recte
183 5088 210 5143 in
233 5103 315 5144 cruce
337 5098 382 5145 tua
403 5089 562 5160 gloriamur,
584 5087 709 5158 qrronicm
730 5096 882 5156 propterte

96 5180 289 5249 retortipicamttr
304 5188 361 5234 totu
376 5180 418 5234 die
433 5179 602 5239 obedieutiae.
628 5189 657 5233 ut
684 5194 738 5233 non
764 5178 883 5233 tenebra·

96 5287 148 5328 uos
160 5270 391 5341 comprehendant
404 5271 599 5326 inobedientiae.

132 5363 246 5436 llaguus
264 5371 292 5419 et
318 5379 397 5418 rarus
415 5374 456 5418 est
476 5379 491 5419 e
510 5378 623 5418 nuntcro
647 5371 751 5428 nostro,
774 5363 822 5433 qui
846 5362 880 5418 ud

97 5454 150 5511 hoe
167 5455 322 5512 inueniatur
340 5453 464 5519 idoneus,
486 5464 516 5511 ut
536 5454 643 5510 dicatur
657 5454 683 5510 el
708 5455 811 5510 tertio:
829 5472 839 5506 ι
857 5456 880 5511 si

97 5545 189 5618 diligis
206 5561 259 5613 me,
282 5561 364 5617 pasce
381 5561 498 5617 agnos»
521 5546 562 5601 rel
580 5565 590 5598 ι
606 5561 673 5602 ores
698 5560 774 5602 meas
788 5543 878 5617 (loon.

99 5654 156 5705 atr,
174 5638 229 5711 13).
245 5657 253 5690 ι
271 5637 397 5694 Attamen
425 5636 475 5692 etsi
492 5654 545 5693 non
570 5653 665 5694 omues
682 5638 774 5695 orinru
788 5646 880 5711 pasto-

932 4445 983 4499 das
995 4443 1073 4499 nobis
1093 4444 1196 4510 omnia,
1210 4459 1270 4514 quae
1284 4445 1458 4502 machinante
1475 4444 1575 4502 Sataua
1593 4456 1656 4503 sunt
1672 4447 1718 4502 ab·

932 4536 997 4590 lata.
1022 4533 1051 4588 Si
1066 4550 1115 4604 pro
1131 4534 1216 4606 gloria
1236 4543 1280 4590 tua
1306 4534 1516 4602 manifestanda,
1539 4538 1612 4609 quud
1628 4554 1716 4609 neque

933 4643 994 4694 uos,
1023 4641 1111 4697 neque
1136 4635 1261 4697 parentes
1286 4628 1369 4684 nostri
1398 4630 1558 4696 meruimus,
1578 4631 1715 4688 immisisti

933 4735 981 4789 per
995 4719 1106 4790 angelos
1120 4718 1208 4776 malos
1220 4719 1327 4790 pondus
1342 4720 1505 4788 alllictiuuis,
1528 4733 1555 4777 et
1569 4724 1621 4779 hoc
1637 4723 1716 4780 nobis

933 4812 1033 4877 iudica,
1056 4821 1087 4866 ut
1106 4812 1174 4867 sieut
1204 4810 1330 4867 norimus
1353 4812 1456 4883 absone
1478 4813 1562 4869 dubio
1583 4823 1608 4869 te
1636 4815 1718 4872 nobis

932 4907 1141 4971 uhiormirissc,
1165 4908 1202 4961 ita
1227 4921 1336 4980 quoque
1360 4906 1543 4963 indubitanter
1567 4923 1717 4978 eognosca-

932 5015 996 5054 mtrs
1018 5012 1129 5052 causam
1152 4997 1216 5052 talis
1230 4997 1437 5052 obdormitionis
1450 5006 1513 5064 tnae,
1529 5012 1583 5067 qua
1602 5012 1656 5051 uon
1669 5011 1715 5051 so·

932 5090 988 5143 lum
1005 5097 1133 5158 tanquam
1150 5107 1159 5140 ι
1175 5088 1313 5144 dormiens
1339 5089 1496 5160 crapulatus
1517 5103 1532 5141 a
1548 5087 1612 5141 rino
1626 5084 1714 5158 (Paul.

932 5193 1035 5245 cxxvii,
1062 5177 1108 5247 65)
1132 5189 1276 5247 soporatus
1303 5192 1333 5232 es
1360 5176 1438 5231 uobis
1461 5175 1516 5231 alto
1539 5190 1645 5242 sumno,
1669 5175 1715 5231 scd

931 5271 1013 5326 etiarn
1031 5286 1094 5327 cum
1110 5278 1136 5325 te
1145 5269 1272 5340 precibus
1284 5269 1404 5324 excitare
1415 5268 1552 5333 molimur,
1567 5276 1594 5323 et
1607 5283 1715 5338 parum·

932 5380 981 5434 par
1002 5362 1130 5432 evigilare
1155 5361 1252 5432 incipis
1275 5359 1365 5416 dando
1388 5358 1466 5414 nuliis
1484 5359 1621 5414 modicum
1648 5359 1714 5430 qnid
1778 5417 1784 5426 ,

932 5453 1050 5511 salubris
1076 5451 1305 5522 compunctionis,
1324 5450 1350 5505 id
1363 5450 1451 5520 ipsum
1465 5450 1520 5504 cito
1529 5450 1714 5504 subtrahendo

933 5544 1028 5600 laeiern
1050 5552 1124 5600 tuam
1139 5543 1239 5598 avertis
1260 5555 1336 5596 more
1356 5540 1484 5611 potentis,
1511 5541 1629 5610 amplius
1651 5540 1715 5594 dor·

933 5636 1002 5692 mire
1015 5635 1140 5702 rolcntis,
1155 5647 1302 5705 precesque
1323 5646 1353 5689 se
1366 5632 1533 5702 pulsantium
1547 5642 1574 5688 et
1590 5632 1712 5688 errimu-
