3817 6000
106 281 178 341 tras
407 278 684 337 connnnmntuu
702 277 735 335 nt
753 277 968 337 rsmnns-
984 278 1177 336 neustr.-
1195 277 1295 336 esst.
1316 220 1460 341 xnxttu.
1664 285 1733 342 true
1792 364 1798 379 .

108 401 286 460 saucuumta
307 400 429 456 mulieris
453 400 611 471 imponitur,
633 398 706 469 qnod
726 398 801 453 nullo
813 398 895 454 modo
909 403 932 460 Α
946 396 1124 453 conturbatur
1139 397 1166 451 in
1185 397 1290 453 incerto
1316 398 1576 454 noudumexandita
1598 400 1733 464 oratione,

107 492 234 566 congruit
255 493 348 563 nuptis
374 490 494 559 leminis,
516 492 581 562 qnia
605 490 670 545 dnm
693 490 894 547 tribulationem
944 505 998 562 qua
1013 489 1199 562 supradixit:
1222 488 1322 545 Norunt
1348 491 1391 561 sac
1406 491 1480 559 mihi,
1510 489 1632 558 nonunt,
1654 492 1734 561 finem

107 585 199 642 carnis
219 585 319 642 hahent
335 584 493 656 hujusmodi
517 583 694 655 cotteipiendo
716 583 744 638 in
761 598 893 651 aemmna,
944 598 1041 638 mcum.
1062 582 1245 651 Quantislibet
1262 582 1335 638 enim
1356 583 1453 654 polleat
1474 583 1733 652 uirtutibusnmen

107 687 134 734 et
151 678 281 750 pariendo
301 677 443 742 indolere,
462 679 548 750 magis
566 678 688 749 indigent
710 677 895 735 calceamento
943 673 1065 744 quandin
1073 674 1160 730 nescit
1170 674 1254 730 homo
1267 674 1468 731 utrnmotlioan
1480 675 1734 747 amoredignussit,

107 778 203 825 contra
217 771 403 841 serpentinam
428 768 581 826 fornicandi
607 770 778 841 pravitatem,
799 786 893 827 earnm
945 766 1043 822 merito
1062 767 1244 836 conturbatur,
1271 767 1405 823 interdum
1425 784 1499 831 tane,
1518 766 1653 822 interdum
1677 782 1732 822 non

106 860 237 917 calcaneo
250 861 436 930 insidiantem,
452 878 535 934 quam
548 862 701 919 uelamento
723 864 819 934 capitis
829 879 894 920 con·
943 859 1144 916 nauelimens
1155 860 1730 932 namquetimendanonraneconturhatnr.

107 959 149 1007 tra
166 952 301 1024 superbia
315 971 441 1010 araneam
455 971 465 1009 .·
480 970 550 1027 quae,
575 956 640 1027 qnia
663 955 781 1012 maxime
792 956 894 1014 sanctis
944 950 1056 1009 'fimens
1069 968 1132 1009 tero
1152 968 1207 1008 non
1230 953 1359 1021 timenda,
1372 969 1442 1009 rane
1453 952 1641 1009 conturbatur.
1657 950 1732 1006 Vane

106 1044 234 1101 ethonis
260 1047 390 1118 operibus
411 1047 567 1117 insidiatur,
594 1056 625 1105 nt
646 1057 768 1121 pereant,
799 1058 893 1106 contra
944 1045 1123 1102 conturbatus
1136 1057 1178 1102 est
1191 1044 1299 1114 Petrus,
1314 1047 1423 1119 quando
1433 1057 1530 1119 stupor
1538 1062 1602 1104 eum
1614 1045 1732 1104 circum·

98 1150 168 1191 eam
187 1151 242 1193 non
255 1145 311 1193 tam
328 1148 420 1210 nuptae
429 1154 512 1210 quam
528 1139 748 1198 sanctimoniales
761 1150 893 1213 pugnant,
943 1137 1052 1196 dederat
1064 1138 1210 1209 incaptum
1222 1140 1348 1210 piscium,
1366 1142 1403 1196 ita
1413 1150 1443 1197 nt
1455 1140 1574 1197 diceret:
1587 1139 1641 1195 Exi
1651 1157 1668 1195 a
1679 1156 1730 1206 nte,

104 1229 342 1300 qurehumilitatis
355 1231 445 1288 return
467 1248 522 1289 non
535 1233 674 1290 incassum
704 1240 823 1305 portant.
837 1231 894 1289 Nn·
944 1228 1143 1301 dominantia
1165 1228 1242 1285 hamo
1255 1239 1377 1301 ριιιαιιι
1398 1248 1455 1285 sunt
1479 1230 1556 1299 (bnt.
1578 1247 1604 1298 v,
1620 1230 1659 1299 ὅ).
1685 1228 1732 1285 Τι-

107 1321 162 1392 ptis
172 1337 282 1393 qnoqm
302 1322 332 1378 in
345 1323 556 1395 desponsatione
582 1342 632 1381 sua
658 1327 807 1398 imponitur
821 1326 894 1383 rela-
944 1323 1016 1379 mult
1029 1338 1084 1379 non
1098 1323 1230 1390 timenda,
1256 1322 1348 1378 timuit
1372 1321 1521 1380 Salvatoris
1547 1323 1730 1394 praesentiam,

107 1427 180 1482 men,
203 1415 364 1487 nonotiqne
391 1416 500 1489 nigrum
526 1417 560 1473 atl
587 1416 694 1490 signum
720 1416 892 1485 humilitatis,
943 1414 1023 1486 cnjus
1042 1416 1133 1486 potins
1149 1415 1273 1471 absentia
1291 1414 1410 1471 timenda
1432 1425 1474 1471 est
1493 1413 1639 1485 peccatori,
1666 1413 1732 1483 qnia

106 1506 155 1562 sed
178 1506 271 1563 album
285 1508 313 1564 in
340 1509 449 1582 signnm
475 1511 682 1579 consolationis,
704 1520 735 1566 ut
769 1511 893 1568 uidelicet
944 1506 1006 1563 site
1030 1513 1199 1575 peecatorem
1223 1505 1393 1572 consideras,
1416 1509 1454 1559 ait
1476 1502 1585 1573 sapiens
1607 1502 1731 1574 quidam,

106 1596 326 1670 nondcsperent,
340 1601 389 1657 sed
402 1600 516 1658 tirmiter
529 1610 638 1674 sperent
652 1602 891 1673 sepnssesalrari,
944 1604 1053 1666 oportet
1072 1604 1103 1650 ut
1124 1611 1140 1650 a
1158 1606 1189 1679 te·
1204 1594 1349 1652 bominum
1376 1610 1431 1650 non
1448 1594 1574 1665 repellas.
1600 1592 1629 1649 Si
1658 1595 1733 1649 uelut

106 1696 138 1744 ut
147 1689 293 1761 Apostolus
311 1692 359 1762 ait,
383 1693 555 1765 papiliorum
570 1695 772 1766 reserationem,
795 1697 819 1751 ti
834 1712 894 1767 per·
944 1704 1044 1745 aranea
1061 1689 1179 1746 tabescis
1192 1690 1220 1743 in
1238 1688 1420 1745 amaritudine
1433 1687 1545 1760 spiritns
1572 1686 1692 1752 contriti,
1703 1687 1731 1741 in
1778 1730 1780 1736 .

106 1785 252 1839 manserint
270 1787 300 1841 in
316 1787 369 1857 fide
382 1785 409 1859 (l
437 1786 505 1842 Tim.
521 1804 552 1854 ιι,
566 1789 621 1859 lii).
636 1786 699 1845 llaec
713 1797 822 1861 propter
841 1787 893 1843 dil·
907 1762 930 1818 Β
943 1781 1127 1836 amaritudine
1142 1781 1242 1837 animae
1265 1791 1329 1847 tnae,
1355 1779 1409 1836 noli
1422 1795 1492 1836 rane
1513 1779 1682 1847 conturbari,
1702 1786 1732 1833 ot

106 1873 248 1933 leuntiam
260 1877 471 1935 intentationum
483 1880 552 1936 altas
565 1881 673 1949 timum,
688 1881 756 1937 alias
767 1898 894 1937 tramant
942 1873 1042 1930 timeas
1058 1888 1114 1930 non
1132 1873 1263 1942 timenda,
1290 1881 1321 1928 nt
1343 1873 1440 1929 timeas
1458 1888 1512 1928 nm
1531 1871 1658 1928 arctioris
1671 1871 1734 1926 ιιι

106 1966 252 2037 inpsalmo
276 1968 436 2026 habentium
464 1971 566 2043 placuit
592 1972 739 2029 innectere.
772 1972 894 2043 Accipiat
942 1963 1002 2019 *5²⁸
1020 1963 1140 2035 ingredi,
1165 1972 1192 2019 θῑ
1219 1963 1292 2018 leiti
1317 1963 1343 2017 5¹¹
1366 1962 1568 2033 belltltballfflte
1586 1960 1732 2017 consilium

106 2058 160 2114 sihi
171 2059 257 2116 lector
267 2060 296 2116 in
311 2062 410 2132 psalmi
425 2062 508 2135 buius
532 2063 708 2121 meditatione
723 2064 892 2135 dedirersls,
943 2071 999 2112 ¹¹⁰¹!
1022 2056 1183 2112 habeiiws
1209 2056 1332 2122 ‘institnit
1350 2055 1398 2125 qni
1419 2070 1490 2110 *³¹¹0
1520 2053 1732 2121 ⁰0¹¹¹¹¹fb³¹¹l¹¹l2

105 2151 179 2221 quod
195 2150 220 2208 ei
245 2152 332 2226 magis
356 2153 454 2224 placet,
469 2168 569 2212 tarem
589 2171 714 2210 aramum
742 2156 843 2227 pariter
866 2165 894 2214 et
943 2148 1009 2206 dum
1030 2148 1196 2216 moriuntur,
1209 2157 1236 2203 ιι
1251 2164 1305 2205 non
1323 2158 1451 2215 mortem,
1464 2147 1513 2203 sed
1529 2146 1612 2202 tritam
1625 2147 1731 2201 timent.

104 2240 216 2299 ιιιιιιιιι.
944 2237 1078 2295 Sinnima
1092 2247 1138 2295 tua
1153 2240 1250 2295 timore
1263 2236 1372 2295 Domini
1383 2236 1516 2295 tabelacta
1548 2237 1662 2293 subtiles
1673 2252 1732 2292 me·

140 2329 226 2387 Aliter
247 2331 432 2404 :Corripuitti
456 2334 595 2393 hominem
632 2336 842 2407 superbientem,
866 2348 894 2395 et
942 2329 1090 2387 maeones
1115 2341 1142 2387 et
1162 2330 1337 2402 operationes
1361 2333 1507 2389 desursum
1522 2329 1557 2386 ad
1572 2330 1733 2386 similitudi-

103 2433 154 2491 per
174 2418 279 2494 flagella
301 2420 390 2479 iecisti
411 2422 553 2495 humilem,
565 2426 639 2497 qnod
659 2424 724 2483 inde
736 2435 811 2498 patet
828 2426 893 2500 quia
944 2438 1007 2478 nem
1022 2423 1121 2478 tmticte
1134 2421 1283 2480 hominium
1295 2423 1413 2496 desuper
1431 2430 1565 2478 contextae
1582 2436 1631 2492 per
1645 2428 1733 2477 totunt

105 2507 235 2568 ratam
258 2513 424 2582 teristratum
443 2532 570 2572 tramam
591 2519 709 2575 animam
721 2519 790 2591 ejus.
804 2519 893 2576 Nimi-
943 2518 1064 2575 conterit
1080 2518 1150 2573 sicut
1174 2533 1287 2586 aranee,
1302 2532 1364 2589 quas
1387 2531 1503 2589 corpore
1517 2524 1596 2571 tenus
1620 2514 1648 2569 in
1665 2513 1732 2577 alto,

104 2618 167 2659 rum
177 2603 230 2662 boc
241 2604 280 2661 illi
302 2607 444 2663 ostendisti
454 2610 528 2680 quod
553 2610 644 2665 anima
660 2610 721 2682 eins
737 2610 894 2682 fragilisest
943 2628 999 2667 non
1016 2612 1127 2667 interra
1141 2618 1280 2682 operator,
1294 2619 1322 2666 ιι
1347 2609 1486 2681 egestione
1509 2608 1678 2663 internorum
1691 2605 1733 2659 ri·

104 2694 181 2752 sicut
202 2712 313 2765 aranea,
326 2714 388 2771 quse
397 2699 465 2757 adeo
475 2701 568 2757 tabida
591 2711 645 2768 est,
667 2711 697 2758 ιιι
710 2703 805 2760 leniter
821 2713 893 2762 tacta
943 2718 1051 2761 seerunr
1074 2711 1247 2769 extenmtur,
1261 2702 1318 2758 noli
1340 2701 1500 2759 conturbari
1514 2697 1734 2770 persalutationis

105 2784 194 2853 cadat,
210 2788 355 2846 necetiam
381 2800 477 2847 tonna
505 2790 625 2850 bominis
642 2792 734 2850 flatum
759 2802 833 2852 stare
842 2810 892 2852 ra·
944 2805 999 2852 tuat
1026 2793 1212 2863 diffidentiam,
1239 2794 1287 2852 sed
1313 2793 1413 2849 habeto
1426 2791 1667 2857 conlidentiam,et
1687 2788 1733 2843 dic

103 2874 169 2934 leat.
182 2876 259 2936 Unde
275 2881 385 2953 sapiens
411 2881 497 2939 barret
512 2884 612 2942 sedens
624 2887 652 2941 in
677 2887 818 2956 cathedra,
843 2888 892 2959 qui
943 2889 1043 2945 animae
1055 2887 1268 2945 sictahelactae:
1286 2885 1376 2954 Quare
1397 2885 1482 2941 tristis
1493 2898 1532 2951 ct,
1556 2883 1646 2937 anima
1662 2896 1730 2948 mea,

102 2967 420 3041 octingentouinterieclt
436 2973 616 3047 impetuuno,
630 2976 687 3049 ipse
706 2986 796 3035 mmet
815 2981 893 3053 quati
942 2992 967 3037 et
995 2996 1076 3055 quara
1103 2980 1244 3035 ceruariae
1274 2978 1334 3034 nrt?
1363 2974 1451 3050 (Psoi.
1480 2990 1536 3041 ιιι,
1553 2974 1609 3045 ιι.)
1642 2971 1732 3029 llnttae

105 3068 260 3118 temnuntur
279 3062 345 3134 liant
361 3066 518 3122 renuuntur
528 3067 614 3126 luisse
627 3069 758 3127 scribitur
771 3069 816 3142 (ll
826 3071 889 3144 lien.
905 3112 927 3172 c
943 3083 1009 3132 snnt
1026 3074 1183 3145 hujusmodi
1197 3071 1398 3130 consolationes
1418 3071 1517 3128 animae
1539 3068 1702 3125 tabescensts
1722 3086 1730 3123 t

103 3166 186 3220 xxttt,
208 3151 247 3223 8),
263 3151 323 3210 idco
344 3154 458 3223 scilieet,
479 3158 544 3228 quia
563 3166 602 3226 tn,
618 3157 701 3229 Dens,
717 3162 892 3233 propterini·
949 3164 1134 3221 Verumtamen
1152 3180 1217 3220 aare
1243 3161 1417 3219 conturbatur
1440 3160 1625 3216 omnishomo
1647 3161 1733 3217 ratio·

109 3246 248 3319 peitatem,
261 3260 345 3317 qnam
358 3248 386 3303 in
400 3246 493 3305 Uriam
508 3259 536 3306 ιι
557 3266 670 3307 uxorem
692 3253 752 3323 ejus
777 3256 893 3310 commi·
943 3258 1013 3313 nalis
1034 3266 1062 3312 et
1077 3264 1216 3324 sensatus,
1231 3272 1296 3311 tane
1317 3262 1422 3327 utrque,
1441 3254 1500 3310 sine
1512 3267 1596 3310 causa
1607 3250 1733 3308 uidelicet

105 3336 153 3402 tlt,
181 3337 334 3408 cornpaitti
358 3339 491 3396 hominem
509 3340 598 3409 illurn,
610 3354 639 3398 et
651 3344 781 3400 talarem
807 3345 892 3405 ιιιιιιι
941 3350 1089 3416 interdum,
1111 3349 1232 3421 qnandiu
1248 3347 1428 3405 nescittinem
1444 3361 1536 3403 snum.

103 3427 175 3483 utut
196 3444 324 3484 araneam
344 3430 462 3485 ammam
487 3432 554 3503 ejus.
582 3430 647 3489 lnde
667 3442 710 3489 est
730 3435 803 3506 qnod
822 3436 893 3492 sicat
978 3441 1132 3513 biapsalma
1162 3441 1207 3497 bic
1233 3440 1424 3513 interponitur,
1451 3439 1516 3510 qnia
1551 3436 1586 3492 de
1616 3451 1733 3508 conque·

104 3533 208 3577 ’ΝΜ
225 3519 253 3577 ῑΰ
266 3521 322 3578 ¹¹1⁰
346 3538 478 3594 suspensa
498 3523 542 3581 sila
567 3525 678 3582 subtilia
691 3525 768 3591 lacit,
786 3526 814 3582 in
831 3529 893 3599 (itti-
942 3533 1031 3589 stione
1043 3548 1077 3588 ac
1087 3532 1282 3588 lamentatione
1306 3531 1400 3588 habita
1416 3546 1504 3601 ¹super
1536 3529 1731 3586 incertitudine

104 3610 158 3668 bus
172 3611 304 3670 radendis
329 3613 435 3671 viscera
462 3631 513 3673 sua
532 3617 629 3689 egerit,
644 3619 811 3689 usquedum
835 3627 892 3675 tota
942 3622 1005 3679 linis
1019 3623 1149 3679 transitur
1166 3638 1198 3679 ac
1214 3623 1366 3679 transilitur
1381 3621 1425 3679 hic
1440 3621 1473 3678 ad
1498 3620 1666 3692 petitionem,
1676 3635 1730 3691 qua

105 3699 260 3759 desiccatur
283 3721 291 3760 z
317 3704 453 3761 sichomo
477 3706 570 3763 diuina
595 3710 767 3782 correptione
792 3719 891 3778 metus,
941 3716 1009 3788 petit
1020 3714 1148 3782 idithun,
1171 3716 1329 3786 priusquam
1346 3716 1435 3782 abeat,
1461 3716 1515 3771 sihi
1539 3723 1635 3772 notum
1658 3714 1730 3775 lieri,

100 3801 134 3850 et
153 3793 307 3863 tabescens,
331 3797 485 3869 quiaquasi
502 3799 591 3857 tabem
617 3801 769 3858 visceribus
785 3818 893 3859 araneae
941 3807 994 3865 etsi
1016 3821 1071 3861 non
1092 3807 1173 3862 finem
1193 3822 1285 3874 snum,
1309 3815 1428 3862 attamen
1442 3805 1612 3875 refrigerium
1637 3821 1730 3872 sunm,

105 3886 276 3944 consimilem
289 3904 368 3945 snam
394 3890 488 3948 horret
503 3893 710 3960 conscientiam,
730 3893 816 3966 egent
831 3908 892 3951 eam
942 3914 978 3955 ne
992 3898 1107 3955 ulterius
1119 3912 1189 3953 rane
1202 3898 1390 3964 conturbetur,
1403 3897 1450 3953 sed
1474 3898 1510 3953 ita
1524 3897 1558 3953 de
1569 3897 1732 3954 remissione

103 3994 154 4051 per
180 3979 382 4040 confessionem
405 3993 434 4040 et
455 3984 620 4054 orationem,
645 3997 771 4058 totusque
794 3986 822 4042 in
838 3986 893 4044 alto
942 3999 1115 4062 peccatorum
1127 3988 1300 4057 certificetur,
1323 3989 1483 4061 prinsquam
1499 3989 1589 4056 abeat,
1600 3996 1632 4045 nt
1655 4004 1733 4045 secu·

104 4071 292 4143 suspenditur,
306 4090 393 4146 nsque
409 4076 475 4132 dnm
508 4092 556 4148 per
575 4093 668 4134 reram
704 4078 891 4149 penitentiam
942 4100 991 4141 rus
1007 4086 1042 4140 de
1066 4084 1137 4139 hona
1162 4084 1216 4138 llne
1240 4094 1302 4154 post
1316 4082 1416 4139 multas
1437 4082 1589 4138 anxietates
1615 4081 1730 4153 refrige-

104 4160 258 4219 desiccatur
271 4172 300 4219 et
308 4165 497 4223 mortificetur.
526 4166 572 4225 Sic
585 4168 735 4239 discipulos
746 4185 812 4226 suos
821 4171 893 4241 tipo·
942 4185 1018 4231 ratus
1032 4173 1113 4230 tinem
1128 4188 1208 4229 sunm
1223 4187 1286 4229 eum
1301 4171 1401 4244 gaudio
1418 4180 1565 4242 exspectet.
1587 4172 1729 4244 nitergo:

105 4255 193 4313 stolus
221 4256 307 4315 rolnit
326 4257 495 4329 mortificari,
520 4260 619 4333 quibos
644 4262 682 4318 ait
704 4280 712 4318 :
733 4261 893 4334 llortititate
979 4265 1062 4323 Vens.
1082 4267 1126 4321 ts.
1148 4265 1255 4321 Exaudi
1276 4265 1423 4321 orationem
1444 4281 1544 4333 meatu,
1557 4265 1679 4333 Domine,
1704 4278 1731 4320 ct

106 4348 222 4405 membra
260 4364 356 4419 uestra,
385 4367 444 4423 aaa
470 4361 623 4424 sunttuper
648 4363 756 4422 terrant,
773 4355 891 4425 [arnica-
942 4359 1152 4430 deprecationem
1176 4373 1271 4411 meant
1298 4354 1388 4427 Supra
1409 4370 1493 4411 orans
1518 4355 1603 4412 diri:
1630 4354 1731 4410 Norunt

97 4440 214 4511 mmm,
239 4444 447 4513 immunditiam,
468 4444 616 4513 libidinem,
652 4448 891 4518 concupiscentiam
907 4448 987 4519 [isar
1010 4448 1085 4515 mihi,
1108 4446 1230 4510 Domine,
1254 4446 1334 4516 prtem
1360 4461 1456 4499 meum.
1475 4443 1545 4501 Cum
1569 4447 1621 4502 boc
1642 4448 1729 4513 orari,

106 4531 205 4587 radam
225 4536 405 4590 tresnariam
423 4533 535 4607 (Caluus.
552 4552 593 4604 nr,
614 4536 653 4609 ι).
946 4541 1020 4598 alind
1043 4556 1093 4612 pro
1115 4539 1169 4595 alio
1185 4538 1287 4608 accepi,
1304 4536 1368 4608 quia
1384 4552 1433 4608 pro
1449 4521 1546 4594 notitia
1568 4539 1610 4610 rel
1622 4539 1732 4595 certitu»

146 4622 332 4681 Verumtamen
350 4642 415 4682 tane
433 4628 606 4685 conturbatur
620 4632 704 4688 omnis
719 4632 806 4689 lamo.
831 4632 891 4691 Etsi
945 4635 1010 4691 dine
1023 4633 1086 4689 tlnis
1097 4632 1150 4687 mei
1166 4630 1259 4699 accepi
1280 4628 1404 4683 notitiam
1418 4630 1453 4684 de
1467 4630 1570 4686 incerto
1583 4645 1643 4687 esse
1656 4646 1729 4697 meo,

105 4716 181 4773 omni
194 4717 324 4773 exercitio
343 4719 509 4789 penitentie
523 4737 553 4779 se
573 4722 691 4780 desiccet
716 4735 744 4782 et
757 4726 890 4783 euiscerat
945 4726 979 4782 de
997 4723 1142 4798 fragilitate
1154 4718 1314 4778 substantia
1334 4732 1411 4785 meae,
1432 4734 1494 4789 quae
1506 4727 1635 4790 unquam
1658 4720 1731 4775 nihi-

106 4815 189 4877 atque
212 4807 367 4877 martillect,
381 4810 447 4866 dum
469 4811 497 4867 in
518 4811 637 4884 imagine
647 4817 796 4884 pertransit
809 4817 891 4874 homo
946 4819 1002 4874 lum
1016 4823 1134 4873 estante
1147 4822 1184 4868 te.
1199 4809 1255 4876 Sic,
1267 4810 1307 4866 sic
1320 4824 1395 4865 eram
1407 4810 1574 4866 erudiendos
1583 4828 1631 4883 per
1641 4814 1730 4870 scien-

107 4895 135 4952 in
149 4896 259 4970 regione
275 4897 516 4968 dissimilitudinis,
537 4900 638 4958 trustra
650 4904 827 4961 conturbatur
841 4923 891 4962 cn·
946 4911 1011 4966 tiam
1026 4908 1161 4963 minorem
1176 4904 1210 4960 ad
1221 4902 1361 4960 sdenham
1373 4903 1505 4974 majorem
1521 4919 1590 4974 :per
1603 4906 1730 4961 notitiam

107 4986 186 5059 piens
199 4988 441 5059 implemrentrem
456 5009 513 5050 suae
525 4994 646 5050 avaritias
658 4996 692 5051 de
702 4995 819 5066 siliquis,
830 5012 892 5068 por·
945 5003 1002 5060 mei
1017 5002 1052 5058 ad
1064 4998 1188 5056 notitiam
1210 4997 1261 5065 tui,
1286 4996 1371 5064 Deus,
1384 4997 1433 5068 qui
1454 5013 1485 5054 es
1503 4997 1565 5054 ants
1583 5014 1670 5055 meus.
1695 4998 1730 5054 Et

107 5095 204 5138 “irum
217 5080 344 5150 cilitiis:
359 5084 473 5153 [rutilii.
490 5087 612 5158 inquam,
625 5088 812 5156 conturbatur,
826 5089 890 5160 quta
945 5096 1072 5152 ideonon
1087 5092 1145 5149 sine
1158 5105 1241 5146 cansa
1262 5088 1302 5145 ini
1316 5089 1417 5145 dilatus
1432 5089 1459 5144 in
1480 5089 1640 5160 primamea
1660 5091 1729 5161 peti-

109 5172 183 5230 unde
192 5176 310 5231 saturari
329 5185 357 5233 et
367 5178 474 5250 impleri
484 5180 569 5252 cupit,
586 5179 800 5252 indennnqnam
816 5191 891 5239 satu·
945 5188 1028 5252 tione,
1042 5184 1106 5256 qnia
1117 5183 1281 5240 desiderium
1294 5181 1379 5238 crerit
1395 5196 1429 5238 ex
1442 5180 1583 5247 dilatione,
1594 5182 1668 5253 quod
1678 5199 1729 5239 ex-

108 5268 214 5326 rabitnr
224 5283 402 5341 congregans,
415 5280 443 5329 et
463 5274 594 5345 ignorans
607 5274 653 5331 cui
668 5274 795 5332 dimittat.
821 5275 891 5345 Quia
944 5295 1082 5345 crescens,
1096 5286 1124 5335 ιι
1140 5277 1168 5332 in
1181 5277 1309 5348 lacrymis
1326 5275 1481 5346 liquescens
1494 5273 1594 5330 iterum
1609 5275 1729 5346 erumpit

108 5374 174 5432 erro
188 5359 364 5419 tuncimstra
385 5374 412 5419 et
423 5380 493 5422 nane
514 5367 693 5424 conturbatur
717 5367 745 5424 in
767 5368 891 5439 auaritia,
944 5374 973 5429 in
987 5371 1149 5436 orationem,
1163 5383 1226 5426 cum
1246 5367 1308 5423 dico
1324 5386 1331 5422 :
1350 5365 1458 5421 Ειιιιιιι
1471 5367 1616 5422 orationem
1631 5384 1727 5435 neam,

110 5468 172 5525 quas
186 5453 322 5511 interdum
345 5471 398 5512 non
426 5457 530 5516 obtinet
556 5460 711 5532 concupita,
732 5476 782 5517 nec
810 5462 892 5519 edam
944 5463 1065 5529 Domine,
1081 5472 1106 5516 ιι
1118 5463 1323 5532 deprecatranem
1335 5475 1420 5514 meam
1431 5475 1441 5514 :
1452 5487 1487 5499 -
1503 5460 1658 5529 oratiorum,
1673 5473 1728 5530 qua

109 5561 219 5605 serrare
230 5547 303 5605 ualet
319 5549 463 5620 acquisita,
474 5549 548 5621 lusto
559 5553 663 5624 judicio
674 5552 772 5626 agitur,
786 5562 817 5610 nt
830 5570 893 5626 pro-
944 5556 972 5612 in
984 5556 1053 5612 rotis
1064 5556 1116 5627 piis
1127 5562 1191 5624 opto
1206 5553 1307 5609 bonum
1320 5552 1417 5620 linem;
1442 5551 1660 5623 damnationem,
1673 5567 1729 5625 qna

109 5651 169 5712 pter
181 5639 352 5714 inquitatem
372 5652 567 5714 conspumat
587 5645 727 5703 tabescens
750 5646 894 5704 velutara·
944 5648 1046 5705 malum
1064 5648 1146 5703 butem
1167 5645 1296 5701 denotare
1318 5658 1374 5700 non
1397 5658 1493 5712 cesso,
1517 5644 1637 5717 quandiu
1649 5644 1729 5702 illum

110 5745 164 5794 uta
176 5733 508 5797 interdumtimeatetiam
519 5750 572 5796 non
586 5736 712 5797 timenda.
729 5737 761 5795 Et
773 5738 813 5799 sic
826 5755 894 5799 rane
944 5741 1037 5800 timeo.
1055 5739 1162 5798 Βιιιιιιι
1180 5737 1263 5796 tinem
1287 5752 1347 5810 oro,
1374 5747 1405 5797 ιιι
1431 5736 1537 5808 reniam
1562 5738 1663 5800 malum
1677 5737 1728 5796 de·
