3817 6000
122 208 182 283 W
868 212 1060 285 bbtss’ittbss.
1717 232 1774 305 370

120 329 204 404 quod
222 324 331 389 bomini
349 328 485 389 mantiae
497 332 601 404 innata,
616 344 644 391 et
656 333 712 392 beo
726 345 800 394 esset
826 338 926 395 huma-
942 362 965 416 Α
979 358 1041 399 rum
1056 344 1099 401 vet
1118 345 1203 402 trium
1223 344 1297 404 sedis
1310 347 1469 421 apostatice
1481 354 1640 425 pmttiicam
1654 370 1707 418 stet
1718 374 1772 434 pro

124 423 201 479 ains
214 424 294 480 snitu
309 424 436 490 isonam
447 425 667 496 subsistentiam,
683 429 710 484 in
727 445 812 485 unum
826 446 924 501 panem
977 451 1021 491 nte
1042 438 1155 494 emitum
1169 439 1319 497 testimonii
1341 443 1406 499 boni
1416 446 1491 516 pund
1515 445 1663 522 intringere
1676 455 1770 512 nnun-

124 516 245 585 virnm,
264 512 293 571 in
311 526 400 572 unum
418 517 549 585 eiectum,
577 520 714 577 inunum
746 524 924 580 mediatorem
977 534 1022 581 nur
1041 527 1166 599 maiores
1190 539 1310 604 tenrpore
1325 535 1482 593 setintastici
1506 540 1697 613 etseirnlancs,
1721 561 1771 617 pn·

123 601 175 664 bei
192 617 219 665 et
229 608 386 677 bominum,
401 619 496 667 sancte
510 610 635 668 Romana
648 612 768 671 Ecclesia
780 615 849 671 mibi
860 616 926 672 asti·
976 621 1069 677 omnia
1085 621 1140 678 iilis
1161 624 1330 693 censendus,
1346 628 1380 683 de
1402 629 1504 699 qnibus
1527 633 1565 688 ait
1583 633 1679 693 besam
1694 635 1768 695 iob:

125 701 171 770 tit,
192 716 339 774 mamque
357 702 440 759 tidem
460 703 576 761 tideiiter
593 707 790 777 approbaritin
807 717 923 778 tantum,
977 711 1157 770 Nenenetem
1177 716 1299 772 derident
1322 734 1363 775 ons
1379 720 1501 790 jarrimes
1519 733 1769 799 temperassemus

126 805 158 852 ut
168 804 235 852 esna
253 804 348 866 postea
363 795 511 866 pradinas
524 796 612 853 tuan
624 796 714 855 iaetus
726 810 851 871 apostata
863 801 925 858 inis-
976 820 1027 860 non
1040 804 1173 878 mensim
1190 817 1281 878 potres
1296 826 1392 881 ponem
1410 829 1471 867 carn
1488 815 1599 870 contine
1612 818 1699 890 presio
1715 820 1769 876 treet

126 897 169 946 set
185 888 213 944 in
227 887 367 959 Apuliam,
381 888 484 945 diceret
500 890 653 947 mitrimrns
667 893 859 962 cardinaiium,
880 909 925 951 re-
976 892 1040 966 (tot
1065 895 1143 968 aaa).
1165 895 1268 969 Nempe
1289 901 1386 971 optimi
1410 914 1509 970 canes,
1534 905 1602 962 beue
1624 908 1768 981 tonantes,

125 989 171 1035 ete
187 980 264 1035 ittunr
281 994 332 1051 pm
347 994 399 1034 soa
413 981 526 1050 pertidia
546 981 672 1037 relictum
691 1000 706 1038 a
722 984 845 1042 Cirristo.
871 984 924 1042 Gai
975 998 1054 1041 mart
1067 989 1212 1057 pmnoett
1226 991 1383 1061 apostoticae
1395 993 1470 1050 sedis
1480 996 1632 1065 pnrrtitices,
1646 1016 1768 1071 quorem

125 1087 180 1144 ego
206 1073 365 1144 respondi:
387 1071 552 1129 Benedictus
577 1072 712 1132 Dominus
740 1092 818 1133 mens
845 1076 924 1136 lesus
973 1078 1256 1150 tstesmteptnote.

125 1163 267 1233 Cernens,
280 1166 327 1239 qui
340 1165 409 1221 mihi
424 1173 499 1221 totus
509 1175 552 1221 est
566 1165 639 1223 Deus
651 1184 705 1221 non
721 1167 872 1237 ditnidius,
893 1178 924 1226 ut
1005 1172 1022 1220 ‘e
1034 1168 1201 1228 Caelestinus
1214 1173 1372 1244 episeopus,
1381 1190 1480 1234 servm
1490 1194 1632 1236 sertorum
1646 1180 1706 1250 bei,
1724 1184 1768 1240 dt-

126 1256 174 1312 ttte
188 1258 285 1337 soluit.
298 1257 351 1324 Qui
375 1257 508 1328 quonium
527 1258 679 1315 semideum
698 1260 784 1317 coluit
803 1276 858 1316 nnn
873 1261 924 1318 its·
974 1258 1045 1315 tecto
1062 1261 1120 1317 iiio
1131 1260 1166 1317 G.
1181 1260 1424 1337 Riebersperpensi
1445 1270 1595 1341 preposito
1606 1272 1723 1330 satutem
1739 1283 1768 1331 ot

126 1346 307 1405 bcnsverom
320 1347 476 1417 Christum,
491 1358 579 1407 totum
602 1350 703 1418 iteum
719 1360 807 1408 tntum
831 1353 922 1409 tronti·
974 1351 1152 1422 spnstniicom
1172 1351 1403 1412 benedictionem.

126 1455 203 1509 nem,
215 1442 279 1513 jure
291 1443 441 1499 derelictus
454 1452 496 1499 est
511 1443 586 1499 iltius
597 1445 738 1516 potestati,
753 1445 799 1516 quei
817 1455 860 1502 est
875 1462 924 1518 pa·
1013 1462 1023 1496 r
1040 1441 1130 1513 Super
1141 1444 1376 1504 tributantibuset
1389 1451 1534 1523 morantiis,
1550 1469 1620 1526 qnae
1633 1471 1685 1528 pro
1692 1458 1767 1516 nort.

125 1543 172 1590 ter
191 1534 335 1591 mendacii.
352 1533 394 1589 tte
411 1543 502 1591 auum
525 1536 567 1593 sni
581 1536 669 1607 gratia
693 1553 772 1593 meus
789 1537 923 1596 Dominus
973 1535 1039 1592 tatis
1050 1545 1078 1592 et
1089 1536 1204 1608 tarentin
1220 1539 1384 1607 assertione,
1395 1541 1486 1598 dilecti
1500 1543 1550 1600 iiiii
1562 1547 1693 1605 nnmriG.
1708 1550 1767 1608 dia·

126 1624 210 1682 iesus
224 1623 353 1683 cbristus
365 1636 439 1683 totus
457 1626 541 1695 bees,
557 1636 630 1685 totus
645 1629 729 1685 homo
750 1631 923 1687 entrserratit
974 1630 1037 1686 ceni
1049 1630 1198 1688 mediantis
1208 1638 1393 1705 attestatione,
1406 1647 1433 1694 tc
1448 1640 1585 1699 sustinere
1596 1647 1764 1717 aecepimm,

126 1719 157 1775 iu
172 1733 236 1775 men
249 1718 407 1791 proposito,
421 1727 518 1789 potetis
531 1718 613 1773 ctiam
628 1734 791 1776 conservare
807 1736 852 1778 me
873 1738 923 1779 ns·
938 1720 960 1778 B
974 1733 1086 1793 patema
1100 1723 1148 1779 tibi
1161 1725 1304 1783 affectione
1317 1731 1512 1800 compatimur,
1526 1742 1555 1790 et
1569 1734 1596 1789 in
1609 1736 1710 1808 quibus
1719 1752 1767 1795 se·

125 1827 181 1882 que
202 1813 231 1867 in
255 1811 336 1866 tinem
359 1810 419 1867 sine
442 1811 558 1868 erimine
569 1812 596 1866 iu
611 1811 666 1868 irie
682 1813 739 1881 itia,
758 1829 841 1885 qrratn
853 1830 922 1872 con·
973 1819 1093 1870 eundum
1111 1814 1197 1872 Deum
1208 1820 1367 1889 possumus,
1380 1836 1459 1892 οροιιι
1472 1824 1520 1879 tibi
1534 1833 1563 1881 et
1574 1828 1721 1885 consitium
1732 1828 1767 1886 tt-

126 1902 218 1959 tessus
228 1912 272 1959 est
281 1901 389 1970 Petrus,
402 1903 446 1957 cui
464 1911 549 1974 porta·
562 1902 642 1958 interi
655 1918 713 1959 non
724 1905 920 1975 prenateuuor.
973 1904 1070 1963 benten
1090 1907 1284 1979 impendimus.
1305 1912 1335 1968 ln
1351 1915 1452 1985 quibes
1469 1925 1546 1974 tauto
1570 1919 1702 1991 majorem
1716 1936 1767 1994 ps·

125 1993 199 2051 Ecce
214 1997 337 2051 scermdo
352 2012 415 2051 cunr
440 1997 600 2051 anxiaretur
614 2012 664 2052 cor
678 1990 781 2067 meum,
803 1999 830 2055 in
844 2008 921 2072 petra
970 1999 1096 2055 timotiam
1110 2009 1138 2056 te
1148 2011 1256 2072 oportet
1270 2004 1383 2072 habers,
1393 2017 1500 2078 quanto
1513 2010 1615 2069 certius
1631 2021 1674 2068 est
1688 2018 1765 2071 teum

124 2088 258 2145 exaltarit
273 2105 316 2143 tne
331 2088 474 2145 Dorrrinos.
972 2090 1137 2148 industriam
1161 2094 1272 2151 easdem
1299 2099 1505 2168 persecutiones
1529 2117 1580 2173 pro
1605 2103 1766 2160 defensione

163 2179 257 2236 'denia
271 2181 331 2238 rice
345 2181 372 2237 in
388 2181 536 2239 schismate
549 2180 623 2238 Petri
637 2181 820 2251 tenuissem
832 2198 923 2241 meet*
969 2182 1084 2253 institia
1100 2185 1249 2243 sustinere.
1266 2186 1326 2244 Seis
1342 2191 1416 2244 enim
1437 2205 1765 2261 emmerammenses

125 2272 207 2329 dotes
217 2274 246 2328 in
256 2272 406 2329 schismate
419 2273 607 2331 sacritieantes
622 2275 786 2332 assirnrarcm
798 2291 853 2332 nnn
869 2277 921 2333 ba·
971 2273 1123 2344 insolitum,
1139 2277 1214 2347 qued
1236 2278 1313 2349 juxta
1336 2280 1510 2350 Apostnhtm,
1533 2283 1581 2354 qui
1603 2284 1647 2355 pie
1669 2286 1765 2343 uniunt

125 2368 193 2425 berc
211 2382 314 2437 comus
337 2364 456 2434 bomini,
473 2381 506 2422 en
517 2367 591 2440 qnod
607 2368 635 2423 in
649 2368 709 2441 iege
727 2367 838 2425 Domini
855 2386 920 2442 pro-
972 2365 1063 2421 titere
1076 2365 1104 2421 in
1124 2366 1250 2434 Christo,
1265 2371 1484 2439 pemeerrtionen
1500 2375 1643 2445 patiuntur
1665 2377 1701 2432 ab
1712 2377 1765 2431 im·

124 2459 289 2515 biberentur
307 2472 405 2514 cantes
424 2457 487 2529 agui
506 2456 597 2514 ederri
617 2457 717 2528 ieras,
737 2476 799 2531 quac
818 2462 845 2517 in
864 2477 920 2518 una
969 2454 1026 2526 ΡΙῑθ
1049 2463 1078 2511 et
1100 2455 1292 2515 dissimilibus.
1317 2457 1393 2526 Qtt⁰t
1416 2460 1552 2518 ttomtnon
1565 2463 1594 2519 in
1617 2462 1765 2537 evangetio

123 2553 211 2609 donin
229 2561 294 2608 sunt
312 2552 506 2619 contenente,
532 2567 595 2622 qttae
614 2551 714 2609 duratus
732 2568 787 2608 una
808 2553 919 2609 univer·
970 2546 1129 2603 cnusniator
1138 2548 1333 2606 bcatitudinem
1344 2560 1474 2608 aeternam
1486 2553 1540 2610 iilis
1550 2557 1762 2625 repromittens:

124 2643 194 2698 satis
214 2641 336 2698 Ecclesia
355 2652 417 2709 est,
437 2643 465 2697 in
483 2658 549 2714 qua,
569 2658 632 2698 curru
657 2642 720 2714 quis
750 2646 830 2715 culpa
861 2645 919 2701 esi·
970 2637 1246 2712 unanimantem
1268 2643 1474 2711 persecutionem
1495 2646 1636 2714 patienter
1655 2656 1764 2716 menter

124 2744 207 2808 gerite
220 2735 344 2807 privatus
358 2734 449 2790 udicio
463 2736 641 2803 sacerdotati,
657 2752 711 2792 tion
724 2737 812 2808 pessit
831 2738 919 2792 corod—
965 2728 1105 2800 justitient
1122 2729 1232 2801 (nont.
1246 2733 1285 2803 V)-
1310 2730 1367 2788 N⁰⁸
1387 2742 1480 2790 tanam
1494 2730 1544 2805 ΡΝ
1566 2735 1659 2793 debito
1680 2736 1763 2795 offitii

123 2843 188 2884 cere
202 2843 296 2883 uerum
313 2826 498 2893 sacrificium,
517 2828 697 2883 sacriticando
711 2826 836 2885 riddieet
849 2844 920 2900 pree·
969 2822 1058 2878 nostri
1082 2822 1189 2879 emulis
1212 2824 1267 2880 tuis
1292 2823 1416 2889 nituisse,
1433 2837 1461 2881 ct
1492 2841 1609 2884 cerasum
1632 2830 1762 2886 ecetesia-

123 2930 167 2977 ter
186 2920 316 2987 odicium,
333 2920 420 2975 muno
440 2918 532 2975 miurus
548 2929 624 2975 estro
643 2916 793 2976 Ecclesiam
813 2920 919 2977 saerid·
969 2914 1038 2969 stica
1049 2928 1098 2971 eos
1108 2914 1237 2971 cohibete
1250 2915 1388 2973 tolentes·
1404 2915 1483 2973 Uttde
1494 2921 1697 2990 pcrpraesentia
1712 2922 1761 2978 tibi

123 3029 193 3069 cans
211 3013 311 3069 odurre
329 3013 400 3068 natet
418 3028 517 3083 paoem
541 3012 656 3079 uirum,
680 3013 715 3069 de
741 3028 798 3085 quo
820 3023 953 3123 saunac
969 3007 1072 3078 scripta
1098 3008 1274 3076 mandamus,
1297 3018 1434 3080 eumenus
1458 3011 1585 3081 proxima
1609 3014 1759 3084 dominica,

122 3106 193 3161 sirit
217 3104 359 3172 Ecclesia,
382 3105 501 3160 mortuis
526 3105 639 3160 nnruino
665 3105 700 3161 ab
722 3105 767 3161 iiia
794 3106 916 3177 praecisis
967 3114 1022 3170 qua
1037 3098 1136 3172 tegitur
1150 3118 1159 3155 t
1171 3098 1229 3171 Epo
1245 3116 1304 3156 osne
1325 3111 1418 3171 postor
1437 3100 1520 3158 ionas
1535 3103 1626 3178 (loen.
1642 3107 1693 3177 st),
1708 3120 1760 3162 ne·

123 3196 205 3267 culpa
222 3196 269 3251 tati
283 3196 418 3267 exigente,
440 3211 524 3266 quam
538 3196 694 3263 treedcbct,
709 3206 860 3267 nccpotcst
874 3196 917 3253 in·
965 3193 1518 3268 troteeompeemtrepraesentes,uaper
1542 3198 1661 3271 teipsum
1675 3214 1760 3257 musa

124 3295 170 3343 tus
189 3286 313 3344 Ecclesia
332 3287 462 3344 tolerare.
482 3286 506 3346 0
524 3298 643 3359 quatuos
662 3288 691 3344 iu
711 3287 763 3342 bae
780 3290 915 3345 smrteutia
965 3283 1074 3354 pieniss
1083 3284 1193 3354 tognita
1205 3284 1291 3356 quieti
1302 3294 1331 3342 et
1342 3286 1596 3358 tranquillitatitue
1604 3290 1759 3361 providere,

122 3380 279 3437 counradus
309 3379 418 3436 babai!
452 3377 505 3436 Sed
524 3381 670 3436 assistente
687 3378 755 3434 nriiti
775 3387 839 3435 tunc
858 3378 916 3435 iio·
965 3376 1191 3433 etsieutdiiccts
1210 3377 1432 3449 iiiinopportone
1445 3380 1495 3436 tibi
1508 3380 1760 3441 nonannoeane·-

123 3491 208 3531 mauo
231 3475 360 3546 pontiden
388 3476 474 3532 beatae
498 3474 641 3531 meminis
661 3489 729 3545 papa
758 3472 916 3529 irrnncentie
964 3483 1040 3526 mus.

120 3567 164 3622 sic
193 3567 335 3638 triumpho
372 3566 493 3637 potitus,
521 3568 550 3621 iu
583 3574 659 3637 petra
689 3567 727 3621 tui
758 3565 914 3633 exaltatus,
1004 3561 1129 3617 abatem
1141 3560 1280 3630 Laterani,
1296 3572 1372 3620 sexta
1393 3563 1531 3623 iiaiettdes
1543 3564 1728 3624 februarii.»

120 3669 154 3715 ut
172 3657 273 3714 bornen
303 3657 405 3715 iitisum
424 3657 519 3715 domiti
538 3674 606 3714 ntem
633 3672 689 3715 non
715 3673 776 3713 earu
796 3657 915 3722 potnerit
1005 3671 1015 3705 t
1033 3652 1145 3718 latetis.
1156 3654 1474 3724 wenemecumbe,
1487 3657 1690 3713 reamabiiibus
1702 3659 1759 3714 ita·

121 3767 244 3810 movere,
961 3743 1097 3799 meust).
1110 3741 1305 3815 Saiabumcnsi
1316 3745 1524 3818 orcnnptseopo
1534 3757 1561 3803 et
1577 3747 1610 3803 u.
1621 3749 1757 3806 Gurcensi

157 3840 282 3915 Longum
293 3851 367 3898 esset
378 3856 541 3899 enumerare
551 3856 634 3912 quam
646 3855 729 3912 sepe,
741 3855 804 3896 com
817 3839 915 3896 ansia-
962 3835 1094 3906 episeopo
1114 3835 1233 3892 sadotem
1255 3846 1284 3893 et
1303 3838 1481 3908 apostoticam
1497 3838 1728 3896 benedictiones.

119 3943 199 3991 retur
221 3948 271 3989 cnr
288 3949 395 3997 metum,
415 3933 444 3987 in
463 3943 540 4005 petra
559 3932 690 3988 exaltavit
712 3947 756 3988 rue
780 3930 914 3988 maninus
1003 3925 1414 3998 tbeuinttemtdtttnstniintnt
1425 3929 1517 3985 emen
1527 3928 1756 3989 ditentumiiimn

119 4041 172 4098 per
184 4039 361 4082 successores
373 4022 447 4081 Petri
461 4022 623 4092 Honorinum,
637 4023 771 4091 Lucium,
785 4022 913 4080 Coeiesti·
962 4030 1090 4077 nostrum
1101 4019 1138 4075 G.
1153 4017 1430 4091 iiieberspergensmn
1450 4022 1627 4093 praepositam
1642 4033 1756 4095 paterna

118 4132 198 4185 nem,
213 4116 315 4188 quibam
332 4115 541 4172 exitortantibus
566 4126 595 4171 et
617 4114 838 4172 confortantibus
857 4128 912 4170 non
963 4112 1131 4184 benignitate
1146 4112 1330 4184 suscepimus,
1353 4122 1381 4168 et
1402 4127 1452 4184 pro
1471 4112 1651 4185 religionem
1672 4115 1756 4172 nore

115 4208 297 4265 solummodo
308 4208 462 4279 loquendo,
480 4207 623 4263 sedetiam
644 4207 788 4263 scribendo
801 4206 912 4262 abusio·
961 4213 1033 4261 state
1048 4219 1098 4261 sua
1111 4219 1257 4276 personum
1268 4204 1329 4275 eius
1349 4204 1517 4261 ironorantes
1530 4221 1594 4261 cum
1607 4207 1695 4279 matis
1706 4222 1754 4263 se·

117 4298 202 4354 nibus
215 4306 245 4353 et
258 4297 427 4354 iteritatibus
438 4297 531 4368 prauis
545 4297 658 4353 ebriare
674 4297 778 4363 studui,
798 4310 831 4351 ex
849 4295 912 4367 qut·
961 4298 1006 4354 dis
1022 4298 1181 4369 npnentee
1199 4298 1234 4355 ad
1249 4299 1359 4370 propria
1372 4298 1540 4357 remisimus.
1556 4297 1648 4370 ipsum
1661 4301 1756 4372 itaque

115 4389 170 4444 bus
193 4387 333 4444 meritasin
353 4403 439 4443 onom
453 4387 591 4459 congessi,
613 4388 702 4458 primo
713 4387 741 4441 in
753 4387 909 4457 dispositio·
924 4398 948 4455 p
963 4389 1234 4447 nestraeiraternitati
1243 4391 1377 4448 attentius
1386 4392 1610 4449 commendantes
1621 4407 1669 4464 per
1681 4409 1755 4465 pra·-

117 4495 151 4533 ιιι
177 4477 275 4549 panteni
300 4478 459 4550 sexoqesimi
477 4478 586 4549 ononi,
604 4493 689 4548 quam
708 4492 829 4548 presens
847 4477 910 4533 dedi
962 4481 1051 4538 sentia
1065 4480 1167 4553 scripta
1187 4482 1361 4548 maridamus,
1376 4491 1514 4555 quatenus
1528 4484 1601 4541 sinat
1620 4484 1755 4542 boemones

116 4579 222 4627 sanctae
241 4570 441 4627 roenrmtimtis
460 4586 537 4641 paprc
557 4569 694 4642 Eugenio,
723 4585 806 4640 quam
825 4568 909 4625 etiam
962 4574 1075 4631 obtentu
1091 4574 1178 4631 soiius
1196 4574 1380 4647 religioniset
1392 4576 1545 4633 honestatis
1559 4576 1623 4648 elas
1634 4575 1753 4644 fecistis,

115 4670 214 4734 postea
228 4661 293 4718 dedi
310 4661 423 4718 domino
447 4659 567 4718 Berrmm
593 4661 727 4717 cardinali
750 4669 909 4717 sanctorum
960 4682 1011 4738 prn
1022 4666 1094 4722 beati
1104 4664 1178 4722 Petri
1191 4675 1220 4723 et
1231 4674 1326 4723 nostra
1341 4668 1493 4725 reneretrtta
1504 4668 1538 4725 de
1547 4677 1648 4725 σείετο
1661 4670 1752 4740 ipsum

116 4752 359 4823 iistietdcbiiiei,
372 4755 551 4825 appretiatum
567 4753 636 4810 satis
651 4753 757 4824 abipso
768 4769 837 4824 papa
852 4752 909 4808 Eu·
960 4755 1112 4822 borrnretis,
1140 4764 1168 4812 ct
1190 4755 1320 4828 diligatis,
1338 4764 1366 4812 et
1392 4756 1420 4812 in
1443 4757 1652 4815 mcessimtibus
1671 4773 1752 4830 οροω

114 4847 297 4920 μιιὶο,οιιὶοῑ
308 4847 361 4902 aiia
372 4855 438 4902 tone
450 4846 552 4918 scripta
564 4844 637 4914 misi,
646 4860 798 4917 quaequam
808 4845 910 4901 inerint
960 4845 1012 4903 sibi
1022 4855 1050 4903 et
1063 4845 1363 4904 eonsilium'tribuatis.
1382 4867 1393 4901 a

113 4939 143 4996 ei
153 4938 344 5010 acceptabilia,
358 4940 420 5010 ejus
431 4947 602 4996 contestatur
615 4937 749 5009 epistota,
764 4939 845 5011 eujus
864 4938 909 4996 bio
994 4939 1084 4998 beate
1093 4954 1203 5012 quoque
1223 4939 1362 4997 memoriae
1371 4953 1449 5013 papae
1462 4941 1584 4999 Adriano
1596 4940 1661 4999 misi
1677 4957 1750 5014 opu·

113 5036 208 5087 textus
219 5040 282 5086 est:
959 5033 1068 5090 scuium
1082 5039 1178 5089 contra
1195 5032 1330 5089 novitates
1352 5042 1380 5088 et
1400 5034 1549 5091 abusiones
1561 5049 1661 5105 prunas
1682 5050 1750 5091 con·

155 5141 165 5175 n
181 5119 315 5178 Eusenos
326 5121 483 5194 episcopus,
496 5135 593 5178 sertus
611 5134 755 5177 sertorum
766 5118 824 5186 Dei,
836 5119 906 5176 diie-
960 5131 1075 5179 textum
1090 5122 1132 5178 ad
1152 5123 1226 5193 quod
1237 5123 1301 5179 iicet
1312 5123 1380 5179 nihii
1398 5124 1570 5195 responderit
1582 5126 1696 5195 scripto,
1710 5133 1738 5179 at

112 5222 160 5271 eto
184 5213 241 5269 iiiio
261 5213 295 5270 n.
315 5212 558 5286 iiicberspergensi
580 5212 730 5284 praepositn
750 5211 908 5267 salutemet
957 5224 1049 5272 tamen
1072 5214 1148 5272 dieto
1161 5214 1228 5272 iiind
1252 5215 1423 5286 approbarit,
1446 5216 1570 5287 mibiqne
1590 5216 1707 5272 satutem
1720 5224 1748 5271 ct

113 5307 294 5379 apostoticam
309 5306 535 5363 benedictiorem.
558 5302 665 5377 Scripta
682 5303 838 5361 denotionis
854 5312 907 5362 tun
957 5307 1136 5379 apostoticam
1153 5306 1372 5362 benedictionem
1395 5306 1471 5363 dnn
1491 5307 1573 5363 nmini
1594 5315 1621 5361 et
1643 5307 1748 5375 scripto

111 5401 231 5471 benigue
244 5398 426 5470 suscepimus,
449 5417 461 5451 o
481 5407 535 5453 etc.
956 5397 1108 5465 mandam,
1123 5396 1489 5468 nequeaiinuidinscriptn
1501 5411 1566 5452 men
1578 5395 1744 5465 reprobent.

148 5490 311 5548 Consonant
326 5490 390 5547 troie
408 5491 531 5561 epistotae
549 5488 610 5545 ntiae
627 5502 739 5560 quoque
752 5486 788 5543 ad
802 5501 857 5549 me.
873 5499 906 5542 ae
956 5488 1061 5544 Exinde
1071 5495 1152 5543 aurete
1162 5488 1231 5543 anibi
1244 5487 1345 5542 dducia
1357 5484 1670 5556 innuendietoeribendi
1682 5499 1748 5540 eon·

113 5599 166 5657 pro
179 5599 225 5641 me
243 5581 353 5640 directae
366 5599 382 5639 a
394 5583 458 5640 sede
471 5579 632 5654 apostoliea,
647 5579 764 5653 quarum
781 5578 906 5652 pturitnn
956 5589 998 5636 tra
1010 5591 1097 5635 nuens
1114 5577 1304 5643 inuttnianos,
1316 5576 1513 5643 Pontianistes,
1525 5586 1553 5634 et
1565 5574 1746 5666 Nestorianos

112 5674 309 5751 pretermissis
320 5675 391 5732 duas
403 5673 493 5730 adime
507 5676 660 5740 adnectam,
678 5682 708 5729 ut
728 5674 756 5729 in
772 5687 819 5729 ore
832 5671 903 5726 duo·
955 5680 1038 5742 atque
1049 5667 1233 5737 Bmtunurtas,
1246 5667 1279 5722 de
1289 5665 1392 5722 scirobs
1403 5665 1516 5724 ttseotts
1526 5666 1678 5733 uenientes.
1691 5663 1743 5722 sii·
