3817 6000
89 242 163 303 tisri
385 236 664 299 cuttrlssutuullitl
685 237 717 293 ΙΝ
737 234 906 291 PSALilOS.
926 264 962 275 -
980 230 1070 289 raus
1089 232 1123 290 ι’.
1143 260 1177 273 -
1194 232 1293 289 usae.
1313 232 1415 288 iulii.
1650 227 1717 290 isat

85 374 121 415 so
140 354 285 426 rnctropull
308 354 416 411 larmir
441 355 468 411 di
504 363 558 410 tur.
581 353 635 408 lilii
652 352 787 408 allirmant
808 365 870 407 esse
892 346 1163 414 AestDrusuortcr.
1180 347 1279 404 'lotum
1293 349 1395 420 quippe
1416 360 1442 406 et
1464 350 1500 405 itu
1513 351 1613 408 lactum
1628 364 1671 411 cst
1689 355 1716 408 iu

80 446 297 519 Carthaginem,
311 446 449 516 quoeolim
464 372 536 502 Rota
563 454 606 501 est
634 442 753 510 Tharria,
771 441 872 513 inclyta
929 440 1127 497 constitutione
1150 441 1289 509 Ecclesiae,
1310 451 1340 497 ut
1362 444 1501 514 propbeta
1523 445 1716 516 praedixerunt.

79 541 201 596 cruribus
214 536 346 594 alildorre
356 537 481 594 adductis
505 546 534 593 ct
550 536 658 609 egregia
678 533 873 608 negotiationi·
924 533 963 590 ue
982 549 1036 606 qua
1054 533 1182 591 subditur
1203 552 1209 589 ;
1230 534 1301 592 licus
1323 536 1445 607 [amarit
1470 554 1527 592 cam
1546 539 1572 592 iu
1590 549 1717 595 eternum

80 631 148 687 bus.
175 629 237 685 linc
261 629 359 685 ciuitas
376 626 810 700 absquedubioestlriclirrrric
829 639 875 695 ap·
924 641 1096 682 mansuram.
1135 625 1282 699 Babylonia
1305 627 1458 696 interibit,
1492 627 1588 686 ciuitas
1614 629 1661 686 liei
1689 630 1717 687 in

82 723 206 793 pellata,
228 720 292 792 quia
305 731 333 776 et
345 721 381 776 ab
400 720 595 791 interpretibus
615 718 650 780 de
667 717 736 774 lsaia
756 726 784 773 et
804 716 874 772 Eze·
929 728 1063 775 aternum
1090 717 1183 774 stabit.
1207 716 1240 774 Et
1265 719 1384 790 qualiter
1409 720 1445 777 sit
1470 719 1607 791 lundata,
1634 738 1719 797 erpo·

83 815 174 871 ebielc
194 813 334 885 Carthago
359 826 400 869 εει
427 811 536 867 Tirrrsir
562 811 704 868 translata.
733 809 875 882 Siquilicat
926 811 1037 868 nitur:

83 916 178 961 autem
193 904 344 976 superbam
357 905 475 976 qratiam
488 946 496 971 ,
511 919 573 975 quac
598 912 689 975 sperat
712 903 740 958 lu
769 902 875 958 incerto
962 902 1046 961 iens.
1065 904 1108 961 tu.
1125 904 1306 976 suscepimus,
1321 903 1402 975 Dera,
1418 905 1630 963 miscricordiam
1643 918 1718 963 tuam

82 998 241 1053 divitiarum
264 1007 292 1054 et
309 995 503 1052 circumfertur
535 1004 617 1052 rento
639 993 875 1065 eoncupiscentia-
925 995 954 1051 in
972 985 1063 1050 medio·
1074 994 1164 1066 tempii
1180 996 1231 1053 rui.
1249 993 1393 1066 Templum
1409 996 1458 1053 liei
1479 1013 1616 1071 synagoga
1638 999 1720 1075 intel·

81 1107 156 1146 rum.
167 1092 221 1146 Sed
231 1090 365 1146 Dominus
379 1106 457 1143 raras
470 1086 579 1144 Tharais
597 1089 625 1143 in
638 1088 734 1157 spirits
748 1095 874 1152 conteret,
927 1088 1033 1160 ligitur,
1049 1089 1131 1158 eujus
1145 1089 1261 1143 medinm
1282 1087 1435 1146 Jerusalem
1451 1090 1597 1162 accipitur,
1621 1091 1717 1163 inqua

83 1184 262 1255 quandoper
278 1183 394 1255 gratiam
411 1180 631 1252 Spiritussaocti
655 1180 876 1251 potentescaiiu·
927 1179 1147 1251 tenrplumluit,
1180 1180 1207 1234 in
1237 1195 1293 1251 quo
1316 1179 1389 1237 licus
1412 1180 1716 1239 aludaeiscnlelratur.

81 1293 131 1333 cas
144 1277 255 1332 dirutas
269 1286 297 1331 et
309 1275 404 1330 mundi
420 1273 519 1345 gaudia
535 1274 691 1344 despicere,
708 1270 757 1327 scd
773 1280 874 1326 aeterua
929 1269 1115 1327 Misericordia
1133 1269 1181 1325 liei
1201 1278 1260 1326 crat
1277 1269 1417 1336 cbristus,
1436 1273 1485 1343 qui
1503 1273 1537 1328 ad
1549 1273 1717 1330 liberandam

84 1376 217 1439 appetere
230 1367 339 1423 tribuit.
848 1389 853 1397 ·
927 1360 1099 1435 synagogam
1114 1369 1157 1419 cst
1169 1361 1281 1419 missus.
1306 1360 1381 1419 lianc
1394 1364 1604 1420 mirericordiam
1624 1376 1718 1438 gentes

120 1459 150 1513 ln
168 1458 282 1514 llebrmo
296 1457 395 1529 legitur
411 1474 418 1512 ε
434 1456 467 1511 lrr
487 1466 563 1511 racto
586 1456 705 1510 urcdiaic
724 1456 874 1526 coainnqcr
925 1456 953 1510 in
967 1454 1155 1526 mediotcrrrpii
1174 1462 1364 1526 susceperunt,
1380 1454 1446 1510 dum
1462 1455 1603 1513 Christum
1623 1457 1652 1513 iu
1667 1458 1718 1531 Sp*

83 1566 164 1606 nucea
181 1549 308 1616 Tauriis,
330 1548 357 1604 id
371 1557 415 1604 est
428 1548 457 1603 in
470 1548 569 1605 timore
586 1546 649 1603 lorti
668 1547 769 1603 diuites
783 1546 876 1601 bumi·
927 1560 1035 1619 nagoga
1048 1556 1154 1612 natum,
1166 1545 1195 1600 in
1213 1543 1366 1602 ierusalem
1380 1545 1499 1605 bostiam
1512 1548 1601 1603 viram
1617 1547 1718 1606 imme·

82 1640 176 1697 linbis.
201 1638 312 1696 Tlurrir
335 1654 447 1711 quoque
470 1640 668 1710 interpretatur
690 1655 774 1705 orare,
790 1648 818 1695 ει
835 1638 875 1693 si·
928 1636 1037 1702 latum,
1066 1652 1115 1707 per
1148 1636 1227 1692 tidem
1255 1636 1376 1707 recipere
1392 1646 1562 1695 meruerunt.
1580 1638 1719 1710 lemnam

82 1733 195 1804 gnificat
215 1733 357 1788 saeculrun
390 1730 479 1787 Nares
513 1731 623 1785 Tharria
652 1739 717 1786 sunt
750 1729 874 1785 civitates
890 1715 1008 1785 Beiram
1031 1728 1079 1786 liei
1100 1730 1178 1802 virgo
1196 1729 1283 1785 llaria
1307 1729 1374 1796 luit,
1391 1731 1514 1801 incurius
1532 1733 1716 1793 mediomise-

82 1826 200 1893 rnurrdi,
229 1841 291 1897 quae
305 1824 436 1896 populum
450 1833 483 1881 ut
494 1841 572 1879 anam
589 1823 693 1879 uebuut
709 1822 737 1877 in
750 1821 875 1877 salossa-
924 1822 1044 1878 ricordia
1064 1821 1111 1878 liei
1124 1821 1251 1878 Christus
1263 1823 1290 1878 iu
1302 1836 1384 1878 carue
1403 1823 1494 1890 inruit,
1517 1840 1599 1895 quem
1624 1823 1717 1882 Eccle-

84 1917 151 1973 culi.
173 1915 276 1974 llarum
290 1916 488 1988 gubernatores
502 1923 567 1972 sunt
579 1914 728 1986 principes.
745 1911 811 1980 Quae
824 1928 875 1968 na⁴
923 1913 966 1969 sia
983 1913 1126 1984 suscepit,
1145 1914 1210 1969 dum
1227 1929 1291 1971 eum
1311 1914 1345 1969 de
1358 1913 1464 1985 uirgine
1475 1924 1571 1971 natum
1589 1916 1714 1973 credidit.

83 2022 133 2063 ves
151 2008 248 2076 spiritu
261 2008 403 2062 venementi
419 2015 608 2073 conteruntur,
630 2004 694 2060 dum
714 2005 796 2061 urbes
810 2018 873 2059 crrnr
925 2003 1062 2077 irruptum
1077 2022 1188 2079 quoque
1200 2005 1246 2061 bei
1270 2015 1312 2061 est
1329 2004 1468 2074 Ecclesia,
1494 2007 1575 2078 cujus
1600 2008 1716 2065 madium

82 2098 141 2154 suis
152 2096 324 2168 principibus
335 2112 382 2167 per
394 2095 526 2168 Spiritum
543 2104 669 2153 sancturn
680 2094 793 2150 Christe
805 2095 874 2150 sub·
925 2104 970 2152 est
983 2096 1154 2168 apostolicus
1166 2096 1234 2152 erdo
1257 2106 1285 2153 et
1306 2096 1353 2152 alii
1375 2096 1499 2170 perlecti,
1520 2098 1640 2157 ambitus
1654 2098 1716 2169 ejus

80 2188 226 2259 jiciuntur,
243 2188 286 2245 uel
306 2189 400 2245 lurore
422 2189 490 2261 justi
504 2188 601 2259 iudicii
616 2188 652 2243 ab
666 2187 791 2243 hostibus
805 2187 874 2243 sub·
925 2187 1087 2259 imperiecti.
1107 2188 1292 2244 Misericordia
1305 2198 1397 2245 autem
1409 2189 1456 2246 Dei
1471 2188 1589 2261 Smritus
1603 2202 1715 2248 sarretrrs

81 2291 236 2339 uertuntur.
925 2279 1097 2352 intelligitur,
1114 2282 1161 2353 qui
1179 2297 1235 2337 non
1246 2298 1280 2337 cx
1294 2281 1398 2346 debito,
1411 2281 1458 2340 sed
1474 2299 1507 2339 eu
1522 2284 1607 2355 gratia
1622 2286 1713 2343 datur.

119 2372 242 2431 Possunt
260 2383 289 2430 ει
308 2374 365 2431 bac
379 2373 414 2430 arl
432 2372 536 2430 Christi
561 2373 732 2429 nativitatem
764 2371 872 2429 reterri.
923 2369 988 2429 llaec
1008 2371 1192 2426 misericordia
1206 2373 1233 2427 in
1251 2371 1713 2444 mediumtcocplidescendit,rluru

80 2465 153 2521 Deua
173 2467 201 2521 in
221 2466 343 2522 domibus
363 2467 423 2538 ejus
439 2481 627 2539 consecretur,
660 2481 720 2520 cunr
749 2465 872 2535 curdpict
925 2462 1046 2535 Spiritus
1057 2474 1170 2521 sancius
1182 2464 1211 2523 in
1225 2464 1313 2538 igneis
1325 2465 1428 2539 linquis
1441 2481 1525 2537 super
1539 2467 1679 2537 apostulus
1688 2477 1715 2522 ct

80 2572 150 2623 eam,
171 2556 224 2613 boc
240 2565 301 2624 est,
318 2556 391 2613 Deus
406 2557 434 2611 iu
446 2556 556 2612 Christo
567 2556 721 2627 cognitusa
735 2555 871 2622 lidclibus,
924 2554 995 2613 alios
1008 2555 1150 2611 credentes
1163 2555 1248 2610 uenit.
1268 2555 1301 2611 lu
1318 2556 1403 2612 medio
1416 2556 1506 2628 tempii
1520 2557 1593 2615 banc
1609 2559 1714 2613 urircri-

81 2665 145 2704 eum
156 2664 266 2704 carnem
281 2649 403 2720 suscepit
417 2649 452 2702 ab
464 2649 633 2705 bominibus.
649 2647 682 2704 Et
693 2649 766 2704 unde
777 2651 873 2721 cogni·
923 2646 1043 2700 cordiam
1056 2655 1149 2717 genus
1161 2655 1352 2717 susceperunt,
1367 2647 1432 2702 dum
1445 2645 1577 2720 Spiritum
1589 2659 1713 2705 sanctum

82 2739 150 2794 tirsi
164 2738 297 2804 Quoniam
321 2756 379 2794 ecce
393 2755 476 2811 repca,
501 2739 606 2796 scilicet
631 2739 704 2810 magi
722 2741 874 2811 corrqreqati
923 2752 972 2808 per
987 2737 1128 2808 apostolos
1147 2737 1271 2807 accipere
1287 2745 1458 2793 meruerunt.
1484 2737 1603 2793 Medium
1628 2739 1712 2794 etiarn

81 2840 153 2896 ruat,
169 2840 197 2886 et
215 2841 389 2887 convenerant
403 2833 431 2887 irr
446 2848 528 2887 unam
547 2846 713 2888 consensum
735 2848 797 2887 cum
811 2847 872 2887 mu-
924 2828 1008 2898 hujus
1027 2824 1119 2898 tempii
1137 2827 1294 2884 sacerdotes
1309 2839 1385 2893 ειιιιι,
1396 2842 1446 2899 per
1458 2843 1577 2899 querunt
1593 2829 1715 2887 ministe-

81 2923 193 2979 neribus
204 2923 403 2980 adorareeum.
418 2922 469 2980 Vel
484 2924 623 2996 principes
646 2922 802 2983 Judaeornm
822 2940 872 2997 pec
923 2919 996 2974 rium
1007 2918 1090 2975 bodie
1104 2918 1197 2975 lidcies
1213 2916 1344 2989 Spiritum
1366 2927 1491 2975 sanctum
1506 2919 1655 2991 accipiunt,
1671 2919 1713 2974 rel

81 3012 215 3072 Herodem
230 3016 379 3087 ccaqrcqati
403 3024 481 3084 cant,
496 3025 526 3072 ut
540 3017 690 3086 inquireret
707 3017 796 3074 abeis
824 3005 868 3072 ibt
924 3016 1088 3086 poenitentcs
1118 3014 1329 3070 miscricordiam
1359 3012 1590 3070 reconciliationis
1621 3011 1712 3067 susci·

83 3107 212 3165 Christus
222 3107 450 3176 nasceretur.0ui
463 3119 637 3164 coamncrarrt
649 3111 675 3164 io
687 3127 769 3164 naum
781 3111 873 3168 ‹licen-
922 3106 1011 3184 pient.
1035 3104 1113 3161 liade
1130 3114 1158 3162 et
1171 3106 1198 3161 in
1214 3121 1330 3179 persona
1343 3105 1518 3162 sacerdotum
1534 3104 1579 3161 bic
1591 3104 1713 3175 psalmus

82 3209 123 3255 tes
134 3215 196 3254 eum
212 3199 240 3254 in
251 3197 408 3254 Bethlehem
423 3201 605 3256 nasciturum.
629 3199 869 3273 Conqrrqatirant,
923 3198 1041 3254 canitur.
1056 3197 1090 3271 Et
1102 3198 1281 3255 nibilominus
1302 3198 1428 3269 tempium
1450 3196 1498 3253 liei
1513 3197 1629 3268 quilibet
1644 3196 1711 3252 lide-

81 3301 112 3347 ut
124 3292 257 3360 dicerent,
270 3292 344 3361 quod
358 3291 483 3362 legerunt
508 3310 516 3346 ι
541 3293 571 3345 in
587 3309 670 3347 arram
684 3303 870 3360 conuenerunt,
921 3291 967 3359 lis,
979 3291 1052 3347 sicut
1062 3292 1195 3348 scribitur
1210 3308 1242 3345 :r
1260 3289 1405 3361 Templum
1426 3290 1475 3346 uei
1497 3297 1624 3346 sanctum
1649 3296 1710 3354 cst,

81 3383 193 3453 quando
207 3398 289 3438 unam
314 3383 475 3439 sententiam
493 3384 676 3455 protuiemnt.
700 3383 757 3456 lpri
780 3386 871 3439 riden-
920 3382 995 3453 quod
1007 3382 1075 3440 estis
1093 3399 1144 3439 uos
1159 3380 1186 3454 (l
1198 3381 1260 3438 Cor.
1275 3397 1317 3449 ru,
1329 3381 1385 3453 ll).
1404 3400 1413 3434 r
1433 3380 1520 3453 liuius
1541 3380 1632 3452 tempii
1654 3398 1710 3437 rae·

84 3485 134 3542 ιιι,
147 3474 200 3530 boc
216 3483 270 3542 est,
284 3473 389 3531 Scribe
405 3475 433 3531 in
447 3476 590 3548 prophetis
609 3478 648 3530 ric
671 3477 805 3547 seriptum
827 3476 871 3531 in·
921 3474 997 3528 diam
1010 3490 1060 3531 cor
1076 3475 1250 3546 intelligitur,
1265 3476 1292 3530 in
1314 3489 1370 3546 qun
1384 3473 1574 3530 misericordia
1592 3473 1711 3545 Spiritus

82 3567 245 3639 telligcntes,
257 3567 387 3623 admirati
398 3578 471 3637 runt,
486 3569 527 3626 sic
542 3569 683 3640 impletum
707 3584 778 3625 esse.
799 3567 871 3624 Carr-
921 3566 1009 3624 sancti
1030 3567 1192 3637 suscipitur.
1206 3565 1240 3622 Et
1256 3566 1331 3638 quod
1346 3582 1397 3639 pro
1407 3566 1491 3637 liujus
1516 3564 1712 3622 miscriconiice

82 3658 182 3712 cariati
201 3667 263 3714 ruat
283 3674 346 3715 cum
362 3657 489 3727 llerode,
509 3662 632 3714 camaraci
651 3670 713 3714 curu
728 3660 762 3717 dc
776 3676 871 3732 mago-
920 3658 1097 3730 susceptione
1116 3659 1216 3729 ubique
1228 3657 1301 3714 licius
1313 3658 1456 3727 laudetur,
1469 3659 1618 3716 subditur:

82 3766 141 3806 runt
164 3749 294 3806 aduentu.
316 3749 425 3806 Tremor
450 3751 683 3824 appresentaro
707 3752 741 3808 de
765 3753 870 3809 coelesti
957 3748 1040 3807 Vens.
1066 3751 1111 3807 ll.
1129 3748 1279 3808 &tundunt
1302 3765 1397 3806 namen
1422 3760 1509 3818 tuum,
1534 3751 1617 3820 neec,
1632 3753 1710 3808 ticet

80 3841 169 3913 signo.
182 3840 225 3895 lbi
234 3842 338 3897 dolores
350 3852 380 3897 ot
392 3844 578 3913 portendentia,
592 3844 657 3915 quia
671 3843 792 3901 Herodes
804 3861 869 3902 sue·
919 3843 981 3898 laur
1001 3851 1048 3897 tua
1062 3843 1089 3897 ia
1108 3843 1175 3912 finer
1191 3852 1279 3910 terror,
1291 3842 1319 3898 id
1333 3852 1388 3910 εει,
1405 3851 1462 3899 taur
1475 3843 1565 3915 ample
1586 3844 1711 3900 laudabi-

80 3949 217 3991 eessorem
233 3935 310 4008 regni
324 3935 481 4007 suspicatus
495 3936 618 3992 dolorem
633 3936 869 4008 cordisconeepit,
919 3933 955 3991 iis
967 3948 1050 4005 quarn
1065 3934 1155 4004 ample
1167 3933 1267 3990 colitur·
1285 3944 1471 4000 ιιειεειιιιιιιιιι,
1485 3936 1558 4006 quod
1572 3946 1615 3991 est
1626 3934 1709 3992 Dcrrs.

81 4024 254 4095 iniquitatem
269 4026 639 4097 peperit‚quandodolorem
653 4028 870 4098 parturientibus
918 4026 973 4083 Per
989 4042 1078 4082 omncs
1101 4026 1166 4097 darc
1191 4039 1270 4083 rcrrae
1294 4028 1394 4085 colitur
1417 4027 1485 4084 illud
1511 4043 1610 4084 nomen
1627 4028 1717 4097 lirae.

81 4118 172 4184 ararit,
194 4118 260 4174 dum
282 4127 379 4188 partus
393 4128 518 4176 recentes
538 4119 650 4175 occidit.
672 4119 710 4174 be
729 4135 785 4192 quo
803 4121 870 4176 sub·
920 4118 1047 4191 quamuis
1066 4120 1101 4175 ab
1114 4118 1218 4192 ignaris
1230 4129 1365 4177 amaturae
1378 4120 1537 4192 imponatur
1550 4130 1579 4175 ut
1597 4138 1612 4177 a
1627 4137 1720 4195 paga*

80 4211 152 4267 ditur
172 4230 179 4267 ι
200 4212 234 4268 la
255 4214 350 4284 spiritu
365 4215 507 4270 ιειιειιιειιιί
519 4223 636 4270 contem
650 4230 729 4270 narra
744 4213 868 4282 Tlrnrsr'c,
919 4212 975 4269 nis.
990 4209 1043 4269 Sed
1055 4212 1119 4282 qnia
1136 4212 1257 4270 Ecclesia
1269 4229 1318 4284 per
1331 4229 1428 4270 omnes
1440 4214 1506 4284 fiacr
1523 4214 1721 4271 interlitum-

80 4302 144 4372 quia
158 4304 185 4359 in
198 4305 292 4362 iurare
302 4322 403 4380 magno
414 4305 536 4363 llerodcs
548 4321 634 4363 naues
646 4306 869 4364 Ebuso-Ciliciae
919 4302 1005 4365 ditur,
1027 4318 1121 4359 acmen
1137 4301 1182 4360 uu
1197 4302 1299 4376 ubique
1313 4315 1449 4361 terrarum
1463 4305 1600 4374 laudatur,
1615 4321 1631 4362 a
1644 4308 1695 4378 qni

81 4393 225 4464 confregit,
240 4412 289 4467 per
306 4415 377 4469 quas
389 4415 485 4471 magos
497 4400 525 4455 in
539 4414 620 4457 suam
632 4399 801 4470 prouinciam
817 4416 866 4455 oc·
881 4393 972 4477 obus
984 4394 1046 4450 laus
1057 4392 1105 4450 liei
1118 4393 1154 4450 sit
1165 4394 1352 4465 acceptabilis,
1371 4395 1516 4465 sequitur:
1540 4394 1655 4451 institia
1668 4405 1708 4452 car

82 4484 154 4542 culte
182 4493 365 4560 transpositos
394 4492 520 4549 credidit.
542 4491 613 4564 llagi
640 4501 732 4549 autem
750 4492 784 4549 ad
803 4507 870 4549 suos
919 4485 996 4556 piena
1008 4486 1116 4542 dextera
1128 4494 1184 4552 tac,
1199 4485 1226 4541 iri
1238 4496 1281 4542 est
1293 4485 1480 4543 misericordia
1495 4495 1551 4551 tua,
1567 4495 1609 4541 est
1624 4486 1711 4542 relcr·

83 4579 182 4634 rcrersi
193 4578 304 4637 dicunt:
801 4599 868 4644 aaa,
919 4589 946 4640 ta
957 4580 1050 4652 iustis.
1063 4579 1132 4636 llam
1147 4590 1175 4636 ta
1191 4582 1343 4638 constitues
1356 4583 1449 4653 justos
1465 4581 1581 4637 inomni
1597 4587 1708 4648 terra,a

116 4669 199 4728 Vens.
219 4673 246 4729 9.
270 4671 346 4731 Sicut
368 4679 518 4733 audirimus
532 4677 636 4734 dictum
660 4692 710 4748 per
731 4675 867 4733 Balaam:
919 4672 1020 4743 quibus
1033 4670 1165 4728 lauderis.
1185 4669 1220 4727 Et
1237 4671 1302 4741 quia
1317 4685 1366 4742 per
1378 4671 1597 4727 misericordiam
1617 4671 1709 4744 justes

87 4780 96 4813 r
117 4761 225 4819 Orictur
238 4766 316 4822 stella
330 4783 363 4823 ex
375 4767 461 4826 iacob
472 4768 568 4837 (Num.
584 4784 661 4837 ιιιι,
673 4768 734 4840 il),
752 4789 763 4822 r
780 4770 817 4826 ita
827 4770 869 4825 ci-
918 4780 952 4821 es
967 4778 1058 4822 massa
1072 4762 1240 4834 perditarum
1253 4762 1420 4836 sperasti,

83 4856 168 4912 aarum
182 4859 209 4913 a
224 4861 331 4917 errario
344 4863 452 4920 namara
466 4863 634 4922 mulonem.
653 4866 756 4923 mors
770 4868 803 4923 aa
817 4884 870 4924 ou·
954 4854 1039 4913 irns-
1064 4854 1110 4910 ¹2
1130 4852 1340 4910 murrinam
1363 4852 1442 4920 scs,
1457 4854 1484 4911 ii
1504 4862 1548 4912 eo
1570 4855 1707 4926 prurire

82 4947 151 5018 ptias
162 4947 291 5016 inritatae,
305 4961 333 5008 ει
346 4952 497 5012 Ecclesiam
519 4956 656 5012 ciuitatem
672 4955 720 5013 bei
734 4956 866 5029 ingresse
918 4947 1050 5015 &elisiis
1059 4956 1083 5003 ti
1093 4946 1223 5002 militm
1239 4943 1402 5016 finitima
1411 4947 1438 5004 id
1448 4955 1491 5004 0⁸⁸
1505 4946 1633 5004 5⁰⁰¹&ae
1646 4962 1709 5018 ιω·

83 5040 176 5096 dicunt
199 5060 206 5097 :
232 5040 309 5098 Sicut
331 5048 481 5102 audirimus
503 5049 532 5103 in
552 5049 804 5120 promissionibus,
831 5052 871 5106 tir
919 5041 1002 5107 tium,
1014 5040 1077 5096 sifi&
1090 5038 1238 5111 Piiffliiiffi
1255 5036 1385 5095 Εθΰῑθὸῑθθ
1400 5039 1435 5095 ¹¹⁰
1457 5037 1562 5104 tuum,
1583 5055 1646 5109 ⁴1⁰oe
1658 5055 1721 5095 θοι·

83 5131 195 5188 sumo
210 5133 237 5189 tn
251 5136 477 5196 excreationibus.
494 5138 732 5198 sacrararum,
754 5142 783 5197 ur
805 5158 870 5214 pro
919 5132 1013 5205 ceruit
1030 5132 1057 5187 ιιι
1071 5131 1143 5187 ide:
1166 5139 1274 5201 muter
1290 5129 1395 5201 istria
1415 5138 1472 5198 aaa,
1496 5128 1616 5196 antro,
1632 5130 1721 5201 qum

83 5222 189 5291 puelia,
204 5226 243 5279 ric
258 5227 376 5282 uidimus
396 5229 424 5283 in
444 5229 604 5303 Evangelio,
625 5229 701 5287 Sicut
718 5234 869 5290 audirimus
919 5232 1030 5294 illidii?
1041 5222 1177 5294 immin]
1194 5237 1259 5278 iiii
1275 5221 1323 5276 iiii
1343 5218 1503 5291 iffl'liffl'iiii
1520 5220 1547 5274 ¹¹¹
1563 5229 1706 5276 mummi·

84 5323 160 5369 antca
174 5318 379 5387 prophetatum,
396 5322 443 5376 tali
460 5323 542 5379 morlo
556 5331 582 5377 et
593 5339 627 5379 co
637 5324 734 5380 urdine
751 5323 869 5378 ridemur
918 5318 996 5383 liam,
1012 5324 1040 5371 et
1051 5324 1161 5386 propter
1175 5314 1291 5386 qratiam
1306 5328 1371 5369 uasa
1389 5310 1586 5370 misericordis
1602 5328 1717 5382 praepa·-

84 5414 168 5464 totum
181 5424 243 5464 esse
257 5411 423 5481 completum
438 5414 466 5467 irc
480 5414 588 5469 eiurare
602 5415 710 5469 domiai
728 5416 868 5479 virtutum,
919 5408 984 5464 rasti
999 5408 1034 5464 ad
1050 5407 1177 5478 gloriam.

85 5498 166 5555 idest
187 5502 360 5573 angelorum.
380 5503 425 5559 vei
444 5514 474 5560 ur
486 5507 539 5562 aba
554 5506 639 5563 epira,
656 5508 740 5563 haber
763 5526 770 5563 :
794 5521 871 5562 seer.
953 5499 1056 5555 Aliter:
1069 5500 1185 5568 Quidam
1208 5515 1290 5569 praue
1306 5498 1439 5562 umentes,
1454 5507 1521 5553 sunt
1533 5498 1617 5554 etiarn
1642 5513 1707 5569 per·

85 5590 204 5661 rituum,
219 5593 246 5649 icl
268 5605 311 5651 est
326 5611 508 5666 supernorum
523 5606 550 5652 ct
564 5597 725 5670 interiorum
746 5598 868 5663 ciuium,
918 5608 997 5649 rerse
1015 5592 1056 5650 sic
1069 5593 1212 5665 loquentes
1227 5612 1235 5647 ι
1249 5594 1272 5649 si
1288 5609 1393 5658 ornnes,
1409 5591 1455 5662 qui
1472 5592 1536 5648 talia
1554 5600 1648 5665 agunt,
1658 5607 1714 5662 pe·-

85 5682 186 5742 tcilicct
197 5686 224 5740 iu
236 5686 342 5743 ciuitate
353 5686 402 5743 lici
415 5688 513 5762 riustri,
519 5688 547 5745 id
559 5699 602 5747 est
612 5689 678 5747 Jcsu
690 5690 802 5752 Christi.
821 5690 868 5761 qui
919 5687 1012 5745 ribunt
1022 5704 1030 5756 3
1041 5701 1107 5754 erqo
1119 5686 1198 5757 pauci
1214 5687 1280 5745 sulti
1292 5696 1381 5746 crunt.
1392 5684 1440 5745 ilis
1460 5685 1604 5757 respondet
1617 5683 1705 5756 Spiri-
