<?xml version="1.0" encoding="UTF-8"?>
<!DOCTYPE html PUBLIC "-//W3C//DTD XHTML 1.0 Transitional//EN"
    "http://www.w3.org/TR/xhtml1/DTD/xhtml1-transitional.dtd">
<html xmlns="http://www.w3.org/1999/xhtml" xml:lang="en" lang="en">
 <head>
  <title>
</title>
<meta http-equiv="Content-Type" content="text/html;charset=utf-8" />
  <meta name='ocr-system' content='tesseract 3.04.00' />
  <meta name='ocr-capabilities' content='ocr_page ocr_carea ocr_par ocr_line ocrx_word'/>
</head>
<body>
  <div class='ocr_page' id='page_1' title='image "./patrologiaecurs169unkngoog_0680.png"; bbox 0 0 3817 6000; ppageno 0'>
   <div class='ocr_carea' id='block_1_1' title="bbox 384 212 524 271">
    <p class='ocr_par' dir='ltr' id='par_1_1' title="bbox 384 212 524 271">
     <span class='ocr_line' id='line_1_1' title="bbox 384 212 524 271; baseline -0.014 -1"><span class='ocrx_word' id='word_1_1' title='bbox 384 212 524 271; x_wconf 69' lang='lat'><strong>⁴351</strong></span> 
     </span>
    </p>
   </div>
   <div class='ocr_carea' id='block_1_2' title="bbox 1351 182 3650 258">
    <p class='ocr_par' dir='ltr' id='par_1_2' title="bbox 1351 182 3650 258">
     <span class='ocr_line' id='line_1_2' title="bbox 1351 182 3650 258; baseline -0.02 1"><span class='ocrx_word' id='word_1_2' title='bbox 1351 194 1662 258; x_wconf 71' lang='lat' dir='ltr'><strong>Gmflout</strong></span> <span class='ocrx_word' id='word_1_3' title='bbox 1695 187 2091 250; x_wconf 67' lang='lat' dir='ltr'><strong>t‘nAEPosn&#39;t</strong></span> <span class='ocrx_word' id='word_1_4' title='bbox 2125 182 2675 248; x_wconf 73' lang='lat' dir='ltr'><strong>REtcuEnsPERG.</strong></span> <span class='ocrx_word' id='word_1_5' title='bbox 3507 184 3650 242; x_wconf 70' lang='lat'><strong>¹552</strong></span> 
     </span>
    </p>
   </div>
   <div class='ocr_carea' id='block_1_3' title="bbox 383 295 3657 401">
    <p class='ocr_par' dir='ltr' id='par_1_3' title="bbox 383 295 3657 401">
     <span class='ocr_line' id='line_1_3' title="bbox 383 295 3657 401; baseline -0.006 -26"><span class='ocrx_word' id='word_1_6' title='bbox 383 341 514 401; x_wconf 58' lang='lat' dir='ltr'><strong>gone</strong></span> <span class='ocrx_word' id='word_1_7' title='bbox 538 323 804 388; x_wconf 72' lang='lat' dir='ltr'><strong>nolentes,</strong></span> <span class='ocrx_word' id='word_1_8' title='bbox 828 315 1093 392; x_wconf 78' lang='lat' dir='ltr'><strong>perversi,</strong></span> <span class='ocrx_word' id='word_1_9' title='bbox 1116 314 1459 386; x_wconf 87' lang='lat' dir='ltr'><strong>iniquitatem</strong></span> <span class='ocrx_word' id='word_1_10' title='bbox 1500 313 1568 369; x_wconf 86' lang='lat' dir='ltr'><strong>ad</strong></span> <span class='ocrx_word' id='word_1_11' title='bbox 1603 307 1969 384; x_wconf 73' lang='lat' dir='ltr'><strong>peragendam</strong></span> <span class='ocrx_word' id='word_1_12' title='bbox 2004 311 2046 368; x_wconf 75' lang='grc' dir='ltr'><strong>Α</strong></span> <span class='ocrx_word' id='word_1_13' title='bbox 2079 300 2227 357; x_wconf 87' lang='lat' dir='ltr'><strong>velit.</strong></span> <span class='ocrx_word' id='word_1_14' title='bbox 2248 298 2506 354; x_wconf 66' lang='lat' dir='ltr'><strong>volentes</strong></span> <span class='ocrx_word' id='word_1_15' title='bbox 2530 298 2736 353; x_wconf 88' lang='lat' dir='ltr'><strong>bonum</strong></span> <span class='ocrx_word' id='word_1_16' title='bbox 2770 295 2971 354; x_wconf 89' lang='lat' dir='ltr'><strong>veritas</strong></span> <span class='ocrx_word' id='word_1_17' title='bbox 2998 298 3257 366; x_wconf 88' lang='lat' dir='ltr'><strong>illustrat,</strong></span> <span class='ocrx_word' id='word_1_18' title='bbox 3280 312 3347 354; x_wconf 87' lang='lat' dir='ltr'><strong>ac</strong></span> <span class='ocrx_word' id='word_1_19' title='bbox 3367 297 3657 355; x_wconf 76' lang='lat' dir='ltr'>arbitrium</span> 
     </span>
    </p>
   </div>
   <div class='ocr_carea' id='block_1_4' title="bbox 384 400 1978 1586">
    <p class='ocr_par' dir='ltr' id='par_1_4' title="bbox 384 400 1978 1586">
     <span class='ocr_line' id='line_1_4' title="bbox 384 400 1973 492; baseline -0.013 -16"><span class='ocrx_word' id='word_1_20' title='bbox 384 417 588 492; x_wconf 69' lang='lat' dir='ltr'><strong>jugiter</strong></span> <span class='ocrx_word' id='word_1_21' title='bbox 618 414 849 471; x_wconf 86' lang='lat' dir='ltr'><strong>inlecto</strong></span> <span class='ocrx_word' id='word_1_22' title='bbox 902 409 1254 477; x_wconf 79' lang='lat' dir='ltr'><strong>meditantes,</strong></span> <span class='ocrx_word' id='word_1_23' title='bbox 1285 405 1561 471; x_wconf 74' lang='lat' dir='ltr'><strong>malevoli,</strong></span> <span class='ocrx_word' id='word_1_24' title='bbox 1611 405 1670 458; x_wconf 88' lang='lat' dir='ltr'><strong>in</strong></span> <span class='ocrx_word' id='word_1_25' title='bbox 1706 400 1973 474; x_wconf 81' lang='lat' dir='ltr'><strong>pravitate</strong></span> 
     </span>
     <span class='ocr_line' id='line_1_5' title="bbox 387 494 1973 576; baseline -0.01 -8"><span class='ocrx_word' id='word_1_26' title='bbox 387 513 671 571; x_wconf 76' lang='lat' dir='ltr'><strong>durantes,</strong></span> <span class='ocrx_word' id='word_1_27' title='bbox 701 507 927 576; x_wconf 80' lang='lat' dir='ltr'><strong>iusuper</strong></span> <span class='ocrx_word' id='word_1_28' title='bbox 979 501 1244 560; x_wconf 79' lang='lat' dir='ltr'><strong>malitiam</strong></span> <span class='ocrx_word' id='word_1_29' title='bbox 1288 500 1689 572; x_wconf 83' lang='lat' dir='ltr'><strong>amplexantes.</strong></span> <span class='ocrx_word' id='word_1_30' title='bbox 1721 494 1780 550; x_wconf 90' lang='lat' dir='ltr'><strong>lu</strong></span> <span class='ocrx_word' id='word_1_31' title='bbox 1812 494 1973 552; x_wconf 81' lang='lat' dir='ltr'><strong>malis</strong></span> 
     </span>
     <span class='ocr_line' id='line_1_6' title="bbox 387 584 1973 668; baseline -0.01 -11"><span class='ocrx_word' id='word_1_32' title='bbox 387 610 494 668; x_wconf 74' lang='lat' dir='ltr'><strong>est,</strong></span> <span class='ocrx_word' id='word_1_33' title='bbox 522 608 584 655; x_wconf 90' lang='lat' dir='ltr'><strong>ut</strong></span> <span class='ocrx_word' id='word_1_34' title='bbox 607 613 673 655; x_wconf 82' lang='lat' dir='ltr'><strong>ex</strong></span> <span class='ocrx_word' id='word_1_35' title='bbox 702 612 761 653; x_wconf 87' lang='lat' dir='ltr'><strong>se</strong></span> <span class='ocrx_word' id='word_1_36' title='bbox 788 602 1048 665; x_wconf 87' lang='lat' dir='ltr'><strong>peccent;</strong></span> <span class='ocrx_word' id='word_1_37' title='bbox 1100 593 1238 665; x_wconf 82' lang='lat' dir='ltr'><strong>justi</strong></span> <span class='ocrx_word' id='word_1_38' title='bbox 1264 600 1447 650; x_wconf 86' lang='lat' dir='ltr'><strong>autem</strong></span> <span class='ocrx_word' id='word_1_39' title='bbox 1495 605 1605 646; x_wconf 87' lang='lat' dir='ltr'><strong>non</strong></span> <span class='ocrx_word' id='word_1_40' title='bbox 1635 603 1732 660; x_wconf 86' lang='lat' dir='ltr'><strong>per</strong></span> <span class='ocrx_word' id='word_1_41' title='bbox 1770 601 1851 655; x_wconf 86' lang='lat' dir='ltr'><strong>se,</strong></span> <span class='ocrx_word' id='word_1_42' title='bbox 1874 584 1973 642; x_wconf 86' lang='lat' dir='ltr'><strong>sed</strong></span> 
     </span>
     <span class='ocr_line' id='line_1_7' title="bbox 389 679 1974 764; baseline -0.007 -17"><span class='ocrx_word' id='word_1_43' title='bbox 389 707 488 764; x_wconf 89' lang='lat' dir='ltr'><strong>per</strong></span> <span class='ocrx_word' id='word_1_44' title='bbox 534 688 766 763; x_wconf 78' lang='lat' dir='ltr'><strong>gratiam</strong></span> <span class='ocrx_word' id='word_1_45' title='bbox 819 687 1026 743; x_wconf 85' lang='lat' dir='ltr'><strong>bonum</strong></span> <span class='ocrx_word' id='word_1_46' title='bbox 1087 686 1309 743; x_wconf 83' lang='lat' dir='ltr'><strong>habeut.</strong></span> <span class='ocrx_word' id='word_1_47' title='bbox 1342 683 1574 751; x_wconf 85' lang='lat' dir='ltr'><strong>Quidam</strong></span> <span class='ocrx_word' id='word_1_48' title='bbox 1617 688 1811 738; x_wconf 83' lang='lat' dir='ltr'><strong>contra</strong></span> <span class='ocrx_word' id='word_1_49' title='bbox 1842 679 1974 736; x_wconf 80' lang='lat' dir='ltr'><strong>vitia</strong></span> 
     </span>
     <span class='ocr_line' id='line_1_8' title="bbox 390 772 1976 857; baseline -0.005 -18"><span class='ocrx_word' id='word_1_50' title='bbox 390 789 658 857; x_wconf 64' lang='lat' dir='ltr'><strong>pugnant,</strong></span> <span class='ocrx_word' id='word_1_51' title='bbox 680 788 738 836; x_wconf 87' lang='lat' dir='ltr'><strong>et</strong></span> <span class='ocrx_word' id='word_1_52' title='bbox 757 781 889 852; x_wconf 83' lang='lat' dir='ltr'><strong>quia</strong></span> <span class='ocrx_word' id='word_1_53' title='bbox 909 780 980 836; x_wconf 82' lang='lat' dir='ltr'><strong>de</strong></span> <span class='ocrx_word' id='word_1_54' title='bbox 1002 778 1243 851; x_wconf 87' lang='lat' dir='ltr'><strong>propriis</strong></span> <span class='ocrx_word' id='word_1_55' title='bbox 1262 776 1476 836; x_wconf 82' lang='lat' dir='ltr'><strong>viribus</strong></span> <span class='ocrx_word' id='word_1_56' title='bbox 1495 773 1764 842; x_wconf 83' lang='lat' dir='ltr'><strong>diffidunt,</strong></span> <span class='ocrx_word' id='word_1_57' title='bbox 1786 772 1976 844; x_wconf 69' lang='lat' dir='ltr'><strong>gratiae</strong></span> 
     </span>
     <span class='ocr_line' id='line_1_9' title="bbox 389 863 1974 937; baseline -0.009 -4"><span class='ocrx_word' id='word_1_58' title='bbox 389 875 486 933; x_wconf 86' lang='lat' dir='ltr'><strong>Dei</strong></span> <span class='ocrx_word' id='word_1_59' title='bbox 532 889 593 931; x_wconf 87' lang='lat' dir='ltr'><strong>se</strong></span> <span class='ocrx_word' id='word_1_60' title='bbox 639 871 1012 937; x_wconf 84' lang='lat' dir='ltr'><strong>committunt,</strong></span> <span class='ocrx_word' id='word_1_61' title='bbox 1042 870 1417 926; x_wconf 86' lang='lat' dir='ltr'><strong>adversarium</strong></span> <span class='ocrx_word' id='word_1_62' title='bbox 1446 867 1695 924; x_wconf 87' lang='lat' dir='ltr'><strong>vincunt.</strong></span> <span class='ocrx_word' id='word_1_63' title='bbox 1736 863 1974 932; x_wconf 77' lang='lat' dir='ltr'><strong>Quidam</strong></span> 
     </span>
     <span class='ocr_line' id='line_1_10' title="bbox 389 955 1972 1038; baseline -0.006 -17"><span class='ocrx_word' id='word_1_64' title='bbox 389 982 522 1023; x_wconf 85' lang='lat' dir='ltr'><strong>vero</strong></span> <span class='ocrx_word' id='word_1_65' title='bbox 557 980 802 1038; x_wconf 74' lang='lat' dir='ltr'><strong>pugnare</strong></span> <span class='ocrx_word' id='word_1_66' title='bbox 857 961 1157 1033; x_wconf 59' lang='lat' dir='ltr'><strong>incutiunu</strong></span> <span class='ocrx_word' id='word_1_67' title='bbox 1190 961 1286 1017; x_wconf 82' lang='lat' dir='ltr'><strong>sed</strong></span> <span class='ocrx_word' id='word_1_68' title='bbox 1336 959 1466 1032; x_wconf 78' lang='lat' dir='ltr'><strong>quia</strong></span> <span class='ocrx_word' id='word_1_69' title='bbox 1499 957 1738 1030; x_wconf 78' lang='lat' dir='ltr'><strong>propriis</strong></span> <span class='ocrx_word' id='word_1_70' title='bbox 1762 955 1972 1012; x_wconf 85' lang='lat' dir='ltr'><strong>viribus</strong></span> 
     </span>
     <span class='ocr_line' id='line_1_11' title="bbox 390 1048 1970 1132; baseline -0.01 -13"><span class='ocrx_word' id='word_1_71' title='bbox 390 1066 750 1132; x_wconf 77' lang='lat' dir='ltr'><strong>proesumuut,</strong></span> <span class='ocrx_word' id='word_1_72' title='bbox 782 1058 836 1113; x_wconf 91' lang='lat' dir='ltr'><strong>in</strong></span> <span class='ocrx_word' id='word_1_73' title='bbox 880 1056 1017 1115; x_wconf 81' lang='lat' dir='ltr'><strong>hora</strong></span> <span class='ocrx_word' id='word_1_74' title='bbox 1066 1053 1383 1110; x_wconf 75' lang='lat' dir='ltr'><strong>tentationis</strong></span> <span class='ocrx_word' id='word_1_75' title='bbox 1417 1051 1542 1107; x_wconf 83' lang='lat' dir='ltr'><strong>victi</strong></span> <span class='ocrx_word' id='word_1_76' title='bbox 1583 1048 1970 1112; x_wconf 65' lang='lat' dir='ltr'><strong>succumbunt,</strong></span> 
     </span>
     <span class='ocr_line' id='line_1_12' title="bbox 387 1139 1975 1221; baseline -0.004 -16"><span class='ocrx_word' id='word_1_77' title='bbox 387 1159 446 1205; x_wconf 87' lang='lat' dir='ltr'><strong>et</strong></span> <span class='ocrx_word' id='word_1_78' title='bbox 474 1149 693 1221; x_wconf 79' lang='lat' dir='ltr'><strong>propria</strong></span> <span class='ocrx_word' id='word_1_79' title='bbox 740 1147 1024 1203; x_wconf 81' lang='lat' dir='ltr'><strong>voluntate</strong></span> <span class='ocrx_word' id='word_1_80' title='bbox 1050 1150 1117 1203; x_wconf 84' lang='lat' dir='ltr'><strong>ad</strong></span> <span class='ocrx_word' id='word_1_81' title='bbox 1145 1143 1416 1200; x_wconf 85' lang='lat' dir='ltr'><strong>vomitum</strong></span> <span class='ocrx_word' id='word_1_82' title='bbox 1454 1141 1703 1199; x_wconf 78' lang='lat' dir='ltr'><strong>redemit.</strong></span> <span class='ocrx_word' id='word_1_83' title='bbox 1741 1139 1975 1207; x_wconf 78' lang='lat' dir='ltr'><strong>Quidam</strong></span> 
     </span>
     <span class='ocr_line' id='line_1_13' title="bbox 389 1231 1976 1312; baseline -0.006 -17"><span class='ocrx_word' id='word_1_84' title='bbox 389 1255 501 1297; x_wconf 88' lang='lat' dir='ltr'><strong>non</strong></span> <span class='ocrx_word' id='word_1_85' title='bbox 548 1248 813 1312; x_wconf 81' lang='lat' dir='ltr'><strong>pugnant,</strong></span> <span class='ocrx_word' id='word_1_86' title='bbox 837 1239 932 1296; x_wconf 82' lang='lat' dir='ltr'><strong>sed</strong></span> <span class='ocrx_word' id='word_1_87' title='bbox 962 1236 1253 1294; x_wconf 73' lang='lat' dir='ltr'>desideriis</span> <span class='ocrx_word' id='word_1_88' title='bbox 1287 1235 1604 1302; x_wconf 81' lang='lat' dir='ltr'><strong>trahuntur,</strong></span> <span class='ocrx_word' id='word_1_89' title='bbox 1627 1241 1683 1289; x_wconf 85' lang='lat' dir='ltr'><strong>ct</strong></span> <span class='ocrx_word' id='word_1_90' title='bbox 1728 1231 1846 1303; x_wconf 88' lang='lat' dir='ltr'><strong>ipsa</strong></span> <span class='ocrx_word' id='word_1_91' title='bbox 1877 1246 1976 1303; x_wconf 83' lang='lat' dir='ltr'><strong>per</strong></span> 
     </span>
     <span class='ocr_line' id='line_1_14' title="bbox 389 1321 1975 1403; baseline -0.006 -15"><span class='ocrx_word' id='word_1_92' title='bbox 389 1332 575 1388; x_wconf 89' lang='lat' dir='ltr'><strong>omnia</strong></span> <span class='ocrx_word' id='word_1_93' title='bbox 603 1341 930 1403; x_wconf 78' lang='lat' dir='ltr'><strong>sequuntur.</strong></span> <span class='ocrx_word' id='word_1_94' title='bbox 947 1328 1182 1397; x_wconf 85' lang='lat' dir='ltr'><strong>Quidam</strong></span> <span class='ocrx_word' id='word_1_95' title='bbox 1203 1341 1307 1384; x_wconf 87' lang='lat' dir='ltr'><strong>nec</strong></span> <span class='ocrx_word' id='word_1_96' title='bbox 1327 1326 1642 1391; x_wconf 81' lang='lat' dir='ltr'><strong>trahuntur,</strong></span> <span class='ocrx_word' id='word_1_97' title='bbox 1662 1324 1763 1380; x_wconf 85' lang='lat' dir='ltr'><strong>sed</strong></span> <span class='ocrx_word' id='word_1_98' title='bbox 1791 1321 1975 1394; x_wconf 75' lang='lat' dir='ltr'><strong>potins</strong></span> 
     </span>
     <span class='ocr_line' id='line_1_15' title="bbox 391 1416 1978 1480; baseline -0.006 -2"><span class='ocrx_word' id='word_1_99' title='bbox 391 1423 856 1480; x_wconf 74' lang='lat' dir='ltr'><strong>incantationibus</strong></span> <span class='ocrx_word' id='word_1_100' title='bbox 885 1421 971 1476; x_wconf 80' lang='lat' dir='ltr'><strong>vel</strong></span> <span class='ocrx_word' id='word_1_101' title='bbox 1012 1419 1298 1476; x_wconf 73' lang='lat' dir='ltr'><strong>maleficiis</strong></span> <span class='ocrx_word' id='word_1_102' title='bbox 1325 1418 1604 1474; x_wconf 80' lang='lat' dir='ltr'><strong>daemones</strong></span> <span class='ocrx_word' id='word_1_103' title='bbox 1632 1416 1894 1479; x_wconf 81' lang='lat' dir='ltr'><strong>invitant,</strong></span> <span class='ocrx_word' id='word_1_104' title='bbox 1922 1420 1978 1470; x_wconf 86' lang='lat' dir='ltr'><strong>et</strong></span> 
     </span>
     <span class='ocr_line' id='line_1_16' title="bbox 391 1506 1976 1586; baseline -0.008 -15"><span class='ocrx_word' id='word_1_105' title='bbox 391 1531 490 1586; x_wconf 92' lang='lat' dir='ltr'><strong>pro</strong></span> <span class='ocrx_word' id='word_1_106' title='bbox 519 1514 885 1585; x_wconf 80' lang='lat' dir='ltr'><strong>adipiscendis</strong></span> <span class='ocrx_word' id='word_1_107' title='bbox 935 1511 1167 1567; x_wconf 86' lang='lat' dir='ltr'><strong>terrenis</strong></span> <span class='ocrx_word' id='word_1_108' title='bbox 1205 1509 1291 1566; x_wconf 84' lang='lat' dir='ltr'><strong>vel</strong></span> <span class='ocrx_word' id='word_1_109' title='bbox 1333 1507 1624 1564; x_wconf 73' lang='lat' dir='ltr'><strong>desideriis</strong></span> <span class='ocrx_word' id='word_1_110' title='bbox 1658 1506 1845 1561; x_wconf 82' lang='lat' dir='ltr'><strong>carnis</strong></span> <span class='ocrx_word' id='word_1_111' title='bbox 1870 1519 1976 1560; x_wconf 80' lang='lat' dir='ltr'><strong>ex-</strong></span> 
     </span>
    </p>
   </div>
   <div class='ocr_carea' id='block_1_5' title="bbox 2070 387 3665 1563">
    <p class='ocr_par' dir='ltr' id='par_1_5' title="bbox 2070 387 3665 1563">
     <span class='ocr_line' id='line_1_17' title="bbox 2072 387 3660 464; baseline -0.002 -15"><span class='ocrx_word' id='word_1_112' title='bbox 2072 392 2194 464; x_wconf 77' lang='lat' dir='ltr'><strong>eJus</strong></span> <span class='ocrx_word' id='word_1_113' title='bbox 2220 407 2344 448; x_wconf 88' lang='lat' dir='ltr'><strong>esse</strong></span> <span class='ocrx_word' id='word_1_114' title='bbox 2370 391 2603 446; x_wconf 83' lang='lat' dir='ltr'><strong>liberum</strong></span> <span class='ocrx_word' id='word_1_115' title='bbox 2627 387 2989 445; x_wconf 84' lang='lat' dir='ltr'><strong>demonstrat.</strong></span> <span class='ocrx_word' id='word_1_116' title='bbox 3019 389 3142 457; x_wconf 85' lang='lat' dir='ltr'><strong>Quo</strong></span> <span class='ocrx_word' id='word_1_117' title='bbox 3178 405 3307 446; x_wconf 89' lang='lat' dir='ltr'><strong>cum</strong></span> <span class='ocrx_word' id='word_1_118' title='bbox 3345 390 3517 447; x_wconf 70' lang='lat' dir='ltr'><strong>libere</strong></span> <span class='ocrx_word' id='word_1_119' title='bbox 3545 391 3660 446; x_wconf 87' lang='lat' dir='ltr'><strong>uti-</strong></span> 
     </span>
     <span class='ocr_line' id='line_1_18' title="bbox 2073 479 3660 556; baseline -0.003 -14"><span class='ocrx_word' id='word_1_120' title='bbox 2073 493 2187 552; x_wconf 86' lang='lat' dir='ltr'><strong>tur,</strong></span> <span class='ocrx_word' id='word_1_121' title='bbox 2208 482 2426 556; x_wconf 84' lang='lat' dir='ltr'><strong>justitia</strong></span> <span class='ocrx_word' id='word_1_122' title='bbox 2467 479 2838 553; x_wconf 69' lang='lat' dir='ltr'><strong>perfunditur.</strong></span> <span class='ocrx_word' id='word_1_123' title='bbox 2870 479 2931 536; x_wconf 85' lang='lat' dir='ltr'><strong>ln</strong></span> <span class='ocrx_word' id='word_1_124' title='bbox 2965 481 3069 538; x_wconf 88' lang='lat' dir='ltr'><strong>hac</strong></span> <span class='ocrx_word' id='word_1_125' title='bbox 3095 496 3454 554; x_wconf 83' lang='lat' dir='ltr'><strong>perseverans</strong></span> <span class='ocrx_word' id='word_1_126' title='bbox 3480 481 3660 538; x_wconf 79' lang='lat' dir='ltr'><strong>salva-</strong></span> 
     </span>
     <span class='ocr_line' id='line_1_19' title="bbox 2072 560 3664 646; baseline 0 -14"><span class='ocrx_word' id='word_1_127' title='bbox 2072 573 2239 632; x_wconf 82' lang='lat' dir='ltr'><strong>bitur.</strong></span> <span class='ocrx_word' id='word_1_128' title='bbox 2283 572 2352 630; x_wconf 83' lang='lat' dir='ltr'><strong>Et</strong></span> <span class='ocrx_word' id='word_1_129' title='bbox 2396 571 2527 646; x_wconf 84' lang='lat' dir='ltr'><strong>quia</strong></span> <span class='ocrx_word' id='word_1_130' title='bbox 2573 570 2732 629; x_wconf 84' lang='lat' dir='ltr'><strong>multi</strong></span> <span class='ocrx_word' id='word_1_131' title='bbox 2763 572 2932 628; x_wconf 84' lang='lat' dir='ltr'><strong>nullis</strong></span> <span class='ocrx_word' id='word_1_132' title='bbox 2978 560 3413 645; x_wconf 66' lang='lat' dir='ltr'><strong>praecedentibus</strong></span> <span class='ocrx_word' id='word_1_133' title='bbox 3448 572 3664 632; x_wconf 73' lang='lat' dir='ltr'><strong>meritis</strong></span> 
     </span>
     <span class='ocr_line' id='line_1_20' title="bbox 2074 662 3661 741; baseline -0.001 -20"><span class='ocrx_word' id='word_1_134' title='bbox 2074 681 2171 739; x_wconf 88' lang='lat' dir='ltr'><strong>per</strong></span> <span class='ocrx_word' id='word_1_135' title='bbox 2209 665 2386 724; x_wconf 89' lang='lat' dir='ltr'><strong>solam</strong></span> <span class='ocrx_word' id='word_1_136' title='bbox 2436 665 2693 741; x_wconf 75' lang='lat' dir='ltr'><strong>gratiam,</strong></span> <span class='ocrx_word' id='word_1_137' title='bbox 2736 670 2797 723; x_wconf 90' lang='lat' dir='ltr'><strong>ut</strong></span> <span class='ocrx_word' id='word_1_138' title='bbox 2838 663 3067 733; x_wconf 79' lang='lat' dir='ltr'><strong>Paulus,</strong></span> <span class='ocrx_word' id='word_1_139' title='bbox 3101 674 3404 733; x_wconf 86' lang='lat' dir='ltr'><strong>vocantur;</strong></span> <span class='ocrx_word' id='word_1_140' title='bbox 3434 662 3661 736; x_wconf 86' lang='lat' dir='ltr'><strong>quidam</strong></span> 
     </span>
     <span class='ocr_line' id='line_1_21' title="bbox 2082 754 3664 831; baseline 0.001 -19"><span class='ocrx_word' id='word_1_141' title='bbox 2082 773 2212 814; x_wconf 84' lang='lat' dir='ltr'><strong>vcro</strong></span> <span class='ocrx_word' id='word_1_142' title='bbox 2244 767 2341 830; x_wconf 86' lang='lat' dir='ltr'><strong>per</strong></span> <span class='ocrx_word' id='word_1_143' title='bbox 2375 757 2649 816; x_wconf 78' lang='lat' dir='ltr'><strong>occultam</strong></span> <span class='ocrx_word' id='word_1_144' title='bbox 2692 756 2989 831; x_wconf 83' lang='lat' dir='ltr'><strong>justitiam,</strong></span> <span class='ocrx_word' id='word_1_145' title='bbox 3021 764 3080 812; x_wconf 88' lang='lat' dir='ltr'><strong>ut</strong></span> <span class='ocrx_word' id='word_1_146' title='bbox 3122 755 3213 813; x_wconf 85' lang='lat' dir='ltr'><strong>ille</strong></span> <span class='ocrx_word' id='word_1_147' title='bbox 3268 758 3325 813; x_wconf 90' lang='lat' dir='ltr'><strong>in</strong></span> <span class='ocrx_word' id='word_1_148' title='bbox 3366 754 3664 830; x_wconf 79' lang='lat' dir='ltr'><strong>Evangelio</strong></span> 
     </span>
     <span class='ocr_line' id='line_1_22' title="bbox 2073 848 3541 925; baseline -0.001 -19"><span class='ocrx_word' id='word_1_149' title='bbox 2073 850 2260 907; x_wconf 81' lang='lat' dir='ltr'><strong>volens</strong></span> <span class='ocrx_word' id='word_1_150' title='bbox 2285 849 2440 921; x_wconf 79' lang='lat' dir='ltr'><strong>sequi</strong></span> <span class='ocrx_word' id='word_1_151' title='bbox 2463 848 2781 920; x_wconf 87' lang='lat' dir='ltr'><strong>Dominum,</strong></span> <span class='ocrx_word' id='word_1_152' title='bbox 2803 850 3191 922; x_wconf 80' lang='lat' dir='ltr'><strong>reprobantur,</strong></span> <span class='ocrx_word' id='word_1_153' title='bbox 3223 850 3471 920; x_wconf 86' lang='lat' dir='ltr'><strong>seqnitur</strong></span> <span class='ocrx_word' id='word_1_154' title='bbox 3499 868 3541 925; x_wconf 44' lang='grc' dir='ltr'><strong>ε.</strong></span> 
     </span>
     <span class='ocr_line' id='line_1_23' title="bbox 2143 939 3665 1015; baseline 0 -17"><span class='ocrx_word' id='word_1_155' title='bbox 2143 942 2365 998; x_wconf 76' lang='lat' dir='ltr'><strong>Iudicia</strong></span> <span class='ocrx_word' id='word_1_156' title='bbox 2407 953 2497 997; x_wconf 83' lang='lat' dir='ltr'><strong>tuu</strong></span> <span class='ocrx_word' id='word_1_157' title='bbox 2532 943 2756 1015; x_wconf 72' lang='lat' dir='ltr'><strong>abyssus</strong></span> <span class='ocrx_word' id='word_1_158' title='bbox 2804 942 2997 998; x_wconf 83' lang='lat' dir='ltr'><strong>multa.</strong></span> <span class='ocrx_word' id='word_1_159' title='bbox 3041 943 3279 1014; x_wconf 69' lang='lat' dir='ltr'><strong>Abyssus</strong></span> <span class='ocrx_word' id='word_1_160' title='bbox 3313 952 3396 999; x_wconf 78' lang='lat' dir='ltr'><strong>cst</strong></span> <span class='ocrx_word' id='word_1_161' title='bbox 3429 939 3665 1013; x_wconf 81' lang='lat' dir='ltr'><strong>prosun-</strong></span> 
     </span>
     <span class='ocr_line' id='line_1_24' title="bbox 2075 1031 3659 1107; baseline 0.001 -16"><span class='ocrx_word' id='word_1_162' title='bbox 2075 1034 2219 1092; x_wconf 89' lang='lat' dir='ltr'><strong>ditas</strong></span> <span class='ocrx_word' id='word_1_163' title='bbox 2247 1050 2517 1107; x_wconf 90' lang='lat' dir='ltr'><strong>aquarum</strong></span> <span class='ocrx_word' id='word_1_164' title='bbox 2542 1050 2665 1106; x_wconf 82' lang='lat' dir='ltr'><strong>quae</strong></span> <span class='ocrx_word' id='word_1_165' title='bbox 2691 1051 2795 1092; x_wconf 87' lang='lat' dir='ltr'><strong>nec</strong></span> <span class='ocrx_word' id='word_1_166' title='bbox 2833 1035 3012 1090; x_wconf 81' lang='lat' dir='ltr'><strong>metiri</strong></span> <span class='ocrx_word' id='word_1_167' title='bbox 3045 1050 3147 1092; x_wconf 91' lang='lat' dir='ltr'><strong>nec</strong></span> <span class='ocrx_word' id='word_1_168' title='bbox 3165 1033 3434 1107; x_wconf 81' lang='lat' dir='ltr'><strong>pervideri</strong></span> <span class='ocrx_word' id='word_1_169' title='bbox 3460 1031 3659 1106; x_wconf 81' lang='lat' dir='ltr'><strong>possit.</strong></span> 
     </span>
     <span class='ocr_line' id='line_1_25' title="bbox 2075 1124 3660 1199; baseline 0 -17"><span class='ocrx_word' id='word_1_170' title='bbox 2075 1125 2213 1184; x_wconf 84' lang='lat' dir='ltr'><strong>Tres</strong></span> <span class='ocrx_word' id='word_1_171' title='bbox 2245 1125 2430 1199; x_wconf 82' lang='lat' dir='ltr'><strong>abyssi</strong></span> <span class='ocrx_word' id='word_1_172' title='bbox 2461 1127 2800 1185; x_wconf 86' lang='lat' dir='ltr'><strong>scribuntur.</strong></span> <span class='ocrx_word' id='word_1_173' title='bbox 2840 1124 2961 1182; x_wconf 84' lang='lat' dir='ltr'><strong>Una</strong></span> <span class='ocrx_word' id='word_1_174' title='bbox 3011 1127 3243 1199; x_wconf 82' lang='lat' dir='ltr'><strong>abyssus</strong></span> <span class='ocrx_word' id='word_1_175' title='bbox 3292 1126 3527 1185; x_wconf 84' lang='lat' dir='ltr'><strong>altitudo</strong></span> <span class='ocrx_word' id='word_1_176' title='bbox 3562 1125 3660 1183; x_wconf 85' lang='lat' dir='ltr'><strong>Dei</strong></span> 
     </span>
     <span class='ocr_line' id='line_1_26' title="bbox 2070 1217 3658 1291; baseline 0.001 -18"><span class='ocrx_word' id='word_1_177' title='bbox 2070 1217 2430 1290; x_wconf 82' lang='lat' dir='ltr'><strong>judiciorum,</strong></span> <span class='ocrx_word' id='word_1_178' title='bbox 2474 1217 2644 1276; x_wconf 89' lang='lat' dir='ltr'><strong>altera</strong></span> <span class='ocrx_word' id='word_1_179' title='bbox 2694 1217 3041 1290; x_wconf 79' lang='lat' dir='ltr'><strong>profunditas</strong></span> <span class='ocrx_word' id='word_1_180' title='bbox 3091 1226 3464 1291; x_wconf 82' lang='lat' dir='ltr'><strong>pcccatorum,</strong></span> <span class='ocrx_word' id='word_1_181' title='bbox 3500 1218 3658 1274; x_wconf 81' lang='lat' dir='ltr'><strong>tertia</strong></span> 
     </span>
     <span class='ocr_line' id='line_1_27' title="bbox 2076 1298 3663 1382; baseline -0.001 -17"><span class='ocrx_word' id='word_1_182' title='bbox 2076 1298 2320 1366; x_wconf 83' lang='lat' dir='ltr'><strong>infinitas</strong></span> <span class='ocrx_word' id='word_1_183' title='bbox 2354 1309 2771 1382; x_wconf 84' lang='lat' dir='ltr'><strong>suppliciorum.</strong></span> <span class='ocrx_word' id='word_1_184' title='bbox 2817 1307 2892 1366; x_wconf 88' lang='lat' dir='ltr'><strong>De</strong></span> <span class='ocrx_word' id='word_1_185' title='bbox 2930 1303 3105 1381; x_wconf 78' lang='lat' dir='ltr'><strong>p&#39;rima</strong></span> <span class='ocrx_word' id='word_1_186' title='bbox 3150 1309 3351 1366; x_wconf 87' lang='lat' dir='ltr'><strong>dicitur</strong></span> <span class='ocrx_word' id='word_1_187' title='bbox 3391 1308 3663 1368; x_wconf 67' lang='lat' dir='ltr'><strong>:Iudicia</strong></span> 
     </span>
     <span class='ocr_line' id='line_1_28' title="bbox 2078 1399 3660 1472; baseline 0 -17"><span class='ocrx_word' id='word_1_188' title='bbox 2078 1410 2169 1456; x_wconf 86' lang='lat' dir='ltr'><strong>tua</strong></span> <span class='ocrx_word' id='word_1_189' title='bbox 2200 1400 2419 1472; x_wconf 73' lang='lat' dir='ltr'><strong>abyssus</strong></span> <span class='ocrx_word' id='word_1_190' title='bbox 2450 1400 2642 1471; x_wconf 66' lang='lat' dir='ltr'><strong>inculta,</strong></span> <span class='ocrx_word' id='word_1_191' title='bbox 2673 1401 2803 1472; x_wconf 89' lang='lat' dir='ltr'><strong>quia</strong></span> <span class='ocrx_word' id='word_1_192' title='bbox 2830 1400 2998 1457; x_wconf 88' lang='lat' dir='ltr'><strong>nimis</strong></span> <span class='ocrx_word' id='word_1_193' title='bbox 3028 1401 3265 1457; x_wconf 87' lang='lat' dir='ltr'><strong>occulta.</strong></span> <span class='ocrx_word' id='word_1_194' title='bbox 3314 1399 3390 1456; x_wconf 86' lang='lat' dir='ltr'><strong>De</strong></span> <span class='ocrx_word' id='word_1_195' title='bbox 3417 1402 3660 1456; x_wconf 83' lang='lat' dir='ltr'><strong>secunda</strong></span> 
     </span>
     <span class='ocr_line' id='line_1_29' title="bbox 2077 1491 3663 1563; baseline -0.003 -12"><span class='ocrx_word' id='word_1_196' title='bbox 2077 1494 2334 1551; x_wconf 73' lang='lat' dir='ltr'><strong>scribitur</strong></span> <span class='ocrx_word' id='word_1_197' title='bbox 2365 1511 2379 1548; x_wconf 72' lang='grc' dir='ltr'><strong>ε</strong></span> <span class='ocrx_word' id='word_1_198' title='bbox 2417 1491 2676 1552; x_wconf 80' lang='lat' dir='ltr'><strong>Peccator</strong></span> <span class='ocrx_word' id='word_1_199' title='bbox 2695 1510 2815 1548; x_wconf 87' lang='lat' dir='ltr'><strong>cum</strong></span> <span class='ocrx_word' id='word_1_200' title='bbox 2845 1494 2899 1547; x_wconf 80' lang='lat' dir='ltr'><strong>in</strong></span> <span class='ocrx_word' id='word_1_201' title='bbox 2919 1492 3243 1563; x_wconf 72' lang='lat' dir='ltr'><strong>profundum</strong></span> <span class='ocrx_word' id='word_1_202' title='bbox 3278 1491 3544 1546; x_wconf 78' lang='lat' dir='ltr'><strong>matorum</strong></span> <span class='ocrx_word' id='word_1_203' title='bbox 3577 1507 3663 1546; x_wconf 78' lang='lat' dir='ltr'><strong>re·</strong></span> 
     </span>
    </p>
   </div>
   <div class='ocr_carea' id='block_1_6' title="bbox 390 1583 3662 1675">
    <p class='ocr_par' dir='ltr' id='par_1_6' title="bbox 390 1583 3662 1675">
     <span class='ocr_line' id='line_1_30' title="bbox 390 1583 3662 1675; baseline -0.001 -32"><span class='ocrx_word' id='word_1_204' title='bbox 390 1607 605 1675; x_wconf 57' lang='lat' dir='ltr'><strong>mendis</strong></span> <span class='ocrx_word' id='word_1_205' title='bbox 647 1621 706 1663; x_wconf 66' lang='lat' dir='ltr'><strong>se</strong></span> <span class='ocrx_word' id='word_1_206' title='bbox 745 1604 994 1660; x_wconf 66' lang='lat' dir='ltr'><strong>dominio</strong></span> <span class='ocrx_word' id='word_1_207' title='bbox 1038 1603 1255 1658; x_wconf 63' lang='lat' dir='ltr'><strong>ium-um</strong></span> <span class='ocrx_word' id='word_1_208' title='bbox 1288 1599 1624 1672; x_wconf 52' lang='lat' dir='ltr'><strong>mancipat,</strong></span> <span class='ocrx_word' id='word_1_209' title='bbox 1656 1596 1773 1654; x_wconf 72' lang='lat'><em>1100</em></span> <span class='ocrx_word' id='word_1_210' title='bbox 1801 1606 1973 1653; x_wconf 71' lang='lat' dir='ltr'><strong>mmm</strong></span> <span class='ocrx_word' id='word_1_211' title='bbox 2078 1587 2236 1656; x_wconf 80' lang='lat' dir='ltr'><strong>uerit,</strong></span> <span class='ocrx_word' id='word_1_212' title='bbox 2266 1587 2553 1642; x_wconf 78' lang='lat' dir='ltr'><strong>coutemnit</strong></span> <span class='ocrx_word' id='word_1_213' title='bbox 2598 1585 2782 1657; x_wconf 73' lang='lat' dir='ltr'><strong>(Pi-ov.</strong></span> <span class='ocrx_word' id='word_1_214' title='bbox 2835 1600 2991 1653; x_wconf 76' lang='lat' dir='ltr'><strong>xvnt,</strong></span> <span class='ocrx_word' id='word_1_215' title='bbox 3035 1585 3112 1652; x_wconf 79' lang='lat'><strong>5).</strong></span> <span class='ocrx_word' id='word_1_216' title='bbox 3142 1583 3216 1640; x_wconf 91' lang='lat' dir='ltr'><strong>De</strong></span> <span class='ocrx_word' id='word_1_217' title='bbox 3244 1584 3406 1639; x_wconf 88' lang='lat' dir='ltr'><strong>tertia</strong></span> <span class='ocrx_word' id='word_1_218' title='bbox 3434 1599 3662 1655; x_wconf 79' lang='lat' dir='ltr'><strong>rogave-</strong></span> 
     </span>
    </p>
   </div>
   <div class='ocr_carea' id='block_1_7' title="bbox 390 1690 1975 2131">
    <p class='ocr_par' dir='ltr' id='par_1_7' title="bbox 390 1690 1975 2131">
     <span class='ocr_line' id='line_1_31' title="bbox 395 1690 1899 1767; baseline -0.005 -15"><span class='ocrx_word' id='word_1_219' title='bbox 395 1698 626 1754; x_wconf 88' lang='lat' dir='ltr'><strong>arbitrio</strong></span> <span class='ocrx_word' id='word_1_220' title='bbox 670 1698 982 1754; x_wconf 82' lang='lat' dir='ltr'><strong>ascribitur.</strong></span> <span class='ocrx_word' id='word_1_221' title='bbox 1037 1695 1113 1752; x_wconf 88' lang='lat' dir='ltr'><strong>De</strong></span> <span class='ocrx_word' id='word_1_222' title='bbox 1148 1694 1324 1767; x_wconf 76' lang='lat' dir='ltr'><strong>gratia</strong></span> <span class='ocrx_word' id='word_1_223' title='bbox 1367 1701 1554 1749; x_wconf 83' lang='lat' dir='ltr'><strong>autem</strong></span> <span class='ocrx_word' id='word_1_224' title='bbox 1605 1690 1856 1762; x_wconf 83' lang='lat' dir='ltr'><strong>seqnitur</strong></span> <span class='ocrx_word' id='word_1_225' title='bbox 1880 1708 1899 1745; x_wconf 81' lang='lat'><strong>.-</strong></span> 
     </span>
     <span class='ocr_line' id='line_1_32' title="bbox 462 1781 1975 1854; baseline 0.001 -16"><span class='ocrx_word' id='word_1_226' title='bbox 462 1790 626 1842; x_wconf 62' lang='lat' dir='ltr'><strong>&#39;l&#39;i-2n.:-;.</strong></span> <span class='ocrx_word' id='word_1_227' title='bbox 662 1795 714 1842; x_wconf 75' lang='lat' dir='ltr'><strong>[i.</strong></span> <span class='ocrx_word' id='word_1_228' title='bbox 767 1790 1007 1854; x_wconf 58' lang='lat' dir='ltr'><strong>insanisti-¹,</strong></span> <span class='ocrx_word' id='word_1_229' title='bbox 1043 1788 1097 1841; x_wconf 79' lang='lat' dir='ltr'><strong>t&#39;n</strong></span> <span class='ocrx_word' id='word_1_230' title='bbox 1141 1787 1269 1843; x_wconf 76' lang='lat' dir='ltr'><strong>coelo</strong></span> <span class='ocrx_word' id='word_1_231' title='bbox 1309 1784 1678 1841; x_wconf 64' lang='lat' dir='ltr'><strong>misericordia</strong></span> <span class='ocrx_word' id='word_1_232' title='bbox 1720 1793 1839 1839; x_wconf 73' lang='lat' dir='ltr'><strong>lua.</strong></span> <span class='ocrx_word' id='word_1_233' title='bbox 1894 1781 1975 1839; x_wconf 69' lang='lat' dir='ltr'><strong>Ex</strong></span> 
     </span>
     <span class='ocr_line' id='line_1_33' title="bbox 390 1875 1973 1950; baseline -0.003 -16"><span class='ocrx_word' id='word_1_234' title='bbox 390 1882 602 1938; x_wconf 78' lang='lat' dir='ltr'><strong>arbitr-ii</strong></span> <span class='ocrx_word' id='word_1_235' title='bbox 634 1882 883 1934; x_wconf 49' lang='lat' dir='ltr'><strong>litut-rimi</strong></span> <span class='ocrx_word' id='word_1_236' title='bbox 923 1879 1145 1950; x_wconf 62' lang='lat' dir='ltr'><strong>quidam</strong></span> <span class='ocrx_word' id='word_1_237' title='bbox 1171 1878 1350 1949; x_wconf 83' lang='lat' dir='ltr'><strong>angeli</strong></span> <span class='ocrx_word' id='word_1_238' title='bbox 1374 1878 1430 1931; x_wconf 86' lang='lat' dir='ltr'><strong>in</strong></span> <span class='ocrx_word' id='word_1_239' title='bbox 1456 1875 1598 1934; x_wconf 83' lang='lat' dir='ltr'><strong>coelo</strong></span> <span class='ocrx_word' id='word_1_240' title='bbox 1624 1882 1973 1942; x_wconf 80' lang='lat' dir='ltr'><strong>corruerunt,</strong></span> 
     </span>
     <span class='ocr_line' id='line_1_34' title="bbox 390 1962 1975 2046; baseline -0.005 -20"><span class='ocrx_word' id='word_1_241' title='bbox 390 1986 458 2030; x_wconf 66' lang='lat' dir='ltr'><strong>e:</strong></span> <span class='ocrx_word' id='word_1_242' title='bbox 486 1974 654 2046; x_wconf 69' lang='lat' dir='ltr'><strong>grana</strong></span> <span class='ocrx_word' id='word_1_243' title='bbox 694 1986 875 2026; x_wconf 57' lang='lat' dir='ltr'><strong>nutv-m</strong></span> <span class='ocrx_word' id='word_1_244' title='bbox 913 1974 1003 2022; x_wconf 61' lang='lat' dir='ltr'><strong>lici</strong></span> <span class='ocrx_word' id='word_1_245' title='bbox 1035 1970 1123 2025; x_wconf 83' lang='lat' dir='ltr'><strong>alii</strong></span> <span class='ocrx_word' id='word_1_246' title='bbox 1151 1968 1351 2024; x_wconf 82' lang='lat' dir='ltr'><strong>firmati</strong></span> <span class='ocrx_word' id='word_1_247' title='bbox 1389 1981 1498 2022; x_wconf 87' lang='lat' dir='ltr'><strong>uon</strong></span> <span class='ocrx_word' id='word_1_248' title='bbox 1527 1965 1864 2021; x_wconf 74' lang='lat' dir='ltr'><strong>cecideruut.</strong></span> <span class='ocrx_word' id='word_1_249' title='bbox 1906 1962 1975 2018; x_wconf 84' lang='lat' dir='ltr'><strong>Iu</strong></span> 
     </span>
     <span class='ocr_line' id='line_1_35' title="bbox 390 2056 1975 2131; baseline -0.003 -16"><span class='ocrx_word' id='word_1_250' title='bbox 390 2066 518 2115; x_wconf 62' lang='lat' dir='ltr'><strong>cmlii</strong></span> <span class='ocrx_word' id='word_1_251' title='bbox 546 2078 674 2131; x_wconf 66' lang='lat' dir='ltr'><strong>mgr]</strong></span> <span class='ocrx_word' id='word_1_252' title='bbox 706 2074 787 2115; x_wconf 57' lang='grc' dir='ltr'><strong>ἕξει</strong></span> <span class='ocrx_word' id='word_1_253' title='bbox 815 2061 1178 2115; x_wconf 50' lang='grc' dir='ltr'><strong>κώμη-Πυνάἰα</strong></span> <span class='ocrx_word' id='word_1_254' title='bbox 1209 2057 1447 2125; x_wconf 66' lang='lat' dir='ltr'><strong>Domini,</strong></span> <span class='ocrx_word' id='word_1_255' title='bbox 1474 2072 1570 2127; x_wconf 77' lang='lat' dir='ltr'><strong>pet·</strong></span> <span class='ocrx_word' id='word_1_256' title='bbox 1596 2071 1761 2128; x_wconf 72' lang='lat' dir='ltr'><strong>quam</strong></span> <span class='ocrx_word' id='word_1_257' title='bbox 1799 2056 1975 2112; x_wconf 70' lang='lat' dir='ltr'><strong>saucii</strong></span> 
     </span>
    </p>
   </div>
   <div class='ocr_carea' id='block_1_8' title="bbox 390 2146 2009 2216">
    <p class='ocr_par' dir='ltr' id='par_1_8' title="bbox 390 2146 2009 2216">
     <span class='ocr_line' id='line_1_36' title="bbox 390 2146 2009 2216; baseline 0 -13"><span class='ocrx_word' id='word_1_258' title='bbox 390 2155 723 2207; x_wconf 66' lang='lat' dir='ltr'><strong>i··nrt¹ui=nrati</strong></span> <span class='ocrx_word' id='word_1_259' title='bbox 755 2163 879 2207; x_wconf 68' lang='lat' dir='ltr'><strong>sunt</strong></span> <span class='ocrx_word' id='word_1_260' title='bbox 903 2150 1099 2215; x_wconf 58' lang='grc' dir='ltr'><strong>[ινιςει-Ιί.</strong></span> <span class='ocrx_word' id='word_1_261' title='bbox 1129 2148 1329 2205; x_wconf 73' lang='lat' dir='ltr'><strong>Coehtm</strong></span> <span class='ocrx_word' id='word_1_262' title='bbox 1356 2149 1526 2204; x_wconf 75' lang='lat' dir='ltr'><strong>ctiam</strong></span> <span class='ocrx_word' id='word_1_263' title='bbox 1547 2146 1795 2204; x_wconf 71' lang='lat' dir='ltr'><strong>Ecclesia</strong></span> <span class='ocrx_word' id='word_1_264' title='bbox 1819 2161 1977 2203; x_wconf 77' lang='lat' dir='ltr'><strong>voca·</strong></span> <span class='ocrx_word' id='word_1_265' title='bbox 2005 2208 2009 2216; x_wconf 47' lang='grc'><em>,</em></span> 
     </span>
    </p>
   </div>
   <div class='ocr_carea' id='block_1_9' title="bbox 384 2238 1977 2957">
    <p class='ocr_par' dir='ltr' id='par_1_9' title="bbox 384 2238 1977 2957">
     <span class='ocr_line' id='line_1_37' title="bbox 390 2238 1976 2315; baseline -0.004 -16"><span class='ocrx_word' id='word_1_266' title='bbox 390 2255 498 2307; x_wconf 66' lang='lat' dir='ltr'><strong>tur,</strong></span> <span class='ocrx_word' id='word_1_267' title='bbox 534 2247 582 2295; x_wconf 80' lang='lat' dir='ltr'><strong>in</strong></span> <span class='ocrx_word' id='word_1_268' title='bbox 618 2263 723 2313; x_wconf 68' lang='lat' dir='ltr'><strong>qun</strong></span> <span class='ocrx_word' id='word_1_269' title='bbox 771 2247 1086 2315; x_wconf 39' lang='lat' dir='ltr'><strong>niis-turiani)</strong></span> <span class='ocrx_word' id='word_1_270' title='bbox 1109 2240 1316 2297; x_wconf 71' lang='lat' dir='ltr'><strong>Luristi</strong></span> <span class='ocrx_word' id='word_1_271' title='bbox 1342 2239 1574 2297; x_wconf 73' lang='lat' dir='ltr'><strong>celatur.</strong></span> <span class='ocrx_word' id='word_1_272' title='bbox 1600 2238 1976 2296; x_wconf 64' lang='lat' dir='ltr'><strong>Misericordia</strong></span> 
     </span>
     <span class='ocr_line' id='line_1_38' title="bbox 390 2331 1977 2404; baseline -0.001 -17"><span class='ocrx_word' id='word_1_273' title='bbox 390 2347 570 2391; x_wconf 71' lang='lat' dir='ltr'><strong>:tntum</strong></span> <span class='ocrx_word' id='word_1_274' title='bbox 622 2335 835 2387; x_wconf 57' lang='lat' dir='ltr'><strong>timuisti</strong></span> <span class='ocrx_word' id='word_1_275' title='bbox 867 2347 947 2387; x_wconf 57' lang='lat' dir='ltr'><strong>cst</strong></span> <span class='ocrx_word' id='word_1_276' title='bbox 979 2334 1251 2400; x_wconf 48' lang='lat' dir='ltr'><strong>[Christum</strong></span> <span class='ocrx_word' id='word_1_277' title='bbox 1297 2349 1394 2404; x_wconf 77' lang='lat' dir='ltr'><strong>per</strong></span> <span class='ocrx_word' id='word_1_278' title='bbox 1432 2347 1602 2404; x_wconf 75' lang='lat' dir='ltr'><strong>quem</strong></span> <span class='ocrx_word' id='word_1_279' title='bbox 1646 2331 1863 2389; x_wconf 76' lang='lat' dir='ltr'><strong>miseris</strong></span> <span class='ocrx_word' id='word_1_280' title='bbox 1892 2338 1977 2387; x_wconf 80' lang='lat' dir='ltr'><strong>est</strong></span> 
     </span>
     <span class='ocr_line' id='line_1_39' title="bbox 386 2423 1974 2506; baseline -0.003 -24"><span class='ocrx_word' id='word_1_281' title='bbox 386 2427 666 2485; x_wconf 88' lang='lat' dir='ltr'><strong>misertus.</strong></span> <span class='ocrx_word' id='word_1_282' title='bbox 698 2427 1069 2481; x_wconf 75' lang='lat' dir='ltr'><strong>Misericordia</strong></span> <span class='ocrx_word' id='word_1_283' title='bbox 1119 2441 1251 2497; x_wconf 84' lang='lat' dir='ltr'><strong>ergo</strong></span> <span class='ocrx_word' id='word_1_284' title='bbox 1282 2424 1503 2481; x_wconf 74' lang='lat' dir='ltr'><strong>Domini</strong></span> <span class='ocrx_word' id='word_1_285' title='bbox 1540 2433 1628 2481; x_wconf 91' lang='lat' dir='ltr'><strong>est</strong></span> <span class='ocrx_word' id='word_1_286' title='bbox 1643 2425 1720 2506; x_wconf 33' lang='lat' dir='ltr'><strong>‘in</strong></span> <span class='ocrx_word' id='word_1_287' title='bbox 1743 2423 1892 2492; x_wconf 79' lang='lat' dir='ltr'><strong>coelo,</strong></span> <span class='ocrx_word' id='word_1_288' title='bbox 1919 2423 1974 2479; x_wconf 81' lang='lat' dir='ltr'><strong>id</strong></span> 
     </span>
     <span class='ocr_line' id='line_1_40' title="bbox 384 2516 1977 2589; baseline 0 -16"><span class='ocrx_word' id='word_1_289' title='bbox 384 2526 490 2584; x_wconf 90' lang='lat' dir='ltr'><strong>est,</strong></span> <span class='ocrx_word' id='word_1_290' title='bbox 522 2517 777 2574; x_wconf 81' lang='lat' dir='ltr'><strong>Christus</strong></span> <span class='ocrx_word' id='word_1_291' title='bbox 808 2518 863 2573; x_wconf 84' lang='lat' dir='ltr'><strong>in</strong></span> <span class='ocrx_word' id='word_1_292' title='bbox 899 2516 1166 2584; x_wconf 79' lang='lat' dir='ltr'><strong>Ecclesia,</strong></span> <span class='ocrx_word' id='word_1_293' title='bbox 1193 2518 1355 2588; x_wconf 68' lang='lat' dir='ltr'><strong>citius</strong></span> <span class='ocrx_word' id='word_1_294' title='bbox 1394 2517 1570 2589; x_wconf 68' lang='lat' dir='ltr'><strong>gratia</strong></span> <span class='ocrx_word' id='word_1_295' title='bbox 1603 2517 1742 2589; x_wconf 79' lang='lat' dir='ltr'><strong>justi</strong></span> <span class='ocrx_word' id='word_1_296' title='bbox 1771 2517 1977 2573; x_wconf 71' lang='lat' dir='ltr'><strong>daemo-</strong></span> 
     </span>
     <span class='ocr_line' id='line_1_41' title="bbox 388 2608 1973 2681; baseline -0.001 -17"><span class='ocrx_word' id='word_1_297' title='bbox 388 2624 487 2665; x_wconf 86' lang='lat' dir='ltr'><strong>nes</strong></span> <span class='ocrx_word' id='word_1_298' title='bbox 529 2608 779 2676; x_wconf 88' lang='lat' dir='ltr'><strong>vincunt,</strong></span> <span class='ocrx_word' id='word_1_299' title='bbox 804 2608 900 2681; x_wconf 77' lang='lat' dir='ltr'><strong>qui</strong></span> <span class='ocrx_word' id='word_1_300' title='bbox 941 2610 1010 2664; x_wconf 81' lang='lat' dir='ltr'><strong>de</strong></span> <span class='ocrx_word' id='word_1_301' title='bbox 1056 2609 1427 2666; x_wconf 75' lang='lat' dir='ltr'><strong>misericordia</strong></span> <span class='ocrx_word' id='word_1_302' title='bbox 1465 2610 1586 2680; x_wconf 85' lang='lat' dir='ltr'><strong>ejus</strong></span> <span class='ocrx_word' id='word_1_303' title='bbox 1612 2615 1973 2679; x_wconf 76' lang='lat' dir='ltr'><strong>praesiunnnt.</strong></span> 
     </span>
     <span class='ocr_line' id='line_1_42' title="bbox 387 2698 1974 2773; baseline 0.001 -19"><span class='ocrx_word' id='word_1_304' title='bbox 387 2698 487 2756; x_wconf 82' lang='lat' dir='ltr'><strong>Hic</strong></span> <span class='ocrx_word' id='word_1_305' title='bbox 507 2700 836 2759; x_wconf 79' lang='lat' dir='ltr'><strong>describitur</strong></span> <span class='ocrx_word' id='word_1_306' title='bbox 867 2701 1152 2772; x_wconf 80' lang='lat' dir='ltr'><strong>multiplex</strong></span> <span class='ocrx_word' id='word_1_307' title='bbox 1185 2702 1359 2773; x_wconf 77' lang='lat' dir='ltr'><strong>gratia</strong></span> <span class='ocrx_word' id='word_1_308' title='bbox 1391 2700 1760 2771; x_wconf 79' lang='lat' dir='ltr'><strong>peregrinanti</strong></span> <span class='ocrx_word' id='word_1_309' title='bbox 1781 2699 1974 2756; x_wconf 81' lang='lat' dir='ltr'><strong>Eccle-</strong></span> 
     </span>
     <span class='ocr_line' id='line_1_43' title="bbox 385 2791 1977 2865; baseline 0.001 -17"><span class='ocrx_word' id='word_1_310' title='bbox 385 2791 483 2848; x_wconf 73' lang='lat' dir='ltr'><strong>siae</strong></span> <span class='ocrx_word' id='word_1_311' title='bbox 526 2801 850 2863; x_wconf 67' lang='lat' dir='ltr'><strong>praerogata,</strong></span> <span class='ocrx_word' id='word_1_312' title='bbox 879 2800 939 2848; x_wconf 88' lang='lat' dir='ltr'><strong>et</strong></span> <span class='ocrx_word' id='word_1_313' title='bbox 985 2791 1275 2849; x_wconf 67' lang='lat' dir='ltr'><strong>ineffabilis</strong></span> <span class='ocrx_word' id='word_1_314' title='bbox 1298 2793 1496 2865; x_wconf 76' lang='lat' dir='ltr'><strong>gloria,</strong></span> <span class='ocrx_word' id='word_1_315' title='bbox 1524 2807 1648 2864; x_wconf 80' lang='lat' dir='ltr'><strong>quae</strong></span> <span class='ocrx_word' id='word_1_316' title='bbox 1669 2801 1977 2865; x_wconf 63' lang='lat' dir='ltr'><strong>regnaturae</strong></span> 
     </span>
     <span class='ocr_line' id='line_1_44' title="bbox 384 2884 1975 2957; baseline 0.001 -19"><span class='ocrx_word' id='word_1_317' title='bbox 384 2892 473 2938; x_wconf 87' lang='lat' dir='ltr'><strong>est</strong></span> <span class='ocrx_word' id='word_1_318' title='bbox 493 2891 816 2954; x_wconf 81' lang='lat' dir='ltr'><strong>praeparata,</strong></span> <span class='ocrx_word' id='word_1_319' title='bbox 847 2884 995 2955; x_wconf 88' lang='lat' dir='ltr'><strong>quod</strong></span> <span class='ocrx_word' id='word_1_320' title='bbox 1026 2884 1279 2940; x_wconf 79' lang='lat' dir='ltr'><strong>videlicet</strong></span> <span class='ocrx_word' id='word_1_321' title='bbox 1314 2884 1497 2940; x_wconf 77' lang='lat' dir='ltr'><strong>ocutus</strong></span> <span class='ocrx_word' id='word_1_322' title='bbox 1533 2901 1638 2939; x_wconf 82' lang='lat' dir='ltr'><strong>nou</strong></span> <span class='ocrx_word' id='word_1_323' title='bbox 1666 2885 1819 2949; x_wconf 70' lang='lat' dir='ltr'><strong>uidit,</strong></span> <span class='ocrx_word' id='word_1_324' title='bbox 1844 2885 1975 2957; x_wconf 85' lang='lat' dir='ltr'><strong>quia</strong></span> 
     </span>
    </p>
   </div>
   <div class='ocr_carea' id='block_1_10' title="bbox 2000 1648 3660 1746">
    <p class='ocr_par' dir='ltr' id='par_1_10' title="bbox 2000 1648 3660 1746">
     <span class='ocr_line' id='line_1_45' title="bbox 2000 1648 3660 1746; baseline -0.003 -12"><span class='ocrx_word' id='word_1_325' title='bbox 2000 1648 2051 1711; x_wconf 79' lang='lat' dir='ltr'>B</span> <span class='ocrx_word' id='word_1_326' title='bbox 2077 1687 2209 1734; x_wconf 88' lang='lat' dir='ltr'><strong>runt</strong></span> <span class='ocrx_word' id='word_1_327' title='bbox 2229 1679 2614 1745; x_wconf 82' lang='lat' dir='ltr'><strong>daemoncs,ne</strong></span> <span class='ocrx_word' id='word_1_328' title='bbox 2637 1692 2734 1735; x_wconf 86' lang='lat' dir='ltr'><strong>eos</strong></span> <span class='ocrx_word' id='word_1_329' title='bbox 2752 1677 3020 1733; x_wconf 87' lang='lat' dir='ltr'><strong>Dominus</strong></span> <span class='ocrx_word' id='word_1_330' title='bbox 3057 1676 3295 1732; x_wconf 86' lang='lat' dir='ltr'><strong>mitteret</strong></span> <span class='ocrx_word' id='word_1_331' title='bbox 3318 1676 3374 1729; x_wconf 86' lang='lat' dir='ltr'><strong>in</strong></span> <span class='ocrx_word' id='word_1_332' title='bbox 3412 1675 3660 1746; x_wconf 67' lang='lat' dir='ltr'><strong>abyssum</strong></span> 
     </span>
    </p>
   </div>
   <div class='ocr_carea' id='block_1_11' title="bbox 2075 1765 3668 2944">
    <p class='ocr_par' dir='ltr' id='par_1_11' title="bbox 2075 1765 3668 2944">
     <span class='ocr_line' id='line_1_46' title="bbox 2080 1765 3663 1842; baseline -0.003 -20"><span class='ocrx_word' id='word_1_333' title='bbox 2080 1767 2232 1842; x_wconf 84' lang='lat' dir='ltr'><strong>(Luc.</strong></span> <span class='ocrx_word' id='word_1_334' title='bbox 2263 1785 2383 1837; x_wconf 83' lang='lat' dir='ltr'><strong>vni,</strong></span> <span class='ocrx_word' id='word_1_335' title='bbox 2412 1769 2526 1842; x_wconf 81' lang='lat'><strong>51).</strong></span> <span class='ocrx_word' id='word_1_336' title='bbox 2558 1767 2662 1836; x_wconf 88' lang='lat' dir='ltr'><strong>Qui</strong></span> <span class='ocrx_word' id='word_1_337' title='bbox 2694 1769 2749 1823; x_wconf 90' lang='lat' dir='ltr'><strong>in</strong></span> <span class='ocrx_word' id='word_1_338' title='bbox 2791 1783 2961 1822; x_wconf 90' lang='lat' dir='ltr'><strong>unum</strong></span> <span class='ocrx_word' id='word_1_339' title='bbox 3012 1765 3205 1821; x_wconf 82' lang='lat' dir='ltr'><strong>mediae</strong></span> <span class='ocrx_word' id='word_1_340' title='bbox 3243 1765 3428 1838; x_wconf 83' lang='lat' dir='ltr'><strong>abyssi</strong></span> <span class='ocrx_word' id='word_1_341' title='bbox 3467 1775 3663 1836; x_wconf 84' lang='lat' dir='ltr'><strong>sponte</strong></span> 
     </span>
     <span class='ocr_line' id='line_1_47' title="bbox 2075 1853 3663 1934; baseline -0.006 -16"><span class='ocrx_word' id='word_1_342' title='bbox 2075 1861 2383 1928; x_wconf 73' lang='lat' dir='ltr'><strong>descendit,</strong></span> <span class='ocrx_word' id='word_1_343' title='bbox 2426 1861 2572 1915; x_wconf 83' lang='lat' dir='ltr'><strong>hunc</strong></span> <span class='ocrx_word' id='word_1_344' title='bbox 2620 1858 2834 1934; x_wconf 84' lang='lat' dir='ltr'><strong>pondus</strong></span> <span class='ocrx_word' id='word_1_345' title='bbox 2869 1858 3104 1929; x_wconf 86' lang='lat' dir='ltr'><strong>desuper</strong></span> <span class='ocrx_word' id='word_1_346' title='bbox 3147 1855 3439 1928; x_wconf 88' lang='lat' dir='ltr'><strong>pendentis</strong></span> <span class='ocrx_word' id='word_1_347' title='bbox 3477 1853 3663 1927; x_wconf 77' lang='lat' dir='ltr'><strong>abyssi</strong></span> 
     </span>
     <span class='ocr_line' id='line_1_48' title="bbox 2076 1947 3666 2024; baseline -0.005 -15"><span class='ocrx_word' id='word_1_348' title='bbox 2076 1953 2299 2024; x_wconf 77' lang='lat' dir='ltr'><strong>premit,</strong></span> <span class='ocrx_word' id='word_1_349' title='bbox 2330 1960 2386 2008; x_wconf 90' lang='lat' dir='ltr'><strong>et</strong></span> <span class='ocrx_word' id='word_1_350' title='bbox 2419 1952 2475 2007; x_wconf 90' lang='lat' dir='ltr'><strong>in</strong></span> <span class='ocrx_word' id='word_1_351' title='bbox 2503 1950 2839 2022; x_wconf 79' lang='lat' dir='ltr'><strong>profundum</strong></span> <span class='ocrx_word' id='word_1_352' title='bbox 2866 1950 3055 2005; x_wconf 86' lang='lat' dir='ltr'><strong>subter</strong></span> <span class='ocrx_word' id='word_1_353' title='bbox 3085 1948 3320 2019; x_wconf 85' lang='lat' dir='ltr'><strong>patentis</strong></span> <span class='ocrx_word' id='word_1_354' title='bbox 3348 1947 3538 2019; x_wconf 79' lang='lat' dir='ltr'><strong>abyssi</strong></span> <span class='ocrx_word' id='word_1_355' title='bbox 3562 1947 3666 2001; x_wconf 86' lang='lat' dir='ltr'><strong>de·</strong></span> 
     </span>
     <span class='ocr_line' id='line_1_49' title="bbox 2077 2040 3663 2116; baseline -0.006 -15"><span class='ocrx_word' id='word_1_356' title='bbox 2077 2047 2292 2116; x_wconf 82' lang='lat' dir='ltr'><strong>mergit.</strong></span> <span class='ocrx_word' id='word_1_357' title='bbox 2325 2044 2517 2101; x_wconf 83' lang='lat' dir='ltr'><strong>Merito</strong></span> <span class='ocrx_word' id='word_1_358' title='bbox 2541 2043 2819 2108; x_wconf 85' lang='lat' dir='ltr'><strong>dicuntur,</strong></span> <span class='ocrx_word' id='word_1_359' title='bbox 2845 2042 3062 2115; x_wconf 79' lang='lat' dir='ltr'><strong>judicia</strong></span> <span class='ocrx_word' id='word_1_360' title='bbox 3090 2041 3185 2096; x_wconf 81' lang='lat' dir='ltr'><strong>Dei</strong></span> <span class='ocrx_word' id='word_1_361' title='bbox 3213 2040 3433 2112; x_wconf 74' lang='lat' dir='ltr'><strong>abyssus</strong></span> <span class='ocrx_word' id='word_1_362' title='bbox 3465 2041 3663 2108; x_wconf 79' lang='lat' dir='ltr'><strong>multa,</strong></span> 
     </span>
     <span class='ocr_line' id='line_1_50' title="bbox 2076 2131 3663 2210; baseline -0.003 -18"><span class='ocrx_word' id='word_1_363' title='bbox 2076 2137 2206 2210; x_wconf 88' lang='lat' dir='ltr'><strong>quia</strong></span> <span class='ocrx_word' id='word_1_364' title='bbox 2239 2137 2383 2193; x_wconf 88' lang='lat' dir='ltr'><strong>sicut</strong></span> <span class='ocrx_word' id='word_1_365' title='bbox 2412 2137 2595 2209; x_wconf 78' lang='lat' dir='ltr'><strong>magni</strong></span> <span class='ocrx_word' id='word_1_366' title='bbox 2622 2136 2797 2210; x_wconf 66' lang='lat' dir='ltr'><strong>pelagi</strong></span> <span class='ocrx_word' id='word_1_367' title='bbox 2821 2135 3036 2190; x_wconf 80' lang='lat' dir='ltr'><strong>interna</strong></span> <span class='ocrx_word' id='word_1_368' title='bbox 3061 2133 3287 2188; x_wconf 86' lang='lat' dir='ltr'><strong>minime</strong></span> <span class='ocrx_word' id='word_1_369' title='bbox 3328 2131 3663 2204; x_wconf 81' lang='lat' dir='ltr'><strong>perspicere,</strong></span> 
     </span>
     <span class='ocr_line' id='line_1_51' title="bbox 2077 2226 3664 2302; baseline -0.002 -16"><span class='ocrx_word' id='word_1_370' title='bbox 2077 2247 2178 2286; x_wconf 85' lang='lat' dir='ltr'><strong>nec</strong></span> <span class='ocrx_word' id='word_1_371' title='bbox 2196 2228 2466 2286; x_wconf 87' lang='lat' dir='ltr'><strong>latissima</strong></span> <span class='ocrx_word' id='word_1_372' title='bbox 2484 2229 2605 2302; x_wconf 85' lang='lat' dir='ltr'><strong>ejus</strong></span> <span class='ocrx_word' id='word_1_373' title='bbox 2633 2228 2806 2301; x_wconf 87' lang='lat' dir='ltr'><strong>spatia</strong></span> <span class='ocrx_word' id='word_1_374' title='bbox 2830 2242 3124 2300; x_wconf 88' lang='lat' dir='ltr'><strong>possumus</strong></span> <span class='ocrx_word' id='word_1_375' title='bbox 3146 2226 3615 2296; x_wconf 83' lang='lat' dir='ltr'><strong>comprehendere</strong></span> <span class='ocrx_word' id='word_1_376' title='bbox 3644 2243 3664 2283; x_wconf 71' lang='grc' dir='ltr'><strong>ε</strong></span> 
     </span>
     <span class='ocr_line' id='line_1_52' title="bbox 2078 2316 3668 2392; baseline -0.001 -16"><span class='ocrx_word' id='word_1_377' title='bbox 2078 2321 2158 2376; x_wconf 88' lang='lat' dir='ltr'><strong>sic</strong></span> <span class='ocrx_word' id='word_1_378' title='bbox 2181 2320 2365 2376; x_wconf 85' lang='lat' dir='ltr'><strong>divina</strong></span> <span class='ocrx_word' id='word_1_379' title='bbox 2388 2319 2595 2392; x_wconf 82' lang='lat' dir='ltr'><strong>judicia</strong></span> <span class='ocrx_word' id='word_1_380' title='bbox 2630 2334 2732 2375; x_wconf 89' lang='lat' dir='ltr'><strong>nec</strong></span> <span class='ocrx_word' id='word_1_381' title='bbox 2764 2326 2943 2375; x_wconf 88' lang='lat' dir='ltr'><strong>mente</strong></span> <span class='ocrx_word' id='word_1_382' title='bbox 2982 2316 3295 2392; x_wconf 85' lang='lat' dir='ltr'><strong>complecti,</strong></span> <span class='ocrx_word' id='word_1_383' title='bbox 3323 2332 3426 2372; x_wconf 86' lang='lat' dir='ltr'><strong>nec</strong></span> <span class='ocrx_word' id='word_1_384' title='bbox 3451 2316 3668 2374; x_wconf 75' lang='lat' dir='ltr'><strong>ratione</strong></span> 
     </span>
     <span class='ocr_line' id='line_1_53' title="bbox 2077 2403 3664 2484; baseline 0.001 -17"><span class='ocrx_word' id='word_1_385' title='bbox 2077 2411 2310 2470; x_wconf 86' lang='lat' dir='ltr'><strong>diffinire</strong></span> <span class='ocrx_word' id='word_1_386' title='bbox 2336 2413 2720 2484; x_wconf 74' lang='lat' dir='ltr'><strong>praevalemuS,</strong></span> <span class='ocrx_word' id='word_1_387' title='bbox 2754 2428 2854 2469; x_wconf 89' lang='lat' dir='ltr'><strong>cur</strong></span> <span class='ocrx_word' id='word_1_388' title='bbox 2887 2411 3039 2467; x_wconf 88' lang='lat' dir='ltr'><strong>illum</strong></span> <span class='ocrx_word' id='word_1_389' title='bbox 3069 2412 3224 2483; x_wconf 80' lang='lat' dir='ltr'><strong>sequi</strong></span> <span class='ocrx_word' id='word_1_390' title='bbox 3252 2403 3526 2467; x_wconf 78' lang='lat' dir='ltr'><strong>volentem</strong></span> <span class='ocrx_word' id='word_1_391' title='bbox 3552 2427 3664 2468; x_wconf 88' lang='lat' dir='ltr'><strong>non</strong></span> 
     </span>
     <span class='ocr_line' id='line_1_54' title="bbox 2076 2503 3665 2577; baseline 0.001 -18"><span class='ocrx_word' id='word_1_392' title='bbox 2076 2505 2374 2577; x_wconf 88' lang='lat' dir='ltr'><strong>permittat,</strong></span> <span class='ocrx_word' id='word_1_393' title='bbox 2398 2504 2564 2560; x_wconf 89' lang='lat' dir='ltr'><strong>istum</strong></span> <span class='ocrx_word' id='word_1_394' title='bbox 2589 2506 2865 2560; x_wconf 86' lang='lat' dir='ltr'><strong>nolentem</strong></span> <span class='ocrx_word' id='word_1_395' title='bbox 2893 2505 3163 2573; x_wconf 79' lang='lat' dir='ltr'><strong>attrahat3</strong></span> <span class='ocrx_word' id='word_1_396' title='bbox 3200 2504 3353 2561; x_wconf 88' lang='lat' dir='ltr'><strong>illum</strong></span> <span class='ocrx_word' id='word_1_397' title='bbox 3405 2505 3458 2559; x_wconf 89' lang='lat' dir='ltr'><strong>in</strong></span> <span class='ocrx_word' id='word_1_398' title='bbox 3500 2503 3665 2560; x_wconf 84' lang='lat' dir='ltr'><strong>malis</strong></span> 
     </span>
     <span class='ocr_line' id='line_1_55' title="bbox 2077 2577 3666 2662; baseline -0.003 -10"><span class='ocrx_word' id='word_1_399' title='bbox 2077 2577 2439 2652; x_wconf 77' lang='lat' dir='ltr'><strong>inveteratum</strong></span> <span class='ocrx_word' id='word_1_400' title='bbox 2487 2597 2553 2652; x_wconf 87' lang='lat' dir='ltr'><strong>ad</strong></span> <span class='ocrx_word' id='word_1_401' title='bbox 2589 2597 2757 2651; x_wconf 89' lang='lat' dir='ltr'><strong>vitam</strong></span> <span class='ocrx_word' id='word_1_402' title='bbox 2794 2604 3060 2662; x_wconf 88' lang='lat' dir='ltr'><strong>assumat,</strong></span> <span class='ocrx_word' id='word_1_403' title='bbox 3093 2596 3259 2652; x_wconf 90' lang='lat' dir='ltr'><strong>istum</strong></span> <span class='ocrx_word' id='word_1_404' title='bbox 3284 2595 3344 2650; x_wconf 84' lang='lat' dir='ltr'><strong>in</strong></span> <span class='ocrx_word' id='word_1_405' title='bbox 3373 2591 3536 2649; x_wconf 89' lang='lat' dir='ltr'><strong>bonis</strong></span> <span class='ocrx_word' id='word_1_406' title='bbox 3570 2594 3666 2649; x_wconf 87' lang='lat' dir='ltr'><strong>de·</strong></span> 
     </span>
     <span class='ocr_line' id='line_1_56' title="bbox 2076 2684 3665 2758; baseline -0.002 -15"><span class='ocrx_word' id='word_1_407' title='bbox 2076 2686 2342 2758; x_wconf 87' lang='lat' dir='ltr'><strong>crepitum</strong></span> <span class='ocrx_word' id='word_1_408' title='bbox 2391 2686 2644 2758; x_wconf 87' lang='lat' dir='ltr'><strong>abjiciat;</strong></span> <span class='ocrx_word' id='word_1_409' title='bbox 2694 2687 2928 2743; x_wconf 79' lang='lat' dir='ltr'><strong>infidelis</strong></span> <span class='ocrx_word' id='word_1_410' title='bbox 2959 2685 3224 2742; x_wconf 77' lang='lat' dir='ltr'><strong>infantem</strong></span> <span class='ocrx_word' id='word_1_411' title='bbox 3274 2685 3460 2758; x_wconf 79' lang='lat' dir='ltr'><strong>eligat,</strong></span> <span class='ocrx_word' id='word_1_412' title='bbox 3486 2684 3665 2740; x_wconf 80' lang='lat' dir='ltr'><strong>tidelis</strong></span> 
     </span>
     <span class='ocr_line' id='line_1_57' title="bbox 2076 2774 3667 2850; baseline -0.001 -18"><span class='ocrx_word' id='word_1_413' title='bbox 2076 2794 2206 2833; x_wconf 88' lang='lat' dir='ltr'><strong>vero</strong></span> <span class='ocrx_word' id='word_1_414' title='bbox 2234 2787 2476 2850; x_wconf 85' lang='lat' dir='ltr'><strong>respuat,</strong></span> <span class='ocrx_word' id='word_1_415' title='bbox 2506 2779 2647 2835; x_wconf 90' lang='lat' dir='ltr'><strong>duos</strong></span> <span class='ocrx_word' id='word_1_416' title='bbox 2678 2778 2733 2833; x_wconf 87' lang='lat' dir='ltr'><strong>in</strong></span> <span class='ocrx_word' id='word_1_417' title='bbox 2768 2778 2978 2833; x_wconf 84' lang='lat' dir='ltr'><strong>malitia</strong></span> <span class='ocrx_word' id='word_1_418' title='bbox 3001 2777 3241 2850; x_wconf 81' lang='lat' dir='ltr'><strong>aequales</strong></span> <span class='ocrx_word' id='word_1_419' title='bbox 3265 2793 3435 2831; x_wconf 76' lang='lat' dir='ltr'><strong>urium</strong></span> <span class='ocrx_word' id='word_1_420' title='bbox 3459 2774 3527 2830; x_wconf 88' lang='lat' dir='ltr'><strong>ad</strong></span> <span class='ocrx_word' id='word_1_421' title='bbox 3562 2776 3667 2831; x_wconf 88' lang='lat' dir='ltr'><strong>bo-</strong></span> 
     </span>
     <span class='ocr_line' id='line_1_58' title="bbox 2076 2865 3665 2944; baseline -0.002 -20"><span class='ocrx_word' id='word_1_422' title='bbox 2076 2885 2211 2924; x_wconf 90' lang='lat' dir='ltr'><strong>num</strong></span> <span class='ocrx_word' id='word_1_423' title='bbox 2268 2879 2571 2938; x_wconf 89' lang='lat' dir='ltr'><strong>convertat,</strong></span> <span class='ocrx_word' id='word_1_424' title='bbox 2605 2871 2837 2926; x_wconf 88' lang='lat' dir='ltr'><strong>alterum</strong></span> <span class='ocrx_word' id='word_1_425' title='bbox 2889 2869 2943 2944; x_wconf 75' lang='lat' dir='ltr'><strong>in</strong></span> <span class='ocrx_word' id='word_1_426' title='bbox 2985 2869 3130 2925; x_wconf 91' lang='lat' dir='ltr'><strong>malo</strong></span> <span class='ocrx_word' id='word_1_427' title='bbox 3186 2868 3478 2939; x_wconf 85' lang='lat' dir='ltr'><strong>relinquat.</strong></span> <span class='ocrx_word' id='word_1_428' title='bbox 3520 2865 3665 2939; x_wconf 77' lang='lat' dir='ltr'><strong>Ergo</strong></span> 
     </span>
    </p>
   </div>
   <div class='ocr_carea' id='block_1_12' title="bbox 389 2956 3661 3048">
    <p class='ocr_par' dir='ltr' id='par_1_12' title="bbox 389 2956 3661 3048">
     <span class='ocr_line' id='line_1_59' title="bbox 389 2956 3661 3048; baseline -0.001 -32"><span class='ocrx_word' id='word_1_429' title='bbox 389 2988 501 3029; x_wconf 76' lang='lat' dir='ltr'><strong>non</strong></span> <span class='ocrx_word' id='word_1_430' title='bbox 530 2983 615 3029; x_wconf 88' lang='lat' dir='ltr'><strong>est</strong></span> <span class='ocrx_word' id='word_1_431' title='bbox 658 2975 833 3042; x_wconf 64' lang='lat' dir='ltr'><strong>color,</strong></span> <span class='ocrx_word' id='word_1_432' title='bbox 861 2983 922 3031; x_wconf 60' lang='lat' dir='ltr'><strong>ut</strong></span> <span class='ocrx_word' id='word_1_433' title='bbox 951 2975 1120 3031; x_wconf 60' lang='lat' dir='ltr'><strong>,Meri</strong></span> <span class='ocrx_word' id='word_1_434' title='bbox 1160 2976 1370 3048; x_wconf 59' lang='lat'><strong>9053133</strong></span> <span class='ocrx_word' id='word_1_435' title='bbox 1405 2991 1500 3031; x_wconf 55' lang='grc' dir='ltr'><strong>,ως</strong></span> <span class='ocrx_word' id='word_1_436' title='bbox 1544 2975 1693 3032; x_wconf 62' lang='lat' dir='ltr'><strong>mm,</strong></span> <span class='ocrx_word' id='word_1_437' title='bbox 1744 2974 1973 3042; x_wconf 55' lang='lat' dir='ltr'><strong>agaim,</strong></span> <span class='ocrx_word' id='word_1_438' title='bbox 2002 2985 2046 3043; x_wconf 50' lang='grc' dir='ltr'><strong>(ἶ</strong></span> <span class='ocrx_word' id='word_1_439' title='bbox 2078 2959 2300 3032; x_wconf 82' lang='lat' dir='ltr'><strong>quidam</strong></span> <span class='ocrx_word' id='word_1_440' title='bbox 2341 2960 2719 3019; x_wconf 83' lang='lat' dir='ltr'><strong>misericordia</strong></span> <span class='ocrx_word' id='word_1_441' title='bbox 2750 2959 3033 3033; x_wconf 69' lang='lat' dir='ltr'><strong>praeventi,</strong></span> <span class='ocrx_word' id='word_1_442' title='bbox 3057 2958 3285 3016; x_wconf 84' lang='lat' dir='ltr'><strong>veritate</strong></span> <span class='ocrx_word' id='word_1_443' title='bbox 3315 2956 3571 3016; x_wconf 86' lang='lat' dir='ltr'><strong>illustrati</strong></span> <span class='ocrx_word' id='word_1_444' title='bbox 3603 2957 3661 3013; x_wconf 84' lang='lat' dir='ltr'><strong>in</strong></span> 
     </span>
    </p>
   </div>
   <div class='ocr_carea' id='block_1_13' title="bbox 385 3064 1979 4329">
    <p class='ocr_par' dir='ltr' id='par_1_13' title="bbox 385 3064 1979 3504">
     <span class='ocr_line' id='line_1_60' title="bbox 387 3064 1978 3138; baseline 0.004 -19"><span class='ocrx_word' id='word_1_445' title='bbox 387 3064 518 3135; x_wconf 88' lang='lat' dir='ltr'><strong>quia</strong></span> <span class='ocrx_word' id='word_1_446' title='bbox 550 3079 659 3120; x_wconf 89' lang='lat' dir='ltr'><strong>nou</strong></span> <span class='ocrx_word' id='word_1_447' title='bbox 685 3073 771 3122; x_wconf 88' lang='lat' dir='ltr'><strong>est</strong></span> <span class='ocrx_word' id='word_1_448' title='bbox 791 3081 987 3135; x_wconf 84' lang='lat' dir='ltr'><strong>sonus,</strong></span> <span class='ocrx_word' id='word_1_449' title='bbox 1013 3077 1075 3124; x_wconf 93' lang='lat' dir='ltr'><strong>ut</strong></span> <span class='ocrx_word' id='word_1_450' title='bbox 1105 3067 1286 3123; x_wconf 82' lang='lat' dir='ltr'><strong>audiri</strong></span> <span class='ocrx_word' id='word_1_451' title='bbox 1322 3068 1528 3138; x_wconf 84' lang='lat' dir='ltr'><strong>possit;</strong></span> <span class='ocrx_word' id='word_1_452' title='bbox 1555 3083 1650 3123; x_wconf 75' lang='lat' dir='ltr'><strong>uec</strong></span> <span class='ocrx_word' id='word_1_453' title='bbox 1677 3068 1732 3125; x_wconf 76' lang='lat' dir='ltr'><strong>iu</strong></span> <span class='ocrx_word' id='word_1_454' title='bbox 1758 3084 1858 3123; x_wconf 79' lang='lat' dir='ltr'><strong>mr</strong></span> <span class='ocrx_word' id='word_1_455' title='bbox 1881 3068 1978 3125; x_wconf 78' lang='grc' dir='ltr'><strong><em>Ιιο-</em></strong></span> 
     </span>
     <span class='ocr_line' id='line_1_61' title="bbox 387 3155 1978 3233; baseline 0.006 -25"><span class='ocrx_word' id='word_1_456' title='bbox 387 3155 547 3210; x_wconf 73' lang='grc' dir='ltr'><strong>ηιί;.ε·ε</strong></span> <span class='ocrx_word' id='word_1_457' title='bbox 592 3157 854 3225; x_wconf 74' lang='lat' dir='ltr'><strong>ascendit,</strong></span> <span class='ocrx_word' id='word_1_458' title='bbox 901 3158 1034 3229; x_wconf 82' lang='lat' dir='ltr'><strong>qnia</strong></span> <span class='ocrx_word' id='word_1_459' title='bbox 1077 3174 1188 3214; x_wconf 90' lang='lat' dir='ltr'><strong>non</strong></span> <span class='ocrx_word' id='word_1_460' title='bbox 1236 3167 1324 3215; x_wconf 90' lang='lat' dir='ltr'><strong>est</strong></span> <span class='ocrx_word' id='word_1_461' title='bbox 1369 3158 1568 3227; x_wconf 75' lang='lat' dir='ltr'><strong>torma,</strong></span> <span class='ocrx_word' id='word_1_462' title='bbox 1595 3168 1652 3214; x_wconf 87' lang='lat' dir='ltr'><strong>ut</strong></span> <span class='ocrx_word' id='word_1_463' title='bbox 1686 3159 1978 3233; x_wconf 68' lang='lat' dir='ltr'><strong>imaginari</strong></span> 
     </span>
     <span class='ocr_line' id='line_1_62' title="bbox 385 3242 1979 3324; baseline 0.001 -21"><span class='ocrx_word' id='word_1_464' title='bbox 385 3242 585 3321; x_wconf 82' lang='lat' dir='ltr'><strong>possit,</strong></span> <span class='ocrx_word' id='word_1_465' title='bbox 641 3266 762 3321; x_wconf 66' lang='lat' dir='ltr'><strong>quat</strong></span> <span class='ocrx_word' id='word_1_466' title='bbox 801 3251 1127 3322; x_wconf 65' lang='lat' dir='ltr'><strong>praeparauit</strong></span> <span class='ocrx_word' id='word_1_467' title='bbox 1176 3250 1319 3307; x_wconf 70' lang='lat' dir='ltr'><strong>Deus</strong></span> <span class='ocrx_word' id='word_1_468' title='bbox 1355 3249 1704 3324; x_wconf 62' lang='lat' dir='ltr'><strong>diligentibus</strong></span> <span class='ocrx_word' id='word_1_469' title='bbox 1743 3267 1822 3320; x_wconf 74' lang='lat' dir='ltr'><strong>ae,</strong></span> <span class='ocrx_word' id='word_1_470' title='bbox 1853 3267 1979 3323; x_wconf 83' lang='lat' dir='ltr'><strong>qttae</strong></span> 
     </span>
     <span class='ocr_line' id='line_1_63' title="bbox 387 3339 1979 3416; baseline 0.003 -21"><span class='ocrx_word' id='word_1_471' title='bbox 387 3347 518 3395; x_wconf 83' lang='lat' dir='ltr'><strong>sunt</strong></span> <span class='ocrx_word' id='word_1_472' title='bbox 555 3354 680 3410; x_wconf 83' lang='lat' dir='ltr'><strong>pax,</strong></span> <span class='ocrx_word' id='word_1_473' title='bbox 713 3352 769 3395; x_wconf 87' lang='lat' dir='ltr'><strong>et</strong></span> <span class='ocrx_word' id='word_1_474' title='bbox 799 3340 1084 3413; x_wconf 76' lang='lat' dir='ltr'><strong>gaudium,</strong></span> <span class='ocrx_word' id='word_1_475' title='bbox 1115 3357 1239 3412; x_wconf 64' lang='lat' dir='ltr'><strong>quae</strong></span> <span class='ocrx_word' id='word_1_476' title='bbox 1286 3341 1406 3399; x_wconf 78' lang='lat' dir='ltr'><strong>sula</strong></span> <span class='ocrx_word' id='word_1_477' title='bbox 1435 3347 1624 3397; x_wconf 72' lang='lat' dir='ltr'><strong>mente</strong></span> <span class='ocrx_word' id='word_1_478' title='bbox 1661 3339 1979 3416; x_wconf 76' lang='lat' dir='ltr'><strong>intelligun-</strong></span> 
     </span>
     <span class='ocr_line' id='line_1_64' title="bbox 388 3429 1264 3504; baseline 0.003 -20"><span class='ocrx_word' id='word_1_479' title='bbox 388 3439 477 3485; x_wconf 90' lang='lat' dir='ltr'><strong>tur</strong></span> <span class='ocrx_word' id='word_1_480' title='bbox 503 3429 556 3501; x_wconf 86' lang='grc'><strong>(1</strong></span> <span class='ocrx_word' id='word_1_481' title='bbox 586 3429 712 3488; x_wconf 76' lang='lat' dir='ltr'><strong>Cor.</strong></span> <span class='ocrx_word' id='word_1_482' title='bbox 746 3448 810 3501; x_wconf 85' lang='lat' dir='ltr'><strong>n,</strong></span> <span class='ocrx_word' id='word_1_483' title='bbox 834 3433 912 3504; x_wconf 82' lang='lat'><strong>9).</strong></span> <span class='ocrx_word' id='word_1_484' title='bbox 947 3430 1210 3504; x_wconf 77' lang='lat' dir='ltr'><strong>Sequitur</strong></span> <span class='ocrx_word' id='word_1_485' title='bbox 1244 3450 1264 3487; x_wconf 69' lang='grc' dir='ltr'><strong>ε</strong></span> 
     </span>
    </p>

    <p class='ocr_par' dir='ltr' id='par_1_14' title="bbox 388 3520 1977 4329">
     <span class='ocr_line' id='line_1_65' title="bbox 457 3520 1977 3596; baseline 0.006 -21"><span class='ocrx_word' id='word_1_486' title='bbox 457 3520 529 3576; x_wconf 83' lang='lat' dir='ltr'><strong>Et</strong></span> <span class='ocrx_word' id='word_1_487' title='bbox 553 3524 744 3579; x_wconf 76' lang='lat' dir='ltr'><strong>veritas</strong></span> <span class='ocrx_word' id='word_1_488' title='bbox 781 3535 879 3579; x_wconf 81' lang='lat' dir='ltr'><strong>tua</strong></span> <span class='ocrx_word' id='word_1_489' title='bbox 913 3524 1168 3596; x_wconf 73' lang='lat' dir='ltr'><strong>usquead</strong></span> <span class='ocrx_word' id='word_1_490' title='bbox 1207 3524 1740 3593; x_wconf 42' lang='lat' dir='ltr'><strong>rauba-amandum</strong></span> <span class='ocrx_word' id='word_1_491' title='bbox 1781 3544 1794 3583; x_wconf 72' lang='grc' dir='ltr'><strong>ε</strong></span> <span class='ocrx_word' id='word_1_492' title='bbox 1834 3540 1977 3584; x_wconf 63' lang='lat' dir='ltr'><strong>con-</strong></span> 
     </span>
     <span class='ocr_line' id='line_1_66' title="bbox 389 3611 1973 3682; baseline 0.005 -15"><span class='ocrx_word' id='word_1_493' title='bbox 389 3611 717 3681; x_wconf 76' lang='lat' dir='ltr'><strong>stituendaS,</strong></span> <span class='ocrx_word' id='word_1_494' title='bbox 756 3614 811 3670; x_wconf 85' lang='lat' dir='ltr'><strong>id</strong></span> <span class='ocrx_word' id='word_1_495' title='bbox 859 3623 945 3670; x_wconf 90' lang='lat' dir='ltr'><strong>est</strong></span> <span class='ocrx_word' id='word_1_496' title='bbox 977 3614 1255 3671; x_wconf 83' lang='lat' dir='ltr'><strong>doctores.</strong></span> <span class='ocrx_word' id='word_1_497' title='bbox 1308 3614 1512 3670; x_wconf 77' lang='lat' dir='ltr'><strong>Veritas</strong></span> <span class='ocrx_word' id='word_1_498' title='bbox 1564 3625 1648 3671; x_wconf 86' lang='lat' dir='ltr'><strong>est</strong></span> <span class='ocrx_word' id='word_1_499' title='bbox 1694 3615 1973 3682; x_wconf 71' lang='lat' dir='ltr'><strong>caristus,</strong></span> 
     </span>
     <span class='ocr_line' id='line_1_67' title="bbox 388 3705 1974 3780; baseline 0.004 -21"><span class='ocrx_word' id='word_1_500' title='bbox 388 3705 550 3761; x_wconf 68' lang='lat' dir='ltr'><strong>niobes</strong></span> <span class='ocrx_word' id='word_1_501' title='bbox 582 3706 858 3773; x_wconf 81' lang='lat' dir='ltr'><strong>doctores,</strong></span> <span class='ocrx_word' id='word_1_502' title='bbox 889 3706 1018 3777; x_wconf 83' lang='lat' dir='ltr'><strong>quia</strong></span> <span class='ocrx_word' id='word_1_503' title='bbox 1056 3707 1201 3763; x_wconf 84' lang='lat' dir='ltr'><strong>sient</strong></span> <span class='ocrx_word' id='word_1_504' title='bbox 1232 3706 1301 3763; x_wconf 85' lang='lat' dir='ltr'><strong>dc</strong></span> <span class='ocrx_word' id='word_1_505' title='bbox 1330 3708 1570 3765; x_wconf 74' lang='lat' dir='ltr'><strong>nubibus</strong></span> <span class='ocrx_word' id='word_1_506' title='bbox 1593 3707 1732 3780; x_wconf 80' lang='lat' dir='ltr'><strong>pluit</strong></span> <span class='ocrx_word' id='word_1_507' title='bbox 1768 3706 1974 3779; x_wconf 77' lang='lat' dir='ltr'><strong>pluvia,</strong></span> 
     </span>
     <span class='ocr_line' id='line_1_68' title="bbox 389 3794 1974 3869; baseline -0.003 -13"><span class='ocrx_word' id='word_1_508' title='bbox 389 3794 473 3856; x_wconf 77' lang='lat' dir='ltr'><strong>sic</strong></span> <span class='ocrx_word' id='word_1_509' title='bbox 499 3797 567 3853; x_wconf 88' lang='lat' dir='ltr'><strong>de</strong></span> <span class='ocrx_word' id='word_1_510' title='bbox 591 3797 700 3855; x_wconf 90' lang='lat' dir='ltr'><strong>illis</strong></span> <span class='ocrx_word' id='word_1_511' title='bbox 726 3797 846 3855; x_wconf 79' lang='lat' dir='ltr'><strong>fluit</strong></span> <span class='ocrx_word' id='word_1_512' title='bbox 875 3798 1150 3855; x_wconf 86' lang='lat' dir='ltr'><strong>doctriua.</strong></span> <span class='ocrx_word' id='word_1_513' title='bbox 1189 3798 1396 3855; x_wconf 74' lang='lat' dir='ltr'><strong>Veritus</strong></span> <span class='ocrx_word' id='word_1_514' title='bbox 1419 3814 1561 3869; x_wconf 72' lang='lat' dir='ltr'><strong>ergo,</strong></span> <span class='ocrx_word' id='word_1_515' title='bbox 1577 3798 1674 3857; x_wconf 84' lang='lat' dir='ltr'><strong>Dei</strong></span> <span class='ocrx_word' id='word_1_516' title='bbox 1697 3815 1864 3869; x_wconf 75' lang='lat' dir='ltr'><strong>usque</strong></span> <span class='ocrx_word' id='word_1_517' title='bbox 1898 3796 1974 3854; x_wconf 77' lang='lat' dir='ltr'><strong>ad</strong></span> 
     </span>
     <span class='ocr_line' id='line_1_69' title="bbox 390 3890 1974 3963; baseline 0 -18"><span class='ocrx_word' id='word_1_518' title='bbox 390 3890 551 3946; x_wconf 81' lang='lat' dir='ltr'><strong>nubes</strong></span> <span class='ocrx_word' id='word_1_519' title='bbox 578 3906 700 3947; x_wconf 87' lang='lat' dir='ltr'><strong>esse</strong></span> <span class='ocrx_word' id='word_1_520' title='bbox 727 3891 951 3959; x_wconf 74' lang='lat' dir='ltr'><strong>dicitur,</strong></span> <span class='ocrx_word' id='word_1_521' title='bbox 974 3893 1106 3963; x_wconf 85' lang='lat' dir='ltr'><strong>quia</strong></span> <span class='ocrx_word' id='word_1_522' title='bbox 1127 3890 1383 3949; x_wconf 85' lang='lat' dir='ltr'><strong>Christus</strong></span> <span class='ocrx_word' id='word_1_523' title='bbox 1410 3890 1842 3948; x_wconf 67' lang='lat' dir='ltr'><strong>misericorditer</strong></span> <span class='ocrx_word' id='word_1_524' title='bbox 1869 3890 1974 3946; x_wconf 88' lang='lat' dir='ltr'><strong>ho-</strong></span> 
     </span>
     <span class='ocr_line' id='line_1_70' title="bbox 390 3978 1977 4056; baseline -0.003 -18"><span class='ocrx_word' id='word_1_525' title='bbox 390 3982 526 4038; x_wconf 89' lang='lat' dir='ltr'><strong>mini</strong></span> <span class='ocrx_word' id='word_1_526' title='bbox 552 3982 876 4039; x_wconf 76' lang='lat' dir='ltr'><strong>subvenisse</strong></span> <span class='ocrx_word' id='word_1_527' title='bbox 899 3999 1003 4054; x_wconf 75' lang='lat' dir='ltr'><strong>per</strong></span> <span class='ocrx_word' id='word_1_528' title='bbox 1027 3984 1284 4038; x_wconf 84' lang='lat' dir='ltr'><strong>doctores</strong></span> <span class='ocrx_word' id='word_1_529' title='bbox 1311 3982 1680 4056; x_wconf 70' lang='lat' dir='ltr'><strong>cognoscitur.</strong></span> <span class='ocrx_word' id='word_1_530' title='bbox 1715 3979 1811 4037; x_wconf 84' lang='lat' dir='ltr'><strong>Vel</strong></span> <span class='ocrx_word' id='word_1_531' title='bbox 1828 3978 1977 4037; x_wconf 83' lang='lat' dir='ltr'><strong>sicut</strong></span> 
     </span>
     <span class='ocr_line' id='line_1_71' title="bbox 390 4073 1974 4145; baseline -0.001 -16"><span class='ocrx_word' id='word_1_532' title='bbox 390 4074 446 4129; x_wconf 90' lang='lat' dir='ltr'><strong>in</strong></span> <span class='ocrx_word' id='word_1_533' title='bbox 493 4074 634 4131; x_wconf 87' lang='lat' dir='ltr'><strong>coelo</strong></span> <span class='ocrx_word' id='word_1_534' title='bbox 678 4074 1052 4130; x_wconf 84' lang='lat' dir='ltr'><strong>misericordia</strong></span> <span class='ocrx_word' id='word_1_535' title='bbox 1104 4074 1323 4130; x_wconf 74' lang='lat' dir='ltr'><strong>Doniini</strong></span> <span class='ocrx_word' id='word_1_536' title='bbox 1382 4075 1591 4145; x_wconf 85' lang='lat' dir='ltr'><strong>angelis</strong></span> <span class='ocrx_word' id='word_1_537' title='bbox 1632 4073 1974 4130; x_wconf 83' lang='lat' dir='ltr'><strong>confirmatis</strong></span> 
     </span>
     <span class='ocr_line' id='line_1_72' title="bbox 389 4164 1972 4240; baseline 0.001 -20"><span class='ocrx_word' id='word_1_538' title='bbox 389 4166 641 4236; x_wconf 89' lang='lat' dir='ltr'><strong>apparuit</strong></span> <span class='ocrx_word' id='word_1_539' title='bbox 673 4184 686 4220; x_wconf 74' lang='grc' dir='ltr'><strong>ε</strong></span> <span class='ocrx_word' id='word_1_540' title='bbox 717 4166 797 4221; x_wconf 85' lang='lat' dir='ltr'><strong>sie</strong></span> <span class='ocrx_word' id='word_1_541' title='bbox 827 4166 883 4221; x_wconf 90' lang='lat' dir='ltr'><strong>in</strong></span> <span class='ocrx_word' id='word_1_542' title='bbox 908 4165 1159 4240; x_wconf 24' lang='lat' dir='ltr'><strong>*Ecclesia</strong></span> <span class='ocrx_word' id='word_1_543' title='bbox 1209 4165 1414 4222; x_wconf 81' lang='lat' dir='ltr'><strong>veritas</strong></span> <span class='ocrx_word' id='word_1_544' title='bbox 1461 4164 1558 4222; x_wconf 86' lang='lat' dir='ltr'><strong>Dei</strong></span> <span class='ocrx_word' id='word_1_545' title='bbox 1599 4164 1732 4223; x_wconf 85' lang='lat' dir='ltr'><strong>olim</strong></span> <span class='ocrx_word' id='word_1_546' title='bbox 1779 4179 1972 4237; x_wconf 73' lang='lat' dir='ltr'><strong>repro-</strong></span> 
     </span>
     <span class='ocr_line' id='line_1_73' title="bbox 388 4256 1641 4329; baseline -0.001 -16"><span class='ocrx_word' id='word_1_547' title='bbox 388 4256 559 4313; x_wconf 88' lang='lat' dir='ltr'><strong>missa</strong></span> <span class='ocrx_word' id='word_1_548' title='bbox 589 4272 688 4327; x_wconf 89' lang='lat' dir='ltr'><strong>per</strong></span> <span class='ocrx_word' id='word_1_549' title='bbox 709 4257 1008 4328; x_wconf 87' lang='lat' dir='ltr'><strong>propbetas</strong></span> <span class='ocrx_word' id='word_1_550' title='bbox 1036 4265 1091 4312; x_wconf 90' lang='lat' dir='ltr'><strong>et</strong></span> <span class='ocrx_word' id='word_1_551' title='bbox 1117 4259 1397 4329; x_wconf 81' lang='lat' dir='ltr'><strong>apostolos</strong></span> <span class='ocrx_word' id='word_1_552' title='bbox 1422 4256 1641 4313; x_wconf 87' lang='lat' dir='ltr'><strong>claruit.</strong></span> 
     </span>
    </p>
   </div>
   <div class='ocr_carea' id='block_1_14' title="bbox 2073 3048 3664 4056">
    <p class='ocr_par' dir='ltr' id='par_1_15' title="bbox 2077 3048 3664 3472">
     <span class='ocr_line' id='line_1_74' title="bbox 2079 3048 3664 3124; baseline -0.001 -17"><span class='ocrx_word' id='word_1_553' title='bbox 2079 3061 2321 3109; x_wconf 88' lang='lat' dir='ltr'><strong>montem</strong></span> <span class='ocrx_word' id='word_1_554' title='bbox 2372 3051 2604 3124; x_wconf 80' lang='lat' dir='ltr'><strong>justitiae</strong></span> <span class='ocrx_word' id='word_1_555' title='bbox 2648 3053 3058 3120; x_wconf 88' lang='lat' dir='ltr'><strong>conscendunt;</strong></span> <span class='ocrx_word' id='word_1_556' title='bbox 3102 3051 3328 3123; x_wconf 76' lang='lat' dir='ltr'><strong>qui-lam</strong></span> <span class='ocrx_word' id='word_1_557' title='bbox 3362 3067 3459 3122; x_wconf 87' lang='lat' dir='ltr'><strong>per</strong></span> <span class='ocrx_word' id='word_1_558' title='bbox 3497 3048 3664 3121; x_wconf 73' lang='lat' dir='ltr'><strong>justi-</strong></span> 
     </span>
     <span class='ocr_line' id='line_1_75' title="bbox 2077 3140 3663 3215; baseline -0.003 -18"><span class='ocrx_word' id='word_1_559' title='bbox 2077 3143 2211 3198; x_wconf 90' lang='lat' dir='ltr'><strong>tiam</strong></span> <span class='ocrx_word' id='word_1_560' title='bbox 2241 3142 2442 3199; x_wconf 83' lang='lat' dir='ltr'><strong>deserti</strong></span> <span class='ocrx_word' id='word_1_561' title='bbox 2469 3142 2686 3202; x_wconf 76' lang='lat' dir='ltr'><strong>occulto</strong></span> <span class='ocrx_word' id='word_1_562' title='bbox 2714 3141 2808 3198; x_wconf 88' lang='lat' dir='ltr'><strong>Dei</strong></span> <span class='ocrx_word' id='word_1_563' title='bbox 2826 3142 3039 3215; x_wconf 83' lang='lat' dir='ltr'><strong>judicio</strong></span> <span class='ocrx_word' id='word_1_564' title='bbox 3062 3141 3122 3198; x_wconf 82' lang='lat' dir='ltr'><strong>in</strong></span> <span class='ocrx_word' id='word_1_565' title='bbox 3148 3142 3480 3213; x_wconf 76' lang='lat' dir='ltr'><strong>profundum</strong></span> <span class='ocrx_word' id='word_1_566' title='bbox 3499 3140 3663 3211; x_wconf 80' lang='lat' dir='ltr'><strong>abys-</strong></span> 
     </span>
     <span class='ocr_line' id='line_1_76' title="bbox 2078 3229 3660 3302; baseline -0.003 -14"><span class='ocrx_word' id='word_1_567' title='bbox 2078 3246 2202 3302; x_wconf 81' lang='lat' dir='ltr'><strong>sum</strong></span> <span class='ocrx_word' id='word_1_568' title='bbox 2239 3231 2601 3290; x_wconf 85' lang='lat' dir='ltr'><strong>descendunt.</strong></span> <span class='ocrx_word' id='word_1_569' title='bbox 2647 3232 2714 3288; x_wconf 75' lang='lat' dir='ltr'><strong>tt&#39;t</strong></span> <span class='ocrx_word' id='word_1_570' title='bbox 2740 3248 2867 3289; x_wconf 89' lang='lat' dir='ltr'><strong>cum</strong></span> <span class='ocrx_word' id='word_1_571' title='bbox 2916 3232 3030 3288; x_wconf 86' lang='lat' dir='ltr'><strong>sint</strong></span> <span class='ocrx_word' id='word_1_572' title='bbox 3050 3247 3242 3288; x_wconf 79' lang='lat' dir='ltr'><strong>omnes</strong></span> <span class='ocrx_word' id='word_1_573' title='bbox 3279 3229 3402 3302; x_wconf 70' lang='lat' dir='ltr'><strong>ejus</strong></span> <span class='ocrx_word' id='word_1_574' title='bbox 3424 3229 3660 3293; x_wconf 80' lang='lat' dir='ltr'><strong>factura,</strong></span> 
     </span>
     <span class='ocr_line' id='line_1_77' title="bbox 2080 3320 3661 3397; baseline -0.003 -19"><span class='ocrx_word' id='word_1_575' title='bbox 2080 3324 2317 3395; x_wconf 87' lang='lat' dir='ltr'><strong>providit</strong></span> <span class='ocrx_word' id='word_1_576' title='bbox 2343 3324 2602 3382; x_wconf 87' lang='lat' dir='ltr'><strong>omnibus</strong></span> <span class='ocrx_word' id='word_1_577' title='bbox 2640 3324 2806 3397; x_wconf 83' lang='lat' dir='ltr'><strong>hujus</strong></span> <span class='ocrx_word' id='word_1_578' title='bbox 2836 3324 2959 3381; x_wconf 83' lang='lat' dir='ltr'><strong>vitae</strong></span> <span class='ocrx_word' id='word_1_579' title='bbox 2998 3322 3334 3380; x_wconf 86' lang='lat' dir='ltr'><strong>necessaria.</strong></span> <span class='ocrx_word' id='word_1_580' title='bbox 3371 3320 3495 3378; x_wconf 83' lang='lat' dir='ltr'><strong>ideo</strong></span> <span class='ocrx_word' id='word_1_581' title='bbox 3524 3322 3661 3375; x_wconf 85' lang='lat' dir='ltr'><strong>sub·</strong></span> 
     </span>
     <span class='ocr_line' id='line_1_78' title="bbox 2077 3415 2270 3472; baseline 0.005 -1"><span class='ocrx_word' id='word_1_582' title='bbox 2077 3415 2227 3472; x_wconf 86' lang='lat' dir='ltr'><strong>ditur</strong></span> <span class='ocrx_word' id='word_1_583' title='bbox 2256 3434 2270 3472; x_wconf 74' lang='grc' dir='ltr'><strong>ε</strong></span> 
     </span>
    </p>

    <p class='ocr_par' dir='ltr' id='par_1_16' title="bbox 2073 3527 3664 4056">
     <span class='ocr_line' id='line_1_79' title="bbox 2153 3527 3664 3602; baseline 0 -17"><span class='ocrx_word' id='word_1_584' title='bbox 2153 3530 2315 3587; x_wconf 66' lang='grc' dir='ltr'><strong>Ἶειιε.</strong></span> <span class='ocrx_word' id='word_1_585' title='bbox 2333 3529 2389 3587; x_wconf 86' lang='grc'><strong>8.</strong></span> <span class='ocrx_word' id='word_1_586' title='bbox 2410 3529 2665 3588; x_wconf 76' lang='lat' dir='ltr'><strong>Homines</strong></span> <span class='ocrx_word' id='word_1_587' title='bbox 2682 3531 2988 3602; x_wconf 80' lang='lat' dir='ltr'><strong>etjumeuta</strong></span> <span class='ocrx_word' id='word_1_588' title='bbox 3008 3530 3260 3596; x_wconf 71' lang='lat' dir='ltr'><strong>salvabis,</strong></span> <span class='ocrx_word' id='word_1_589' title='bbox 3282 3530 3523 3588; x_wconf 77' lang='lat' dir='ltr'><strong>Domine.</strong></span> <span class='ocrx_word' id='word_1_590' title='bbox 3547 3527 3664 3585; x_wconf 87' lang='lat' dir='ltr'><strong>lloc</strong></span> 
     </span>
     <span class='ocr_line' id='line_1_80' title="bbox 2075 3620 3658 3692; baseline -0.002 -14"><span class='ocrx_word' id='word_1_591' title='bbox 2075 3631 2181 3690; x_wconf 81' lang='lat' dir='ltr'><strong>est,</strong></span> <span class='ocrx_word' id='word_1_592' title='bbox 2213 3622 2608 3680; x_wconf 83' lang='lat' dir='ltr'><strong>intellectuales</strong></span> <span class='ocrx_word' id='word_1_593' title='bbox 2638 3632 2693 3679; x_wconf 89' lang='lat' dir='ltr'><strong>et</strong></span> <span class='ocrx_word' id='word_1_594' title='bbox 2730 3621 2989 3681; x_wconf 83' lang='lat' dir='ltr'><strong>bestiales</strong></span> <span class='ocrx_word' id='word_1_595' title='bbox 3031 3621 3303 3692; x_wconf 77' lang='lat' dir='ltr'><strong>coxporali</strong></span> <span class='ocrx_word' id='word_1_596' title='bbox 3336 3620 3658 3686; x_wconf 72' lang='lat' dir='ltr'><strong>salvatione,</strong></span> 
     </span>
     <span class='ocr_line' id='line_1_81' title="bbox 2076 3711 3663 3786; baseline -0.001 -17"><span class='ocrx_word' id='word_1_597' title='bbox 2076 3729 2184 3785; x_wconf 89' lang='lat' dir='ltr'><strong>qua</strong></span> <span class='ocrx_word' id='word_1_598' title='bbox 2207 3713 2354 3785; x_wconf 86' lang='lat' dir='ltr'><strong>pluis</strong></span> <span class='ocrx_word' id='word_1_599' title='bbox 2381 3728 2548 3783; x_wconf 90' lang='lat' dir='ltr'><strong>snper</strong></span> <span class='ocrx_word' id='word_1_600' title='bbox 2568 3714 2751 3786; x_wconf 84' lang='lat' dir='ltr'><strong>justos</strong></span> <span class='ocrx_word' id='word_1_601' title='bbox 2774 3722 2828 3769; x_wconf 89' lang='lat' dir='ltr'><strong>ct</strong></span> <span class='ocrx_word' id='word_1_602' title='bbox 2859 3713 3117 3784; x_wconf 83' lang='lat' dir='ltr'><strong>injustos.</strong></span> <span class='ocrx_word' id='word_1_603' title='bbox 3160 3711 3311 3769; x_wconf 83' lang='lat' dir='ltr'><strong>Unde</strong></span> <span class='ocrx_word' id='word_1_604' title='bbox 3338 3728 3465 3768; x_wconf 90' lang='lat' dir='ltr'><strong>cum</strong></span> <span class='ocrx_word' id='word_1_605' title='bbox 3490 3711 3663 3767; x_wconf 88' lang='lat' dir='ltr'><strong>admi·</strong></span> 
     </span>
     <span class='ocr_line' id='line_1_82' title="bbox 2077 3802 3658 3872; baseline -0.001 -13"><span class='ocrx_word' id='word_1_606' title='bbox 2077 3805 2287 3860; x_wconf 87' lang='lat' dir='ltr'><strong>ratione</strong></span> <span class='ocrx_word' id='word_1_607' title='bbox 2324 3804 2635 3861; x_wconf 80' lang='lat' dir='ltr'><strong>exclamat:</strong></span> <span class='ocrx_word' id='word_1_608' title='bbox 2668 3802 3147 3871; x_wconf 76' lang='lat' dir='ltr'><strong>Quemadmodum,</strong></span> <span class='ocrx_word' id='word_1_609' title='bbox 3189 3803 3294 3859; x_wconf 89' lang='lat' dir='ltr'><strong>hoc</strong></span> <span class='ocrx_word' id='word_1_610' title='bbox 3337 3812 3443 3869; x_wconf 89' lang='lat' dir='ltr'><strong>est,</strong></span> <span class='ocrx_word' id='word_1_611' title='bbox 3489 3817 3658 3872; x_wconf 83' lang='lat' dir='ltr'><strong>quam</strong></span> 
     </span>
     <span class='ocr_line' id='line_1_83' title="bbox 2075 3890 3658 3965; baseline -0.001 -16"><span class='ocrx_word' id='word_1_612' title='bbox 2075 3893 2305 3950; x_wconf 75' lang='lat' dir='ltr'><strong>mirifice</strong></span> <span class='ocrx_word' id='word_1_613' title='bbox 2334 3893 2703 3965; x_wconf 79' lang='lat' dir='ltr'><strong>multiplicasti</strong></span> <span class='ocrx_word' id='word_1_614' title='bbox 2735 3893 3154 3948; x_wconf 80' lang='lat' dir='ltr'><strong>misericordiam</strong></span> <span class='ocrx_word' id='word_1_615' title='bbox 3181 3903 3348 3957; x_wconf 84' lang='lat' dir='ltr'><strong>tuum,</strong></span> <span class='ocrx_word' id='word_1_616' title='bbox 3379 3890 3658 3963; x_wconf 72' lang='lat' dir='ltr'><strong>Deus,qui</strong></span> 
     </span>
     <span class='ocr_line' id='line_1_84' title="bbox 2073 3984 3660 4056; baseline 0.001 -16"><span class='ocrx_word' id='word_1_617' title='bbox 2073 3984 2453 4055; x_wconf 86' lang='lat' dir='ltr'><strong>peccatoribus</strong></span> <span class='ocrx_word' id='word_1_618' title='bbox 2499 3984 2776 4056; x_wconf 82' lang='lat' dir='ltr'><strong>promittis</strong></span> <span class='ocrx_word' id='word_1_619' title='bbox 2806 3985 3047 4053; x_wconf 86' lang='lat' dir='ltr'><strong>veniam,</strong></span> <span class='ocrx_word' id='word_1_620' title='bbox 3088 3993 3144 4040; x_wconf 91' lang='lat' dir='ltr'><strong>et</strong></span> <span class='ocrx_word' id='word_1_621' title='bbox 3171 3984 3339 4055; x_wconf 88' lang='lat' dir='ltr'><strong>justis</strong></span> <span class='ocrx_word' id='word_1_622' title='bbox 3381 4000 3660 4056; x_wconf 83' lang='lat' dir='ltr'><strong>praeparas</strong></span> 
     </span>
    </p>
   </div>
   <div class='ocr_carea' id='block_1_15' title="bbox 2074 4076 3660 4235">
    <p class='ocr_par' dir='ltr' id='par_1_17' title="bbox 2074 4076 3660 4235">
     <span class='ocr_line' id='line_1_85' title="bbox 2074 4076 3657 4149; baseline 0.003 -20"><span class='ocrx_word' id='word_1_623' title='bbox 2074 4076 2363 4130; x_wconf 88' lang='lat' dir='ltr'><strong>coronam!</strong></span> <span class='ocrx_word' id='word_1_624' title='bbox 2401 4076 2505 4131; x_wconf 82' lang='lat' dir='ltr'><strong>Sed</strong></span> <span class='ocrx_word' id='word_1_625' title='bbox 2545 4077 2798 4147; x_wconf 86' lang='lat' dir='ltr'><strong>jumenta</strong></span> <span class='ocrx_word' id='word_1_626' title='bbox 2844 4084 3059 4134; x_wconf 84' lang='lat' dir='ltr'><strong>tantum</strong></span> <span class='ocrx_word' id='word_1_627' title='bbox 3100 4085 3358 4148; x_wconf 88' lang='lat' dir='ltr'><strong>appetunt</strong></span> <span class='ocrx_word' id='word_1_628' title='bbox 3392 4091 3657 4149; x_wconf 83' lang='lat' dir='ltr'><strong>corpora-</strong></span> 
     </span>
     <span class='ocr_line' id='line_1_86' title="bbox 2074 4161 3660 4235; baseline 0.001 -18"><span class='ocrx_word' id='word_1_629' title='bbox 2074 4161 2180 4218; x_wconf 88' lang='lat' dir='ltr'><strong>lem</strong></span> <span class='ocrx_word' id='word_1_630' title='bbox 2202 4163 2432 4219; x_wconf 87' lang='lat' dir='ltr'><strong>salutem</strong></span> <span class='ocrx_word' id='word_1_631' title='bbox 2457 4161 2623 4219; x_wconf 82' lang='lat' dir='ltr'><strong>:Filii</strong></span> <span class='ocrx_word' id='word_1_632' title='bbox 2643 4174 2819 4219; x_wconf 85' lang='lat' dir='ltr'><strong>autem</strong></span> <span class='ocrx_word' id='word_1_633' title='bbox 2838 4165 3107 4219; x_wconf 73' lang='lat' dir='ltr'><strong>hoziiiuum</strong></span> <span class='ocrx_word' id='word_1_634' title='bbox 3127 4166 3183 4218; x_wconf 84' lang='lat' dir='ltr'><strong>iu</strong></span> <span class='ocrx_word' id='word_1_635' title='bbox 3204 4166 3425 4235; x_wconf 76' lang='lat' dir='ltr'><strong>teqmine</strong></span> <span class='ocrx_word' id='word_1_636' title='bbox 3445 4165 3660 4219; x_wconf 83' lang='lat' dir='ltr'><strong>alarum</strong></span> 
     </span>
    </p>
   </div>
   <div class='ocr_carea' id='block_1_16' title="bbox 2075 4255 3658 4326">
    <p class='ocr_par' dir='ltr' id='par_1_18' title="bbox 2075 4255 3658 4326">
     <span class='ocr_line' id='line_1_87' title="bbox 2075 4255 3658 4326; baseline 0.003 -18"><span class='ocrx_word' id='word_1_637' title='bbox 2075 4264 2289 4309; x_wconf 87' lang='lat' dir='ltr'><strong>tuarum</strong></span> <span class='ocrx_word' id='word_1_638' title='bbox 2311 4257 2614 4325; x_wconf 79' lang='lat' dir='ltr'><strong>sperabunt.</strong></span> <span class='ocrx_word' id='word_1_639' title='bbox 2652 4255 2906 4312; x_wconf 83' lang='lat' dir='ltr'><strong>Homines</strong></span> <span class='ocrx_word' id='word_1_640' title='bbox 2945 4257 3195 4313; x_wconf 86' lang='lat' dir='ltr'><strong>absolute</strong></span> <span class='ocrx_word' id='word_1_641' title='bbox 3234 4257 3494 4312; x_wconf 85' lang='lat' dir='ltr'><strong>dicuntur</strong></span> <span class='ocrx_word' id='word_1_642' title='bbox 3524 4273 3658 4326; x_wconf 88' lang='lat' dir='ltr'><strong>pcc-</strong></span> 
     </span>
    </p>
   </div>
   <div class='ocr_carea' id='block_1_17' title="bbox 462 4345 3658 4419">
    <p class='ocr_par' dir='ltr' id='par_1_19' title="bbox 462 4345 3658 4419">
     <span class='ocr_line' id='line_1_88' title="bbox 462 4345 3658 4419; baseline -0.001 -16"><span class='ocrx_word' id='word_1_643' title='bbox 462 4349 627 4405; x_wconf 71' lang='lat' dir='ltr'><strong>Vans.</strong></span> <span class='ocrx_word' id='word_1_644' title='bbox 656 4350 709 4404; x_wconf 87' lang='lat'><strong>7.</strong></span> <span class='ocrx_word' id='word_1_645' title='bbox 735 4349 964 4404; x_wconf 56' lang='lat' dir='ltr'><strong>iustitia</strong></span> <span class='ocrx_word' id='word_1_646' title='bbox 995 4358 1089 4403; x_wconf 84' lang='lat' dir='ltr'><strong>tua</strong></span> <span class='ocrx_word' id='word_1_647' title='bbox 1114 4349 1251 4403; x_wconf 73' lang='lat' dir='ltr'><strong>sicut</strong></span> <span class='ocrx_word' id='word_1_648' title='bbox 1282 4358 1479 4402; x_wconf 75' lang='lat' dir='ltr'><strong>montes</strong></span> <span class='ocrx_word' id='word_1_649' title='bbox 1503 4348 1624 4404; x_wconf 79' lang='lat' dir='ltr'><strong>Dei.</strong></span> <span class='ocrx_word' id='word_1_650' title='bbox 1660 4347 1716 4402; x_wconf 86' lang='lat' dir='ltr'><strong>ln</strong></span> <span class='ocrx_word' id='word_1_651' title='bbox 1737 4346 1972 4405; x_wconf 79' lang='lat' dir='ltr'><strong>Hebraeo</strong></span> <span class='ocrx_word' id='word_1_652' title='bbox 2003 4345 2048 4400; x_wconf 89' lang='lat' dir='ltr'>D</span> <span class='ocrx_word' id='word_1_653' title='bbox 2072 4356 2307 4403; x_wconf 79' lang='lat' dir='ltr'><strong>catoreS.</strong></span> <span class='ocrx_word' id='word_1_654' title='bbox 2333 4346 2470 4401; x_wconf 85' lang='lat' dir='ltr'><strong>Filii</strong></span> <span class='ocrx_word' id='word_1_655' title='bbox 2486 4347 2757 4402; x_wconf 69' lang='lat' dir='ltr'><strong>&#39;tantinum</strong></span> <span class='ocrx_word' id='word_1_656' title='bbox 2779 4346 3085 4419; x_wconf 81' lang='lat' dir='ltr'><strong>justificati.</strong></span> <span class='ocrx_word' id='word_1_657' title='bbox 3120 4346 3293 4402; x_wconf 84' lang='lat' dir='ltr'><strong>Adam</strong></span> <span class='ocrx_word' id='word_1_658' title='bbox 3325 4347 3491 4402; x_wconf 91' lang='lat' dir='ltr'><strong>homo</strong></span> <span class='ocrx_word' id='word_1_659' title='bbox 3513 4358 3658 4413; x_wconf 86' lang='lat' dir='ltr'><strong>erat,</strong></span> 
     </span>
    </p>
   </div>
   <div class='ocr_carea' id='block_1_18' title="bbox 388 4437 1975 5061">
    <p class='ocr_par' dir='ltr' id='par_1_20' title="bbox 388 4437 1975 5061">
     <span class='ocr_line' id='line_1_89' title="bbox 390 4437 1973 4516; baseline -0.001 -22"><span class='ocrx_word' id='word_1_660' title='bbox 390 4440 684 4516; x_wconf 70' lang='lat' dir='ltr'><strong>scribitur:</strong></span> <span class='ocrx_word' id='word_1_661' title='bbox 717 4438 755 4492; x_wconf 84' lang='lat' dir='ltr'><em>J</em></span> <span class='ocrx_word' id='word_1_662' title='bbox 761 4438 946 4493; x_wconf 73' lang='lat' dir='ltr'><strong>ustitia</strong></span> <span class='ocrx_word' id='word_1_663' title='bbox 984 4449 1081 4492; x_wconf 71' lang='lat' dir='ltr'><strong>vtua</strong></span> <span class='ocrx_word' id='word_1_664' title='bbox 1107 4437 1243 4493; x_wconf 77' lang='lat' dir='ltr'><strong>sicut</strong></span> <span class='ocrx_word' id='word_1_665' title='bbox 1280 4446 1502 4505; x_wconf 74' lang='lat' dir='ltr'><strong>montes,</strong></span> <span class='ocrx_word' id='word_1_666' title='bbox 1534 4438 1780 4494; x_wconf 63' lang='lat' dir='ltr'><strong>Domine„</strong></span> <span class='ocrx_word' id='word_1_667' title='bbox 1810 4438 1973 4495; x_wconf 83' lang='lat' dir='ltr'><strong>Chri-</strong></span> 
     </span>
     <span class='ocr_line' id='line_1_90' title="bbox 389 4530 1974 4604; baseline -0.001 -16"><span class='ocrx_word' id='word_1_668' title='bbox 389 4543 510 4588; x_wconf 87' lang='lat' dir='ltr'><strong>stus</strong></span> <span class='ocrx_word' id='word_1_669' title='bbox 541 4540 625 4587; x_wconf 89' lang='lat' dir='ltr'><strong>est</strong></span> <span class='ocrx_word' id='word_1_670' title='bbox 649 4530 748 4587; x_wconf 86' lang='lat' dir='ltr'><strong>Dei</strong></span> <span class='ocrx_word' id='word_1_671' title='bbox 771 4530 1175 4600; x_wconf 75' lang='lat' dir='ltr'><strong>misericordia,</strong></span> <span class='ocrx_word' id='word_1_672' title='bbox 1203 4530 1334 4602; x_wconf 85' lang='lat' dir='ltr'><strong>quia</strong></span> <span class='ocrx_word' id='word_1_673' title='bbox 1359 4545 1458 4602; x_wconf 91' lang='lat' dir='ltr'><strong>per</strong></span> <span class='ocrx_word' id='word_1_674' title='bbox 1487 4546 1612 4586; x_wconf 86' lang='lat' dir='ltr'><strong>eum</strong></span> <span class='ocrx_word' id='word_1_675' title='bbox 1641 4532 1820 4604; x_wconf 75' lang='lat' dir='ltr'><strong>angeli</strong></span> <span class='ocrx_word' id='word_1_676' title='bbox 1840 4547 1974 4587; x_wconf 85' lang='lat' dir='ltr'><strong>cun-</strong></span> 
     </span>
     <span class='ocr_line' id='line_1_91' title="bbox 388 4620 1975 4693; baseline -0.002 -16"><span class='ocrx_word' id='word_1_677' title='bbox 388 4621 679 4677; x_wconf 81' lang='lat' dir='ltr'><strong>firmantur</strong></span> <span class='ocrx_word' id='word_1_678' title='bbox 725 4621 777 4675; x_wconf 87' lang='lat' dir='ltr'><strong>in</strong></span> <span class='ocrx_word' id='word_1_679' title='bbox 830 4621 1034 4693; x_wconf 81' lang='lat' dir='ltr'><strong>gloria,</strong></span> <span class='ocrx_word' id='word_1_680' title='bbox 1062 4637 1161 4693; x_wconf 91' lang='lat' dir='ltr'><strong>per</strong></span> <span class='ocrx_word' id='word_1_681' title='bbox 1209 4622 1391 4693; x_wconf 85' lang='lat' dir='ltr'><strong>ipsum</strong></span> <span class='ocrx_word' id='word_1_682' title='bbox 1446 4620 1612 4676; x_wconf 87' lang='lat' dir='ltr'><strong>etiam</strong></span> <span class='ocrx_word' id='word_1_683' title='bbox 1670 4621 1975 4677; x_wconf 82' lang='lat' dir='ltr'><strong>liberantur</strong></span> 
     </span>
     <span class='ocr_line' id='line_1_92' title="bbox 390 4711 1972 4785; baseline -0.001 -14"><span class='ocrx_word' id='word_1_684' title='bbox 390 4712 643 4771; x_wconf 83' lang='lat' dir='ltr'><strong>homiues</strong></span> <span class='ocrx_word' id='word_1_685' title='bbox 672 4729 705 4768; x_wconf 85' lang='lat' dir='ltr'><strong>a</strong></span> <span class='ocrx_word' id='word_1_686' title='bbox 743 4714 987 4769; x_wconf 85' lang='lat' dir='ltr'><strong>miseria.</strong></span> <span class='ocrx_word' id='word_1_687' title='bbox 1020 4712 1142 4785; x_wconf 77' lang='lat' dir='ltr'><strong>lpse</strong></span> <span class='ocrx_word' id='word_1_688' title='bbox 1169 4728 1390 4785; x_wconf 83' lang='lat' dir='ltr'><strong>quoque</strong></span> <span class='ocrx_word' id='word_1_689' title='bbox 1424 4713 1625 4769; x_wconf 88' lang='lat' dir='ltr'><strong>veritas</strong></span> <span class='ocrx_word' id='word_1_690' title='bbox 1664 4711 1761 4768; x_wconf 86' lang='lat' dir='ltr'><strong>Dei</strong></span> <span class='ocrx_word' id='word_1_691' title='bbox 1794 4732 1808 4768; x_wconf 75' lang='grc' dir='ltr'><strong>ε</strong></span> <span class='ocrx_word' id='word_1_692' title='bbox 1842 4713 1972 4784; x_wconf 87' lang='lat' dir='ltr'><strong>quia</strong></span> 
     </span>
     <span class='ocr_line' id='line_1_93' title="bbox 390 4804 1974 4878; baseline -0.001 -17"><span class='ocrx_word' id='word_1_693' title='bbox 390 4804 654 4878; x_wconf 83' lang='lat' dir='ltr'><strong>quidquid</strong></span> <span class='ocrx_word' id='word_1_694' title='bbox 681 4821 776 4875; x_wconf 86' lang='lat' dir='ltr'><strong>per</strong></span> <span class='ocrx_word' id='word_1_695' title='bbox 798 4807 1097 4876; x_wconf 84' lang='lat' dir='ltr'><strong>prophetas</strong></span> <span class='ocrx_word' id='word_1_696' title='bbox 1124 4816 1209 4864; x_wconf 89' lang='lat' dir='ltr'><strong>est</strong></span> <span class='ocrx_word' id='word_1_697' title='bbox 1233 4804 1657 4877; x_wconf 80' lang='lat' dir='ltr'><strong>repromissum,</strong></span> <span class='ocrx_word' id='word_1_698' title='bbox 1676 4820 1776 4876; x_wconf 89' lang='lat' dir='ltr'><strong>per</strong></span> <span class='ocrx_word' id='word_1_699' title='bbox 1811 4804 1974 4861; x_wconf 83' lang='lat' dir='ltr'><strong>Chri-</strong></span> 
     </span>
     <span class='ocr_line' id='line_1_94' title="bbox 390 4885 1970 4969; baseline -0.003 -14"><span class='ocrx_word' id='word_1_700' title='bbox 390 4885 538 4955; x_wconf 82' lang='lat' dir='ltr'><strong>stum</strong></span> <span class='ocrx_word' id='word_1_701' title='bbox 591 4906 810 4954; x_wconf 85' lang='lat' dir='ltr'><strong>constat</strong></span> <span class='ocrx_word' id='word_1_702' title='bbox 855 4898 1209 4968; x_wconf 80' lang='lat' dir='ltr'><strong>completum.</strong></span> <span class='ocrx_word' id='word_1_703' title='bbox 1264 4896 1385 4968; x_wconf 84' lang='lat' dir='ltr'><strong>lpse</strong></span> <span class='ocrx_word' id='word_1_704' title='bbox 1414 4898 1577 4953; x_wconf 89' lang='lat' dir='ltr'><strong>etiam</strong></span> <span class='ocrx_word' id='word_1_705' title='bbox 1606 4896 1704 4952; x_wconf 80' lang='lat' dir='ltr'><strong>Dei</strong></span> <span class='ocrx_word' id='word_1_706' title='bbox 1729 4897 1970 4969; x_wconf 71' lang='lat' dir='ltr'><strong>justitia,</strong></span> 
     </span>
     <span class='ocr_line' id='line_1_95' title="bbox 388 4985 1972 5061; baseline -0.001 -18"><span class='ocrx_word' id='word_1_707' title='bbox 388 4988 523 5061; x_wconf 85' lang='lat' dir='ltr'><strong>quia</strong></span> <span class='ocrx_word' id='word_1_708' title='bbox 549 4987 820 5058; x_wconf 88' lang='lat' dir='ltr'><strong>perillum</strong></span> <span class='ocrx_word' id='word_1_709' title='bbox 846 4987 984 5059; x_wconf 83' lang='lat' dir='ltr'><strong>justi</strong></span> <span class='ocrx_word' id='word_1_710' title='bbox 998 4986 1154 5057; x_wconf 82' lang='lat' dir='ltr'><strong>justa</strong></span> <span class='ocrx_word' id='word_1_711' title='bbox 1187 4985 1433 5059; x_wconf 76' lang='lat' dir='ltr'><strong>przemia,</strong></span> <span class='ocrx_word' id='word_1_712' title='bbox 1459 4985 1652 5058; x_wconf 85' lang='lat' dir='ltr'><strong>injusti</strong></span> <span class='ocrx_word' id='word_1_713' title='bbox 1675 4985 1822 5057; x_wconf 82' lang='lat' dir='ltr'><strong>justa</strong></span> <span class='ocrx_word' id='word_1_714' title='bbox 1847 5000 1972 5042; x_wconf 88' lang='lat' dir='ltr'><strong>sor-</strong></span> 
     </span>
    </p>
   </div>
   <div class='ocr_carea' id='block_1_19' title="bbox 284 5077 1971 5152">
    <p class='ocr_par' dir='ltr' id='par_1_21' title="bbox 284 5077 1971 5152">
     <span class='ocr_line' id='line_1_96' title="bbox 284 5077 1971 5152; baseline -0.005 -13"><span class='ocrx_word' id='word_1_715' title='bbox 284 5079 304 5093; x_wconf 56' lang='lat'><em>*</em></span> <span class='ocrx_word' id='word_1_716' title='bbox 388 5079 604 5142; x_wconf 75' lang='lat' dir='ltr'><strong>tiuntur</strong></span> <span class='ocrx_word' id='word_1_717' title='bbox 632 5080 920 5152; x_wconf 85' lang='lat' dir='ltr'><strong>supplicia.</strong></span> <span class='ocrx_word' id='word_1_718' title='bbox 946 5077 1174 5136; x_wconf 73' lang='lat' dir='ltr'><strong>Iustitia</strong></span> <span class='ocrx_word' id='word_1_719' title='bbox 1203 5080 1294 5136; x_wconf 83' lang='lat' dir='ltr'><strong>hic</strong></span> <span class='ocrx_word' id='word_1_720' title='bbox 1334 5080 1690 5136; x_wconf 84' lang='lat' dir='ltr'><strong>nominantur</strong></span> <span class='ocrx_word' id='word_1_721' title='bbox 1715 5077 1971 5149; x_wconf 85' lang='lat' dir='ltr'><strong>apostoli,</strong></span> 
     </span>
    </p>
   </div>
   <div class='ocr_carea' id='block_1_20' title="bbox 389 5168 1975 5513">
    <p class='ocr_par' dir='ltr' id='par_1_22' title="bbox 389 5168 1975 5513">
     <span class='ocr_line' id='line_1_97' title="bbox 389 5168 1973 5246; baseline -0.002 -20"><span class='ocrx_word' id='word_1_722' title='bbox 389 5172 489 5243; x_wconf 86' lang='lat' dir='ltr'><strong>qui</strong></span> <span class='ocrx_word' id='word_1_723' title='bbox 536 5187 634 5243; x_wconf 89' lang='lat' dir='ltr'><strong>per</strong></span> <span class='ocrx_word' id='word_1_724' title='bbox 681 5171 965 5228; x_wconf 78' lang='lat' dir='ltr'><strong>Christum</strong></span> <span class='ocrx_word' id='word_1_725' title='bbox 982 5172 1126 5246; x_wconf 80' lang='lat' dir='ltr'><strong>justi</strong></span> <span class='ocrx_word' id='word_1_726' title='bbox 1152 5169 1282 5226; x_wconf 66' lang='lat' dir='ltr'><strong>sami</strong></span> <span class='ocrx_word' id='word_1_727' title='bbox 1309 5180 1462 5238; x_wconf 85' lang='lat' dir='ltr'><strong>sunt,</strong></span> <span class='ocrx_word' id='word_1_728' title='bbox 1498 5179 1556 5226; x_wconf 89' lang='lat' dir='ltr'><strong>et</strong></span> <span class='ocrx_word' id='word_1_729' title='bbox 1575 5170 1844 5241; x_wconf 79' lang='lat' dir='ltr'><strong>justitiam</strong></span> <span class='ocrx_word' id='word_1_730' title='bbox 1875 5168 1973 5224; x_wconf 89' lang='lat' dir='ltr'><strong>Dei</strong></span> 
     </span>
     <span class='ocr_line' id='line_1_98' title="bbox 393 5259 1973 5319; baseline -0.002 0"><span class='ocrx_word' id='word_1_731' title='bbox 393 5264 601 5319; x_wconf 87' lang='lat' dir='ltr'><strong>mundo</strong></span> <span class='ocrx_word' id='word_1_732' title='bbox 651 5264 1030 5319; x_wconf 88' lang='lat' dir='ltr'><strong>innotuerunt.</strong></span> <span class='ocrx_word' id='word_1_733' title='bbox 1070 5259 1136 5318; x_wconf 83' lang='lat' dir='ltr'><strong>Bi</strong></span> <span class='ocrx_word' id='word_1_734' title='bbox 1169 5271 1328 5318; x_wconf 88' lang='lat' dir='ltr'><strong>erant</strong></span> <span class='ocrx_word' id='word_1_735' title='bbox 1355 5263 1500 5319; x_wconf 91' lang='lat' dir='ltr'><strong>sicut</strong></span> <span class='ocrx_word' id='word_1_736' title='bbox 1542 5272 1757 5318; x_wconf 89' lang='lat' dir='ltr'><strong>montes</strong></span> <span class='ocrx_word' id='word_1_737' title='bbox 1797 5261 1892 5317; x_wconf 88' lang='lat' dir='ltr'><strong>alti</strong></span> <span class='ocrx_word' id='word_1_738' title='bbox 1914 5262 1973 5316; x_wconf 89' lang='lat' dir='ltr'><strong>in</strong></span> 
     </span>
     <span class='ocr_line' id='line_1_99' title="bbox 392 5351 1975 5425; baseline 0 -18"><span class='ocrx_word' id='word_1_739' title='bbox 392 5352 710 5421; x_wconf 87' lang='lat' dir='ltr'><strong>virtutibus,</strong></span> <span class='ocrx_word' id='word_1_740' title='bbox 732 5369 875 5424; x_wconf 88' lang='lat' dir='ltr'><strong>quos</strong></span> <span class='ocrx_word' id='word_1_741' title='bbox 902 5354 1090 5410; x_wconf 89' lang='lat' dir='ltr'><strong>oriens</strong></span> <span class='ocrx_word' id='word_1_742' title='bbox 1113 5354 1194 5409; x_wconf 90' lang='lat' dir='ltr'><strong>sol</strong></span> <span class='ocrx_word' id='word_1_743' title='bbox 1212 5353 1443 5425; x_wconf 60' lang='lat' dir='ltr'><strong>institiae</strong></span> <span class='ocrx_word' id='word_1_744' title='bbox 1469 5351 1772 5422; x_wconf 86' lang='lat' dir='ltr'><strong>irradiavit,</strong></span> <span class='ocrx_word' id='word_1_745' title='bbox 1796 5362 1852 5409; x_wconf 88' lang='lat' dir='ltr'><strong>et</strong></span> <span class='ocrx_word' id='word_1_746' title='bbox 1879 5367 1975 5424; x_wconf 92' lang='lat' dir='ltr'><strong>per</strong></span> 
     </span>
     <span class='ocr_line' id='line_1_100' title="bbox 394 5443 1974 5513; baseline 0.002 -16"><span class='ocrx_word' id='word_1_747' title='bbox 394 5457 490 5498; x_wconf 90' lang='lat' dir='ltr'><strong>eos</strong></span> <span class='ocrx_word' id='word_1_748' title='bbox 512 5445 809 5512; x_wconf 85' lang='lat' dir='ltr'><strong>convalles,</strong></span> <span class='ocrx_word' id='word_1_749' title='bbox 839 5444 893 5500; x_wconf 90' lang='lat' dir='ltr'><strong>id</strong></span> <span class='ocrx_word' id='word_1_750' title='bbox 919 5454 1004 5502; x_wconf 88' lang='lat' dir='ltr'><strong>est</strong></span> <span class='ocrx_word' id='word_1_751' title='bbox 1025 5445 1283 5513; x_wconf 78' lang='lat' dir='ltr'><strong>humiles,</strong></span> <span class='ocrx_word' id='word_1_752' title='bbox 1317 5445 1629 5502; x_wconf 86' lang='lat' dir='ltr'><strong>illustravit.</strong></span> <span class='ocrx_word' id='word_1_753' title='bbox 1663 5443 1779 5501; x_wconf 80' lang='lat' dir='ltr'><strong>Hoc</strong></span> <span class='ocrx_word' id='word_1_754' title='bbox 1799 5454 1974 5501; x_wconf 91' lang='lat' dir='ltr'><strong>totum</strong></span> 
     </span>
    </p>
   </div>
   <div class='ocr_carea' id='block_1_21' title="bbox 396 5535 2024 5608">
    <p class='ocr_par' dir='ltr' id='par_1_23' title="bbox 396 5535 2024 5608">
     <span class='ocr_line' id='line_1_101' title="bbox 396 5535 2024 5608; baseline 0.002 -19"><span class='ocrx_word' id='word_1_755' title='bbox 396 5535 464 5590; x_wconf 88' lang='lat' dir='ltr'><strong>ad</strong></span> <span class='ocrx_word' id='word_1_756' title='bbox 492 5536 978 5594; x_wconf 83' lang='lat' dir='ltr'><strong>commendandam</strong></span> <span class='ocrx_word' id='word_1_757' title='bbox 1005 5538 1239 5608; x_wconf 80' lang='lat' dir='ltr'><strong>gratiam</strong></span> <span class='ocrx_word' id='word_1_758' title='bbox 1262 5537 1485 5593; x_wconf 88' lang='lat' dir='ltr'><strong>dicitur.</strong></span> <span class='ocrx_word' id='word_1_759' title='bbox 1524 5536 1782 5608; x_wconf 81' lang='lat' dir='ltr'><strong>Inprimis</strong></span> <span class='ocrx_word' id='word_1_760' title='bbox 1814 5538 1976 5595; x_wconf 89' lang='lat' dir='ltr'><strong>misc-</strong></span> <span class='ocrx_word' id='word_1_761' title='bbox 2019 5570 2024 5576; x_wconf 91' lang='lat'><strong>·</strong></span> 
     </span>
    </p>
   </div>
   <div class='ocr_carea' id='block_1_22' title="bbox 397 5623 1974 5701">
    <p class='ocr_par' dir='ltr' id='par_1_24' title="bbox 397 5623 1974 5701">
     <span class='ocr_line' id='line_1_102' title="bbox 397 5623 1974 5701; baseline 0.003 -21"><span class='ocrx_word' id='word_1_762' title='bbox 397 5623 634 5685; x_wconf 86' lang='lat' dir='ltr'><strong>ricordia</strong></span> <span class='ocrx_word' id='word_1_763' title='bbox 660 5628 753 5684; x_wconf 87' lang='lat' dir='ltr'><strong>Dei</strong></span> <span class='ocrx_word' id='word_1_764' title='bbox 779 5629 1111 5686; x_wconf 71' lang='lat' dir='ltr'><strong>voluntatem</strong></span> <span class='ocrx_word' id='word_1_765' title='bbox 1136 5629 1378 5686; x_wconf 89' lang='lat' dir='ltr'><strong>bominis</strong></span> <span class='ocrx_word' id='word_1_766' title='bbox 1400 5630 1678 5701; x_wconf 83' lang='lat' dir='ltr'><strong>praevenit,</strong></span> <span class='ocrx_word' id='word_1_767' title='bbox 1694 5639 1753 5685; x_wconf 91' lang='lat' dir='ltr'><strong>ut</strong></span> <span class='ocrx_word' id='word_1_768' title='bbox 1771 5630 1974 5687; x_wconf 90' lang='lat' dir='ltr'><strong>bonum</strong></span> 
     </span>
    </p>
   </div>
   <div class='ocr_carea' id='block_1_23' title="bbox 2070 4436 3661 5715">
    <p class='ocr_par' dir='ltr' id='par_1_25' title="bbox 2070 4436 3661 5715">
     <span class='ocr_line' id='line_1_103' title="bbox 2073 4436 3661 4510; baseline -0.001 -18"><span class='ocrx_word' id='word_1_769' title='bbox 2073 4436 2168 4492; x_wconf 91' lang='lat' dir='ltr'><strong>sed</strong></span> <span class='ocrx_word' id='word_1_770' title='bbox 2210 4452 2319 4492; x_wconf 89' lang='lat' dir='ltr'><strong>non</strong></span> <span class='ocrx_word' id='word_1_771' title='bbox 2352 4438 2497 4493; x_wconf 89' lang='lat' dir='ltr'><strong>tilius</strong></span> <span class='ocrx_word' id='word_1_772' title='bbox 2528 4438 2792 4494; x_wconf 75' lang='lat' dir='ltr'><strong>hominis.</strong></span> <span class='ocrx_word' id='word_1_773' title='bbox 2821 4436 2999 4510; x_wconf 83' lang='lat' dir='ltr'><strong>Hujus</strong></span> <span class='ocrx_word' id='word_1_774' title='bbox 3039 4438 3344 4493; x_wconf 90' lang='lat' dir='ltr'><strong>imitatores</strong></span> <span class='ocrx_word' id='word_1_775' title='bbox 3372 4437 3501 4494; x_wconf 88' lang='lat' dir='ltr'><strong>dicti</strong></span> <span class='ocrx_word' id='word_1_776' title='bbox 3528 4448 3661 4493; x_wconf 88' lang='lat' dir='ltr'><strong>sunt</strong></span> 
     </span>
     <span class='ocr_line' id='line_1_104' title="bbox 2073 4528 3658 4599; baseline 0.001 -19"><span class='ocrx_word' id='word_1_777' title='bbox 2073 4528 2327 4583; x_wconf 77' lang='lat' dir='ltr'><strong>homiues.</strong></span> <span class='ocrx_word' id='word_1_778' title='bbox 2360 4528 2616 4585; x_wconf 86' lang='lat' dir='ltr'><strong>Christus</strong></span> <span class='ocrx_word' id='word_1_779' title='bbox 2659 4538 2842 4585; x_wconf 87' lang='lat' dir='ltr'><strong>autem</strong></span> <span class='ocrx_word' id='word_1_780' title='bbox 2892 4538 3010 4586; x_wconf 87' lang='lat' dir='ltr'><strong>erat</strong></span> <span class='ocrx_word' id='word_1_781' title='bbox 3037 4529 3184 4599; x_wconf 76' lang='lat' dir='ltr'><strong>filius</strong></span> <span class='ocrx_word' id='word_1_782' title='bbox 3221 4529 3471 4584; x_wconf 67' lang='lat' dir='ltr'><strong>leontinis.</strong></span> <span class='ocrx_word' id='word_1_783' title='bbox 3502 4528 3658 4599; x_wconf 80' lang='lat' dir='ltr'><strong>Apo-</strong></span> 
     </span>
     <span class='ocr_line' id='line_1_105' title="bbox 2072 4620 3656 4694; baseline -0.001 -19"><span class='ocrx_word' id='word_1_784' title='bbox 2072 4620 2196 4675; x_wconf 83' lang='lat' dir='ltr'><strong>stoli</strong></span> <span class='ocrx_word' id='word_1_785' title='bbox 2224 4620 2296 4675; x_wconf 85' lang='lat' dir='ltr'><strong>ct</strong></span> <span class='ocrx_word' id='word_1_786' title='bbox 2345 4620 2530 4678; x_wconf 80' lang='lat' dir='ltr'><strong>fideles</strong></span> <span class='ocrx_word' id='word_1_787' title='bbox 2557 4621 2662 4691; x_wconf 82' lang='lat' dir='ltr'><strong>filii</strong></span> <span class='ocrx_word' id='word_1_788' title='bbox 2693 4622 2985 4689; x_wconf 62' lang='lat' dir='ltr'><strong>liciniorum,</strong></span> <span class='ocrx_word' id='word_1_789' title='bbox 3012 4621 3142 4693; x_wconf 89' lang='lat' dir='ltr'><strong>quia</strong></span> <span class='ocrx_word' id='word_1_790' title='bbox 3173 4636 3270 4693; x_wconf 87' lang='lat' dir='ltr'><strong>per</strong></span> <span class='ocrx_word' id='word_1_791' title='bbox 3296 4622 3528 4694; x_wconf 81' lang='lat' dir='ltr'><strong>gratiam</strong></span> <span class='ocrx_word' id='word_1_792' title='bbox 3562 4636 3656 4674; x_wconf 90' lang='lat' dir='ltr'><strong>re-</strong></span> 
     </span>
     <span class='ocr_line' id='line_1_106' title="bbox 2073 4713 3659 4787; baseline -0.002 -17"><span class='ocrx_word' id='word_1_793' title='bbox 2073 4724 2398 4771; x_wconf 89' lang='lat' dir='ltr'><strong>nascuntur.</strong></span> <span class='ocrx_word' id='word_1_794' title='bbox 2448 4713 2686 4787; x_wconf 78' lang='lat' dir='ltr'><strong>&#39;regmen</strong></span> <span class='ocrx_word' id='word_1_795' title='bbox 2719 4713 2814 4771; x_wconf 86' lang='lat' dir='ltr'><strong>Dei</strong></span> <span class='ocrx_word' id='word_1_796' title='bbox 2844 4715 3056 4771; x_wconf 84' lang='lat' dir='ltr'><strong>alarum</strong></span> <span class='ocrx_word' id='word_1_797' title='bbox 3087 4724 3173 4770; x_wconf 91' lang='lat' dir='ltr'><strong>est</strong></span> <span class='ocrx_word' id='word_1_798' title='bbox 3210 4714 3478 4785; x_wconf 90' lang='lat' dir='ltr'><strong>protectio</strong></span> <span class='ocrx_word' id='word_1_799' title='bbox 3506 4713 3659 4768; x_wconf 88' lang='lat' dir='ltr'><strong>Scri-</strong></span> 
     </span>
     <span class='ocr_line' id='line_1_107' title="bbox 2070 4804 3658 4878; baseline -0.003 -16"><span class='ocrx_word' id='word_1_800' title='bbox 2070 4805 2524 4878; x_wconf 83' lang='lat' dir='ltr'><strong>pturarum.Duae</strong></span> <span class='ocrx_word' id='word_1_801' title='bbox 2548 4807 2649 4862; x_wconf 75' lang='lat' dir='ltr'><strong>alae</strong></span> <span class='ocrx_word' id='word_1_802' title='bbox 2684 4807 2937 4861; x_wconf 88' lang='lat' dir='ltr'><strong>suntduo</strong></span> <span class='ocrx_word' id='word_1_803' title='bbox 2966 4815 3310 4862; x_wconf 80' lang='lat' dir='ltr'><strong>testamenta.</strong></span> <span class='ocrx_word' id='word_1_804' title='bbox 3342 4804 3658 4860; x_wconf 77' lang='lat' dir='ltr'><strong>Simil.tu.lo</strong></span> 
     </span>
     <span class='ocr_line' id='line_1_108' title="bbox 2071 4897 3661 4970; baseline -0.002 -14"><span class='ocrx_word' id='word_1_805' title='bbox 2071 4908 2244 4956; x_wconf 88' lang='lat' dir='ltr'><strong>tracta</strong></span> <span class='ocrx_word' id='word_1_806' title='bbox 2268 4907 2352 4956; x_wconf 85' lang='lat' dir='ltr'><strong>est</strong></span> <span class='ocrx_word' id='word_1_807' title='bbox 2378 4900 2449 4954; x_wconf 91' lang='lat' dir='ltr'><strong>ab</strong></span> <span class='ocrx_word' id='word_1_808' title='bbox 2473 4900 2687 4965; x_wconf 87' lang='lat' dir='ltr'><strong>avibus,</strong></span> <span class='ocrx_word' id='word_1_809' title='bbox 2716 4914 2952 4970; x_wconf 88' lang='lat' dir='ltr'><strong>quarum</strong></span> <span class='ocrx_word' id='word_1_810' title='bbox 2989 4898 3122 4970; x_wconf 87' lang='lat' dir='ltr'><strong>pulli</strong></span> <span class='ocrx_word' id='word_1_811' title='bbox 3169 4897 3273 4954; x_wconf 90' lang='lat' dir='ltr'><strong>sub</strong></span> <span class='ocrx_word' id='word_1_812' title='bbox 3306 4897 3410 4954; x_wconf 87' lang='lat' dir='ltr'><strong>alis</strong></span> <span class='ocrx_word' id='word_1_813' title='bbox 3459 4898 3661 4953; x_wconf 82' lang='lat' dir='ltr'><strong>matris</strong></span> 
     </span>
     <span class='ocr_line' id='line_1_109' title="bbox 2072 4988 3659 5062; baseline -0.003 -15"><span class='ocrx_word' id='word_1_814' title='bbox 2072 5006 2132 5047; x_wconf 88' lang='lat' dir='ltr'><strong>se</strong></span> <span class='ocrx_word' id='word_1_815' title='bbox 2176 4999 2383 5062; x_wconf 78' lang='lat' dir='ltr'><strong>tegunt.</strong></span> <span class='ocrx_word' id='word_1_816' title='bbox 2434 4989 2529 5046; x_wconf 90' lang='lat' dir='ltr'><strong>Dei</strong></span> <span class='ocrx_word' id='word_1_817' title='bbox 2578 4989 2844 5061; x_wconf 85' lang='lat' dir='ltr'><strong>sapientia</strong></span> <span class='ocrx_word' id='word_1_818' title='bbox 2891 4997 2977 5046; x_wconf 90' lang='lat' dir='ltr'><strong>est</strong></span> <span class='ocrx_word' id='word_1_819' title='bbox 3017 4998 3205 5045; x_wconf 86' lang='lat' dir='ltr'><strong>nostra</strong></span> <span class='ocrx_word' id='word_1_820' title='bbox 3248 4990 3469 5061; x_wconf 80' lang='lat' dir='ltr'><strong>gallina,</strong></span> <span class='ocrx_word' id='word_1_821' title='bbox 3496 4988 3659 5059; x_wconf 82' lang='lat' dir='ltr'><strong>cujus</strong></span> 
     </span>
     <span class='ocr_line' id='line_1_110' title="bbox 2072 5078 3654 5152; baseline -0.002 -16"><span class='ocrx_word' id='word_1_822' title='bbox 2072 5081 2206 5152; x_wconf 90' lang='lat' dir='ltr'><strong>pulli</strong></span> <span class='ocrx_word' id='word_1_823' title='bbox 2229 5095 2423 5137; x_wconf 86' lang='lat' dir='ltr'><strong>omnes</strong></span> <span class='ocrx_word' id='word_1_824' title='bbox 2446 5080 2633 5137; x_wconf 81' lang='lat' dir='ltr'><strong>fideles</strong></span> <span class='ocrx_word' id='word_1_825' title='bbox 2662 5098 2675 5135; x_wconf 72' lang='grc' dir='ltr'><strong>ε</strong></span> <span class='ocrx_word' id='word_1_826' title='bbox 2700 5078 2824 5135; x_wconf 85' lang='lat' dir='ltr'><strong>duae</strong></span> <span class='ocrx_word' id='word_1_827' title='bbox 2851 5078 2951 5135; x_wconf 70' lang='lat' dir='ltr'><strong>alte</strong></span> <span class='ocrx_word' id='word_1_828' title='bbox 2976 5079 3356 5136; x_wconf 86' lang='lat' dir='ltr'><strong>misericordia</strong></span> <span class='ocrx_word' id='word_1_829' title='bbox 3383 5088 3436 5134; x_wconf 91' lang='lat' dir='ltr'><strong>et</strong></span> <span class='ocrx_word' id='word_1_830' title='bbox 3459 5078 3654 5150; x_wconf 79' lang='lat' dir='ltr'><strong>pietas.</strong></span> 
     </span>
     <span class='ocr_line' id='line_1_111' title="bbox 2074 5169 3653 5244; baseline -0.001 -20"><span class='ocrx_word' id='word_1_831' title='bbox 2074 5170 2210 5225; x_wconf 86' lang='lat' dir='ltr'><strong>Filii</strong></span> <span class='ocrx_word' id='word_1_832' title='bbox 2230 5187 2362 5244; x_wconf 84' lang='lat' dir='ltr'><strong>ergo</strong></span> <span class='ocrx_word' id='word_1_833' title='bbox 2381 5171 2651 5225; x_wconf 67' lang='lat' dir='ltr'><strong>leontinum</strong></span> <span class='ocrx_word' id='word_1_834' title='bbox 2670 5171 2725 5224; x_wconf 85' lang='lat' dir='ltr'><strong>in</strong></span> <span class='ocrx_word' id='word_1_835' title='bbox 2748 5170 2972 5240; x_wconf 73' lang='lat' dir='ltr'><strong>teqmine</strong></span> <span class='ocrx_word' id='word_1_836' title='bbox 2998 5170 3210 5224; x_wconf 81' lang='lat' dir='ltr'><strong>clarum</strong></span> <span class='ocrx_word' id='word_1_837' title='bbox 3232 5169 3327 5224; x_wconf 86' lang='lat' dir='ltr'><strong>Dei</strong></span> <span class='ocrx_word' id='word_1_838' title='bbox 3348 5172 3653 5241; x_wconf 73' lang='lat' dir='ltr'><strong>sperabunt,</strong></span> 
     </span>
     <span class='ocr_line' id='line_1_112' title="bbox 2074 5261 3652 5331; baseline -0.003 -14"><span class='ocrx_word' id='word_1_839' title='bbox 2074 5261 2204 5317; x_wconf 90' lang='lat' dir='ltr'><strong>dum</strong></span> <span class='ocrx_word' id='word_1_840' title='bbox 2233 5261 2419 5318; x_wconf 88' lang='lat' dir='ltr'><strong>ssdeles</strong></span> <span class='ocrx_word' id='word_1_841' title='bbox 2445 5276 2554 5317; x_wconf 88' lang='lat' dir='ltr'><strong>non</strong></span> <span class='ocrx_word' id='word_1_842' title='bbox 2586 5261 2640 5315; x_wconf 89' lang='lat' dir='ltr'><strong>in</strong></span> <span class='ocrx_word' id='word_1_843' title='bbox 2673 5261 2886 5316; x_wconf 84' lang='lat' dir='ltr'><strong>meritis</strong></span> <span class='ocrx_word' id='word_1_844' title='bbox 2919 5262 3040 5316; x_wconf 91' lang='lat' dir='ltr'><strong>suis</strong></span> <span class='ocrx_word' id='word_1_845' title='bbox 3061 5261 3361 5328; x_wconf 74' lang='lat' dir='ltr'><strong>confidunt,</strong></span> <span class='ocrx_word' id='word_1_846' title='bbox 3384 5262 3480 5317; x_wconf 86' lang='lat' dir='ltr'><strong>sed</strong></span> <span class='ocrx_word' id='word_1_847' title='bbox 3501 5275 3652 5331; x_wconf 89' lang='lat' dir='ltr'><strong>spem</strong></span> 
     </span>
     <span class='ocr_line' id='line_1_113' title="bbox 2075 5352 3655 5424; baseline -0.002 -14"><span class='ocrx_word' id='word_1_848' title='bbox 2075 5369 2232 5410; x_wconf 89' lang='lat' dir='ltr'><strong>suam</strong></span> <span class='ocrx_word' id='word_1_849' title='bbox 2274 5354 2329 5408; x_wconf 91' lang='lat' dir='ltr'><strong>in</strong></span> <span class='ocrx_word' id='word_1_850' title='bbox 2374 5352 2807 5409; x_wconf 88' lang='lat' dir='ltr'><strong>misericordiam</strong></span> <span class='ocrx_word' id='word_1_851' title='bbox 2831 5361 2888 5409; x_wconf 91' lang='lat' dir='ltr'><strong>et</strong></span> <span class='ocrx_word' id='word_1_852' title='bbox 2913 5353 3168 5424; x_wconf 87' lang='lat' dir='ltr'><strong>pietatem</strong></span> <span class='ocrx_word' id='word_1_853' title='bbox 3194 5352 3396 5409; x_wconf 86' lang='lat' dir='ltr'><strong>Christi</strong></span> <span class='ocrx_word' id='word_1_854' title='bbox 3421 5361 3655 5424; x_wconf 80' lang='lat' dir='ltr'><strong>ponunt,</strong></span> 
     </span>
     <span class='ocr_line' id='line_1_114' title="bbox 2075 5442 3658 5517; baseline -0.002 -15"><span class='ocrx_word' id='word_1_855' title='bbox 2075 5460 2108 5502; x_wconf 86' lang='lat' dir='ltr'><strong>a</strong></span> <span class='ocrx_word' id='word_1_856' title='bbox 2131 5445 2312 5501; x_wconf 87' lang='lat' dir='ltr'><strong>milvis</strong></span> <span class='ocrx_word' id='word_1_857' title='bbox 2335 5443 2608 5499; x_wconf 65' lang='lat' dir='ltr'><strong>haereticis</strong></span> <span class='ocrx_word' id='word_1_858' title='bbox 2638 5443 2744 5499; x_wconf 87' lang='lat' dir='ltr'><strong>sub</strong></span> <span class='ocrx_word' id='word_1_859' title='bbox 2764 5442 2880 5500; x_wconf 90' lang='lat' dir='ltr'><strong>alas</strong></span> <span class='ocrx_word' id='word_1_860' title='bbox 2901 5444 3131 5515; x_wconf 65' lang='lat' dir='ltr'><strong>geminat</strong></span> <span class='ocrx_word' id='word_1_861' title='bbox 3151 5444 3286 5515; x_wconf 76' lang='lat' dir='ltr'><strong>legis</strong></span> <span class='ocrx_word' id='word_1_862' title='bbox 3309 5442 3658 5517; x_wconf 74' lang='lat' dir='ltr'><strong>confugiunt,</strong></span> 
     </span>
     <span class='ocr_line' id='line_1_115' title="bbox 2076 5534 3657 5607; baseline -0.001 -15"><span class='ocrx_word' id='word_1_863' title='bbox 2076 5552 2106 5592; x_wconf 91' lang='lat' dir='ltr'><strong>a</strong></span> <span class='ocrx_word' id='word_1_864' title='bbox 2129 5536 2309 5591; x_wconf 72' lang='lat' dir='ltr'><strong>milvis</strong></span> <span class='ocrx_word' id='word_1_865' title='bbox 2337 5534 2679 5591; x_wconf 82' lang='lat' dir='ltr'><strong>daemonibus</strong></span> <span class='ocrx_word' id='word_1_866' title='bbox 2707 5537 2823 5591; x_wconf 88' lang='lat' dir='ltr'><strong>alas</strong></span> <span class='ocrx_word' id='word_1_867' title='bbox 2846 5537 3077 5607; x_wconf 78' lang='lat' dir='ltr'><strong>geminae</strong></span> <span class='ocrx_word' id='word_1_868' title='bbox 3105 5536 3414 5594; x_wconf 85' lang='lat' dir='ltr'><strong>dilectionis</strong></span> <span class='ocrx_word' id='word_1_869' title='bbox 3440 5543 3657 5607; x_wconf 84' lang='lat' dir='ltr'><strong>petunt,</strong></span> 
     </span>
     <span class='ocr_line' id='line_1_116' title="bbox 2076 5627 3042 5715; baseline 0.001 -32"><span class='ocrx_word' id='word_1_870' title='bbox 2076 5638 2130 5684; x_wconf 89' lang='lat' dir='ltr'><strong>et</strong></span> <span class='ocrx_word' id='word_1_871' title='bbox 2154 5627 2333 5715; x_wconf 72' lang='lat' dir='ltr'><strong>crucis</strong></span> <span class='ocrx_word' id='word_1_872' title='bbox 2361 5627 2463 5685; x_wconf 85' lang='lat' dir='ltr'><strong>alis</strong></span> <span class='ocrx_word' id='word_1_873' title='bbox 2492 5643 2550 5685; x_wconf 87' lang='lat' dir='ltr'><strong>sc</strong></span> <span class='ocrx_word' id='word_1_874' title='bbox 2582 5635 2789 5700; x_wconf 80' lang='lat' dir='ltr'><strong>tegunt.</strong></span> <span class='ocrx_word' id='word_1_875' title='bbox 2816 5627 2879 5683; x_wconf 86' lang='lat' dir='ltr'><strong>lli</strong></span> <span class='ocrx_word' id='word_1_876' title='bbox 2910 5628 3042 5684; x_wconf 86' lang='lat' dir='ltr'><strong>tales</strong></span> 
     </span>
    </p>
   </div>
  </div>
 </body>
</html>
