3817 6000
207 240 275 303 tiit
682 231 835 290 neutrum
855 228 1051 288 composui
1070 224 1345 287 RthleliSPEflG.
1778 219 1855 279 {552

202 356 289 423 madi,
304 364 331 411 et
344 352 573 409 subsannationes
595 367 690 406 eornm
712 348 877 406 declinandi.
891 346 992 404 lterum
1006 353 1032 410 Α
1044 345 1100 401 odii
1109 341 1285 401 manifestum
1297 350 1400 406 actum,
1411 339 1474 409 quis
1486 354 1614 397 enarrare
1623 338 1731 401 ualeat,
1741 344 1852 407 quanta

203 456 316 520 possent
326 462 386 502 csse
400 446 427 500 in
441 446 554 500 circuitu
569 453 669 508 noum,
684 441 783 498 sedita
799 440 951 511 longinqui,
965 448 995 495 ut
1046 437 1207 494 imminente
1223 434 1291 490 mihi
1305 434 1357 490 lrac
1375 433 1444 505 fecie
1469 431 1548 489 faciei
1563 448 1631 489 mee
1644 431 1701 487 fuit
1716 426 1853 485 confusio

203 541 233 598 ia
246 540 336 595 medio
350 552 446 594 eorum
465 547 540 595 esset
561 536 640 593 locns
663 534 826 607 respirandi.
852 533 906 589 Sed
931 549 994 589 ctam
1046 527 1215 600 usqueadeo
1233 532 1344 598 gravata
1356 539 1440 595 super
1451 538 1506 591 me,
1519 533 1550 580 nt
1566 523 1687 596 operiret
1704 536 1775 577 met
1797 535 1853 575 noa

202 632 306 704 pariter
326 643 391 686 sunt
409 639 437 686 et
451 630 533 685 uicini
554 628 582 685 et
596 627 717 699 untdique
729 627 928 698 circumpositi,
939 642 995 683 non
1046 628 1137 675 tamen
1154 617 1227 674 siem
1250 616 1289 671 illi
1307 615 1468 686 operiuntur
1493 612 1666 681 confusione,
1682 613 1721 669 de
1746 611 1855 683 quihus

202 732 245 780 est
262 723 341 779 locus
365 737 504 793 quoquam
525 721 687 786 divertendi,
709 720 762 777 nisi
785 736 896 777 sursum
914 721 948 776 ad
970 730 996 776 te
1046 712 1147 769 dicitur
1161 730 1169 764 z
1185 731 1194 765 ι
1213 709 1378 782 operiantur
1395 708 1467 765 sicut
1482 706 1602 779 diploide
1612 706 1790 766 cotrfusione
1803 720 1853 762 sua

201 813 485 877 Deum'altissimnm,
505 811 553 883 qni
573 826 636 867 cunt
655 810 735 866 nohis
748 810 915 866 intellectum
929 810 995 881 filiis
1048 801 1136 872 (aaut.
1150 816 1227 868 etth,
1241 798 1300 870 9-9).
1320 819 1330 852 t
1347 796 1416 855 Nam
1441 798 1503 856 illus
1523 797 1611 871 operit
1635 796 1775 855 conlusio
1802 798 1853 854 dn-

202 908 270 964 Gore
289 920 442 977 congruum
458 904 485 960 iu
503 904 587 960 corde
603 904 718 971 habere,
736 910 817 973 atque
833 918 881 960 ore
894 903 995 973 deprn-
1047 894 1120 965 plen,
1143 909 1192 965 per
1216 892 1363 964 diploidem
1389 899 1493 948 vestem
1516 891 1653 962 duplicem
1675 890 1852 964 significata,

201 1014 279 1056 mere
301 998 411 1065 dedisti,
431 1007 497 1052 tnnc
514 1011 562 1050 noa
580 996 693 1065 posuimi
714 993 882 1065 opprobrium
903 995 996 1052 uicinis
1047 987 1112 1044 dnm
1133 996 1161 1044 et
1177 987 1251 1042 intus
1265 984 1472 1041 confunduntur
1493 991 1640 1041 accusante
1659 984 1850 1050 conscientia,

202 1090 312 1147 nouus.
335 1086 403 1144 Nan
427 1089 452 1144 st
473 1088 547 1144 inter
563 1104 611 1145 eos
631 1085 824 1148 tacuissemus.
840 1085 997 1157 philosophi
1046 1089 1073 1135 et
1095 1079 1162 1135 ioris
1182 1078 1287 1150 perdita
1311 1077 1394 1134 tama.
1415 1076 1523 1134 Etenim
1538 1077 1600 1133 licet
1613 1077 1647 1133 ad
1660 1085 1780 1147 tempus
1795 1075 1850 1145 glo

203 1182 380 1238 haberemur.
394 1178 473 1236 Nunc
490 1187 581 1237 autem
597 1179 662 1251 quia
677 1188 704 1236 te
715 1178 833 1236 donante
846 1178 996 1245 eredimus,
1047 1180 1153 1236 eiciatur
1166 1178 1200 1235 de
1213 1179 1286 1235 houa
1302 1177 1385 1243 lama,
1406 1177 1507 1248 quihus
1526 1175 1598 1232 inest
1610 1174 1681 1230 mala
1698 1172 1851 1230 conscius·

202 1272 398 1346 propterquod
421 1281 449 1329 et
466 1272 614 1343 loquimur,
628 1272 741 1341 posuisti
760 1287 808 1326 nor
827 1269 998 1341 opprohrmm
1047 1275 1095 1341 tia,
1120 1275 1147 1329 in
1169 1273 1295 1344 proximo
1320 1280 1413 1329 tamen
1434 1273 1535 1334 esunt
1554 1269 1589 1327 de
1610 1267 1709 1325 talium
1724 1267 1849 1338 qoohhu

203 1366 296 1422 nicorio
309 1365 418 1431 uostris,
431 1365 700 1425 subronnatiouemct
712 1364 830 1419 demeum
846 1364 898 1431 hir,
909 1363 954 1434 qui
967 1365 997 1418 in
1046 1367 1155 1423 dicatur
1170 1385 1177 1421 :
1196 1384 1206 1418 ι
1224 1364 1305 1432 Ecce,
1316 1365 1375 1436 jam
1404 1362 1480 1431 fetet,
1499 1361 1703 1435 quatriduanus
1715 1362 1799 1417 enim
1809 1371 1849 1417 est

204 1459 319 1514 mrcuitu
342 1468 431 1513 nostro
449 1466 521 1513 sunt.
544 1456 662 1513 Posuisti
676 1472 724 1512 nos
743 1457 772 1512 iu
793 1456 997 1512 similitudinem
1047 1457 1139 1530 (icon.
1151 1475 1191 1526 ur,
1205 1456 1263 1530 39).
1277 1478 1288 1514 ι
1302 1456 1381 1526 Quod
1393 1456 1464 1513 idem
1478 1464 1531 1523 est,
1546 1469 1580 1512 ac
1591 1454 1614 1513 si
1629 1454 1766 1511 dicatur:
1781 1452 1848 1510 Eone

203 1549 333 1622 gentihus,
351 1549 550 1604 commotionem
564 1550 659 1619 cupitis
674 1550 701 1604 in
717 1548 834 1619 popufis,
848 1557 880 1604 ut
893 1558 936 1605 est
949 1564 997 1605 su·
1047 1553 1146 1611 merito
1160 1551 1226 1609 fetet
1247 1567 1295 1623 per
1311 1549 1463 1618 infamiam,
1474 1549 1522 1627 qul
1534 1548 1616 1620 longa
1628 1548 1770 1619 peccandi
1784 1562 1848 1603 oon·

203 1658 252 1716 pra
272 1640 437 1714 expositum.
462 1639 589 1708 Quandiu
610 1642 684 1698 enim
707 1641 751 1697 vel
770 1640 938 1699 intellectum
951 1656 998 1698 sa·
1047 1645 1193 1702 suetudine
1213 1651 1361 1710 mortuam,
1384 1642 1440 1698 imo
1464 1652 1493 1697 ct
1513 1639 1650 1713 putridam
1676 1638 1769 1694 habet
1784 1652 1848 1692 mnr-

203 1749 270 1790 uum
286 1748 339 1788 non
355 1732 450 1798 habui,
470 1732 513 1788 rel
530 1732 634 1789 habeus
647 1747 710 1789 enm
725 1748 781 1790 non
795 1733 936 1790 enuntiari
946 1748 997 1806 ego
1048 1738 1200 1795 salerniam.
1216 1735 1273 1808 Ego
1287 1744 1390 1800 anmnr,
1402 1734 1476 1804 filius
1492 1731 1570 1797 Gora,
1582 1746 1631 1802 per
1644 1729 1811 1798 infandam,
1823 1737 1848 1787 et

203 1827 277 1899 filius
288 1826 364 1894 Cere,
379 1825 472 1881 tandiu
485 1823 525 1880 fni
539 1833 632 1897 gratus
643 1834 671 1883 et
686 1835 814 1898 aceeptus
824 1828 917 1884 uicinis
928 1830 997 1885 meis
1046 1830 1146 1887 bonam
1161 1827 1263 1885 lamam
1276 1822 1760 1900 regiauiagrndicos,necdehooa
1776 1821 1848 1879 tama
1904 1892 1905 1899 ἵ

203 1919 357 1975 incircuitu
374 1918 482 1989 positis.
501 1918 836 1989 Atcumloqneharillis,
851 1921 997 1994 impugna·
1046 1919 1173 1987 extollor,
1195 1934 1245 1976 nec
1266 1919 1300 1976 de
1322 1918 1394 1973 mala
1407 1915 1556 1987 deprimor.
1570 1912 1604 1970 Et
1621 1924 1696 1972 recte
1710 1912 1847 1987 perinfa-
1904 1902 1905 1911 ¹

201 2013 270 2068 bant
285 2028 330 2067 me
343 2011 429 2084 gratis
444 2010 646 2082 exprobrando,
660 2004 847 2084 vituperando.
864 2013 927 2071 ldeo
939 2025 996 2072 toto
1046 2015 1129 2072 miam
1143 2014 1207 2072 nolo
1224 2013 1350 2088 deprimi.
1366 2011 1440 2068 Nihil
1457 2011 1531 2069 euim
1546 2010 1614 2067 mihi
1631 2010 1770 2067 conamus
1785 2025 1845 2066 snm

202 2107 246 2161 die
260 2106 417 2163 uerecundia
434 2116 598 2160 quocontra
617 2122 658 2161 me
675 2116 726 2174 eat,
740 2117 766 2163 et
781 2109 903 2180 confusio
917 2110 997 2180 famu
1045 2106 1080 2162 de
1094 2107 1149 2163 ullo
1168 2105 1294 2173 crimine,
1318 2105 1391 2176 qnod
1411 2119 1468 2160 non
1491 2112 1540 2160 ant
1561 2103 1706 2159 vitaverim
1730 2101 1846 2159 llenme

201 2212 268 2254 mere
281 2198 432 2268 cooperata·
453 2211 508 2252 uon
522 2194 584 2253 dioo
598 2196 700 2251 uultum
720 2197 822 2267 solnm,
835 2200 908 2269 qnod
923 2210 997 2257 esset
1045 2207 1213 2272 protegente,
1237 2208 1285 2257 ant
1308 2213 1341 2255 co
1365 2198 1519 2256 medicante
1543 2195 1583 2254 sic
1595 2195 1797 2268 judicaverim,
1816 2205 1846 2251 m

202 2299 343 2361 utcunque
361 2288 512 2355 tolerabile,
533 2287 581 2345 sed
596 2304 637 2343 me
651 2296 739 2344 totum
756 2291 897 2362 cooperuit
910 2310 917 2347 z
930 2292 995 2364 quia
1046 2293 1109 2349 inde
1130 2306 1238 2364 sperem
1258 2306 1314 2348 nou
1336 2304 1380 2347 rue
1400 2290 1491 2347 denuo
1501 2287 1691 2360 judicandum,
1706 2288 1844 2359 qnoniam

202 2394 277 2440 totrts
289 2382 422 2439 inhorrui.
983 2422 986 2429 .
1044 2385 1215 2455 prehendens
1227 2382 1323 2440 faeiem
1337 2383 1396 2453 ejus
1408 2382 1435 2438 in
1447 2380 1634 2449 confessione,
1644 2380 1704 2451 jaro
1717 2376 1843 2450 judicati

240 2477 322 2533 Vens.
335 2476 379 2531 li.
395 2476 418 2530 A
434 2491 494 2531 uoce
505 2476 689 2546 exprobrantis
700 2476 816 2534 crimina
832 2492 881 2536 sen
895 2494 958 2535 uera
968 2489 996 2537 et
1046 2493 1091 2533 me
1104 2478 1204 2548 ipsum.
1216 2476 1305 2534 Credo
1318 2475 1392 2533 enim
1409 2474 1459 2539 illi,
1475 2474 1524 2544 qni
1540 2472 1608 2529 dixit
1623 2491 1631 2527 z
1646 2490 1657 2524 ι
1674 2470 1703 2527 Si
1718 2482 1845 2528 nosmet·

201 2569 359 2635 emendata,
375 2585 423 2625 sen
449 2582 497 2639 per
520 2567 694 2625 mendacium
718 2571 845 2628 condeta.
867 2570 995 2629 Inhorrui
1045 2569 1121 2640 ipsos
1133 2568 1330 2639 indicaremus,
1349 2581 1403 2622 non
1419 2566 1515 2636 utique
1528 2562 1719 2635 judicaremur
1731 2561 1761 2633 (l
1777 2562 1842 2620 cte.

201 2664 285 2720 ctiam
300 2678 316 2717 a
330 2677 398 2719 runc
421 2659 594 2733 obloquentia,
611 2661 638 2717 id
659 2669 702 2718 eat
723 2663 832 2720 veritati
857 2664 996 2723 contradi·
1045 2674 1085 2726 11.
1101 2659 1158 2730 ab.
1177 2657 1260 2714 »Nun
1276 2667 1366 2714 aulem
1385 2657 1477 2714 extolli
1497 2655 1644 2727 infulatu>
1664 2668 1715 2725 hit·
1737 2654 1842 2710 llum
1904 2668 1905 2695 ι

202 2758 300 2835 centis.
315 2757 338 2811 Α
351 2773 413 2813 uoce
425 2756 498 2825 dieo,
511 2755 577 2828 qnia
589 2755 832 2816 rocis'horrisonae
844 2768 996 2817 contremo
1045 2754 1158 2821 famam,
1170 2754 1245 2826 qnia,
1262 2753 1325 2809 ficet
1337 2752 1389 2808 sim
1399 2750 1550 2822 judicatus,
1565 2764 1620 2805 non
1634 2756 1726 2804 umus
1742 2747 1772 2803 in
1788 2746 1842 2803 hoe

199 2858 278 2908 ιιιιιιι
294 2849 431 2905 interdum
446 2847 499 2903 fnit
519 2846 678 2915 exsolutio,
699 2856 731 2904 ut
743 2850 811 2905 mihi
828 2850 933 2908 rideret
945 2867 995 2908 au·
1041 2845 1209 2916 justificatus
1232 2861 1293 2901 surn
1315 2843 1425 2915 proprio
1444 2843 1560 2914 judicio,
1585 2842 1651 2912 quia
1677 2856 1771 2912 neque
1797 2855 1843 2897 me

202 2943 263 3002 dire
275 2940 424 2999 clamantes
438 2957 446 2993 z
461 2958 471 2993 r
490 2938 581 3008 Tolle,
599 2929 681 3009 to'lle,
700 2941 846 3016 cmcifige,
865 2944 995 3018 crucifige
1045 2938 1135 3010 ipsum
1146 2937 1250 3010 judico.
1265 2935 1318 2992 Pro
1336 2936 1450 2992 minimo
1464 2944 1506 2991 cst
1523 2949 1588 3005 ergo
1603 2933 1682 3002 mihi,
1696 2935 1720 2990 si
1736 2933 1774 2989 ah
1784 2934 1843 2988 ini-

202 3033 295 3107 (ioon.
309 3048 367 3101 xta,
382 3031 439 3104 li).
458 3049 467 3084 ι
491 3029 695 3102 Nonnunquam
717 3047 782 3090 uero
802 3033 1027 3098 tantisvocemc
1044 3031 1123 3089 micis
1138 3031 1248 3104 judicor
1265 3039 1314 3086 aut
1325 3030 1360 3086 ab
1382 3029 1503 3085 hnmana
1521 3028 1566 3083 die
1580 3045 1587 3081 ι
1601 3036 1681 3099 atque
1699 3025 1767 3083 ideo
1782 3040 1842 3083 nna

198 3124 346 3184 cachinnis
369 3123 620 3191 intermiscnemnt,
643 3123 755 3194 quando
777 3125 909 3197 colaphos
933 3140 996 3199 post
1044 3123 1153 3194 operior
1172 3121 1244 3180 sient
1258 3120 1377 3194 diploide
1389 3118 1550 3177 confusione
1563 3118 1676 3190 duplici,
1695 3116 1774 3174 inum
1789 3133 1841 3190 per

201 3227 309 3288 tergum
323 3229 377 3272 non
395 3213 509 3282 videnti,
521 3212 565 3271 nel
577 3214 682 3286 palmas
695 3215 778 3271 etiam
792 3215 933 3275 infaciem
946 3236 996 3278 ex·
1045 3214 1146 3271 malam
1160 3215 1372 3282 conscientiam,
1386 3212 1453 3271 foris
1470 3203 1519 3285 per
1533 3211 1632 3269 malam
1650 3211 1775 3280 famam,
1790 3211 1841 3268 aed

201 3307 424 3382 prohrationibns
446 3306 574 3364 mendo
597 3306 860 3379 multiplicaverunt,
878 3320 909 3369 ut
925 3311 994 3369 mibi
1044 3307 1103 3365 sola
1115 3305 1235 3379 conluuio
1253 3308 1331 3378 [achi
1343 3322 1407 3363 nure
1419 3309 1553 3379 empcruit
1568 3323 1618 3376 nte,
1632 3322 1689 3363 non
1701 3306 1738 3362 ah
1753 3321 1842 3362 aecn-

202 3403 360 3458 uidercntur
381 3402 523 3458 clamare:
542 3418 551 3451 ι
575 3398 643 3468 Quis
663 3408 714 3469 est,
734 3400 782 3472 qui
796 3409 823 3458 te
839 3404 995 3474 percussit?
1044 3407 1122 3457 sante
1134 3398 1312 3466 consuestis,
1327 3398 1373 3454 sed
1392 3416 1408 3453 e
1431 3415 1491 3454 noce
1509 3398 1695 3470 reprobantia
1713 3405 1745 3453 et
1765 3396 1842 3453 oila-

203 3494 313 3565 (Mettio.
329 3509 411 3559 xnus.
425 3490 484 3554 nat
502 3510 512 3544 ι
530 3492 576 3548 Sic
589 3491 662 3548 enim
681 3491 833 3564 colaphiset
846 3503 922 3565 tergo
938 3511 994 3552 aa·
1043 3492 1157 3564 quentis,
1172 3508 1188 3547 a
1203 3491 1274 3548 lucie
1286 3492 1388 3566 inimici
1401 3499 1425 3544 et
1439 3488 1625 3561 persequereris.

191 3582 296 3651 ‘dehac
311 3592 342 3638 nt
354 3591 382 3639 et
395 3581 560 3639 contnmeha
577 3579 733 3648 inferretur,
749 3592 776 3638 et
791 3591 887 3640 auctor
896 3591 1005 3642 coutn·'
1080 3583 1164 3641 hans.
1185 3583 1229 3640 l8.
1252 3583 1317 3640 Hoc
1327 3583 1417 3638 omorio
1428 3593 1551 3638 uenerunt
1563 3597 1641 3651 super
1652 3596 1712 3648 aot,
1726 3581 1840 3636 neceb·

202 3673 291 3730 melia
307 3672 398 3729 inlatae
410 3671 547 3728 interdum
559 3671 720 3728 nesciretur.
844 3715 848 3724 .
1045 3677 1087 3732 liti
1096 3693 1188 3732 ιιιιιιιιι
1201 3686 1237 3732 te.
1251 3675 1349 3732 Omnia
1363 3675 1479 3732 molesta
1500 3682 1528 3730 ct
1544 3673 1682 3731 coenaria
1705 3672 1840 3744 superins

102 3774 106 3780 “
189 3791 193 3796 ·
238 3765 342 3822 Aliter:
358 3763 485 3835 Confusio
507 3764 586 3835 faciei
609 3779 675 3820 mere
692 3767 825 3835 conpererit
845 3783 915 3823 mco
932 3783 994 3824 uoce
1043 3778 1201 3826 enumerata
1215 3777 1500 3839 oeneruattuperncs.
1515 3765 1603 3823 Nullis
1617 3781 1651 3822 ea
1668 3764 1839 3821 criminibus

190 3858 398 3929 exprobrantis,
413 3857 494 3914 idest
515 3855 543 3913 iu
561 3855 658 3913 faciem
671 3858 867 3926 maledicentis,
881 3867 907 3914 et
917 3860 992 3916 olion
1043 3859 1086 3916 uel
1100 3859 1215 3932 magicis
1229 3858 1346 3924 artibus,
1363 3867 1393 3914 nt
1418 3857 1609 3930 imponebatur
1622 3856 1712 3922 nobis,
1722 3870 1758 3911 ea
1776 3872 1839 3912 me-

200 3948 413 4023 remorandust
430 3949 569 4022 eloquium
591 3966 683 4006 meum
706 3950 801 4007 dolose
822 3950 850 4006 in
869 3952 993 4010 ahsenua
1043 3948 1149 4006 ruimus
1162 3948 1203 4006 rel
1226 3948 1398 4005 attraximus.
1414 3945 1491 4003 Ultro
1512 3955 1635 4002 uenerunt
1658 3959 1706 4016 per
1720 3959 1752 4000 se
1772 3945 1837 4001 soto

202 4042 365 4100 mordentis.
383 4040 537 4099 ‘folerahife
555 4041 618 4109 fnit,
637 4041 747 4114 qnando
760 4044 842 4099 amici
859 4045 992 4117 ohloqne-
1042 4042 1151 4100 diabolo
1164 4044 1337 4109 concitante;
1352 4040 1424 4098 sicut
1441 4041 1528 4098 hestia
1546 4040 1657 4112 rugiens
1667 4047 1713 4094 aut
1720 4046 1838 4095 torrens

200 4133 301 4193 benith
315 4133 489 4206 indignantes
511 4134 588 4202 mihi,
610 4150 644 4192 eo
667 4135 740 4206 quod
762 4151 813 4207 ego
832 4137 906 4194 uelut
923 4139 992 4195 after
1042 4133 1231 4191 intolerabilis.
1258 4132 1387 4190 Venerunt
1412 4141 1501 4188 numm
1514 4147 1594 4203 super
1614 4138 1713 4198 noant
1736 4129 1836 4201 oppri-

201 4222 253 4282 fob
266 4233 347 4281 tonso
364 4225 451 4295 capite
472 4223 545 4295 filius
558 4224 625 4280 Cora
648 4227 746 4282 sedens
770 4225 797 4281 in
820 4229 992 4292 sterquilinio
1042 4234 1157 4293 merent,
1181 4241 1214 4282 ac
1224 4225 1386 4282 memoriam
1401 4235 1455 4281 tuae
1470 4223 1603 4280 honitatis
1623 4222 1697 4280 heus
1714 4222 1751 4278 dc
1765 4237 1834 4278 cor-

200 4311 328 4374 anderem
344 4317 416 4387 loqui
431 4318 466 4373 de
481 4333 587 4373 mmma
608 4315 656 4373 liei
675 4319 830 4390 maiestate,
847 4320 890 4376 ref
902 4321 937 4378 de
950 4324 991 4379 al-
1042 4313 1122 4372 dihus
1146 4316 1249 4372 nostris
1266 4323 1435 4373 excuterent.
1452 4313 1506 4372 Sed
1527 4329 1579 4372 nos
1599 4314 1648 4370 hlii
1662 4311 1729 4371 fore
1747 4312 1834 4370 intef-

199 4408 236 4462 tis
250 4407 420 4477 principibus
432 4406 562 4464 Ecclesiae
586 4409 669 4464 homo
691 4409 794 4465 nullius
813 4410 989 4471 excellentie.
1005 4412 1028 4468 h
1041 4406 1155 4478 licentes
1168 4421 1223 4462 11⁰¹]
1236 4414 1347 4477 utiliter
1362 4406 1555 4477 hujusmundi
1570 4420 1712 4477 prospera,
1728 4419 1832 4462 0⁰⁰2·

200 4498 328 4553 Sedcnm
344 4498 567 4570 insignisaliqnis
576 4499 745 4570 vituperator
759 4541 769 4568 ,
783 4501 826 4559 rcl
838 4501 991 4575 disputator
1040 4499 1162 4572 quenda,
1188 4500 1231 4555 rel
1259 4501 1375 4556 aduersa
1398 4499 1507 4557 uitanda
1534 4513 1597 4556 esse
1620 4508 1648 4554 te
1670 4497 1830 4567 rotumum,

199 4587 261 4645 Elio
274 4590 413 4661 arroganti
425 4590 586 4657 mirsimilis,
599 4599 674 4648 totns
687 4590 826 4661 inimicus,
842 4593 992 4650 insurrexit
1040 4592 1126 4664 gratis
1136 4600 1163 4648 te
1182 4591 1319 4649 coluimus
1331 4594 1403 4649 inter
1414 4605 1556 4664 prospera,
1581 4589 1717 4645 amolliri
1734 4604 1830 4644 ιιιιιιιιι

197 4689 294 4737 contra
322 4695 376 4748 me,
391 4680 456 4752 quia
476 4681 540 4738 talis
562 4682 670 4740 volebat
691 4682 865 4741 solummodo
889 4685 989 4753 audiri,
1040 4694 1065 4740 te
1082 4685 1154 4741 inter
1171 4685 1296 4741 aduersa.
1311 4683 1376 4742 inde
1402 4698 1521 4756 namque
1536 4691 1620 4756 patet,
1636 4681 1711 4754 quod
1730 4689 1758 4737 te
1781 4653 1842 4790 co}

197 4781 226 4827 et
248 4787 302 4829 non
328 4770 434 4840 andire,
446 4772 490 4828 nel
517 4773 541 4828 si
565 4773 679 4843 audiuit,
703 4775 792 4832 noluit
813 4775 990 4846 acquiescere
1039 4775 1142 4832 lnimns
1151 4776 1237 4847 gratis
1250 4778 1429 4849 pmsperitate
1442 4792 1534 4833 rerum
1556 4776 1698 4833 fluentium
1713 4773 1829 4832 affluen-

197 4864 306 4920 reritati
327 4863 429 4921 auditae
450 4879 500 4920 seu
522 4864 674 4931 intellecta¹
693 4874 759 4922 tuuc
775 4867 846 4924 ultra
864 4866 988 4933 modum,
1038 4870 1150 4941 te,qnia
1171 4884 1226 4926 non
1237 4869 1401 4937 dimisimus,
1417 4885 1463 4924 uec
1489 4869 1566 4924 obliti
1578 4877 1705 4924 ιιιιιιιιιιι
1718 4867 1767 4924 illa
1784 4883 1829 4924 re-

197 4971 281 5028 supra
296 4972 380 5028 quatu
393 4957 447 5013 dici
461 4957 558 5032 possit,
578 4958 699 5030 confusio
711 4958 792 5016 faciei
810 4975 878 5016 meae
890 4973 989 5030 coope-
1040 4959 1155 5016 cedeutc
1165 4967 1194 5016 et
1207 4959 1372 5017 aduersitate
1386 4959 1557 5015 imminente.
1573 4958 1603 5014 Si
1616 4958 1658 5013 uir
1670 4958 1789 5030 simplex
1799 4969 1828 5015 et

178 5080 181 5082 >
197 5049 254 5104 ruit
266 5063 320 5116 me,
336 5065 390 5105 nnn
407 5049 526 5106 solnmo
542 5067 601 5106 uoce
614 5051 832 5122 exprobrantium
846 5053 988 5123 obloquen-
1038 5061 1130 5109 rectus
1142 5050 1229 5109 Johtc
1239 5051 1370 5109 coluisset
1392 5062 1546 5124 propterea,
1561 5054 1626 5124 quia
1645 5054 1719 5109 hona
1729 5069 1828 5109 susm-

197 5140 245 5208 ιιι,
260 5141 307 5196 sed
322 5143 406 5198 etiam
418 5159 435 5197 o
446 5143 514 5213 fecie
529 5143 632 5198 inimici
653 5152 679 5199 et
693 5146 905 5215 persequendae
920 5146 988 5214 fudo
1038 5147 1077 5216 pit
1089 5148 1124 5202 de
1138 5161 1220 5202 manu
1231 5155 1290 5214 tna,
1309 5146 1382 5203 mala
1404 5161 1461 5201 oron
1486 5147 1665 5205 sustinuisset
1678 5149 1825 5219 patienter,

198 5237 286 5293 torna,
302 5231 420 5288 stridore
434 5233 557 5288 dentium
575 5241 703 5298 tremore,
716 5232 861 5300 labiorum,
885 5234 988 5304 pallore
1037 5255 1126 5312 nuque
1139 5247 1166 5295 te
1177 5238 1351 5296 coluissetae
1362 5239 1500 5297 laudasset
1516 5241 1722 5298 interadrersr.
1739 5239 1827 5302 Sirm-

198 5337 246 5376 seu
262 5322 361 5379 rubore
377 5341 520 5395 genarum,
533 5326 659 5398 jactlhns
669 5327 811 5384 oenlomm
832 5327 945 5384 nonhili
960 5335 988 5384 et
1036 5330 1098 5388 liter·
1108 5341 1135 5386 ct
1150 5347 1213 5397 nos,
1225 5331 1278 5401 filii
1289 5330 1368 5401 Cure,
1379 5332 1465 5404 gratis
1476 5348 1570 5389 amore
1583 5341 1735 5405 sponmneo
1752 5332 1825 5391 irater

198 5414 373 5484 formidabili,
388 5418 495 5475 chanst
510 5428 583 5476 essct
596 5421 654 5494 lame
666 5418 750 5476 facies
763 5419 844 5476 amici
856 5434 904 5490 per
916 5420 986 5476 iram
1035 5439 1164 5496 prospera
1175 5425 1311 5482 coluimus
1321 5434 1358 5495 te,
1383 5425 1444 5482 ideo
1462 5440 1511 5483 nec
1523 5426 1594 5482 inter
1615 5427 1729 5484 aduusa
1743 5427 1824 5486 atari

197 5507 362 5562 eorrtnrbati.
381 5506 480 5566 ilerum
496 5526 559 5567 cum
576 5497 649 5569 essel
663 5512 821 5584 hujusmodi
839 5512 921 5582 facua
934 5512 987 5569 ini·
1035 5533 1126 5572 samur
1139 5526 1174 5585 te,
1203 5517 1268 5588 qnia
1294 5517 1473 5591 intelligimus
1495 5518 1639 5576 colendum
1656 5529 1682 5575 te
1698 5535 1754 5576 nou
1770 5534 1824 5592 pro

199 5599 261 5649 orriri
278 5610 302 5652 et
315 5608 501 5672 persequentia,
514 5608 618 5663 inimici
628 5623 676 5680 per
689 5609 782 5665 odium
794 5611 984 5679 inveteratum,
1035 5608 1160 5672 terrariis,
1172 5609 1219 5664 sed
1232 5622 1282 5680 pro
1297 5618 1333 5664 te.

173 5694 372 5753 ‘persequentis
387 5710 434 5762 por
457 5698 596 5755 assiduum
622 5700 694 5756 iteca
715 5700 757 5759 rel
779 5701 861 5758 alium
876 5701 984 5758 latentis
1060 5697 1134 5754 little
1158 5706 1380 5767 aummconstnt,
1396 5699 1469 5770 <1⁸¹⁰tl
1485 5716 1535 5758 ¹¹⁹⁰
1560 5701 1630 5757 iuter
1642 5699 1756 5757 ‘lilim
1771 5699 1823 5757 ὼ·
