3817 6000
378 225 486 281 959
1336 226 1376 278 tj.
1388 222 1516 274 igi-“ili
1528 222 1636 274 UH!
1664 216 2062 277 PRAEPosiTt
2099 215 2644 273 itEltmt-IRSPERG.
3521 222 3642 280 960

378 339 511 410 quid
532 337 715 394 adhuc
732 337 955 408 juvante
975 338 1115 406 ipse,
1135 338 1195 390 ile
1219 354 1332 406 qun
1356 336 1957 406 'inwintundiccndum
1987 338 2032 396 Α
2061 333 2294 396 deesset,
2330 349 2523 403 parum
2566 344 2684 389 erat
2719 332 2897 391 Verbo
2920 334 3250 390 aeternaliter
3287 352 3317 391 a
3346 333 3508 395 Patre
3542 354 3644 409 ge-

378 440 484 487 est.
827 457 834 467 ·
2058 428 2173 484 nito
2199 428 2281 484 sic
2319 428 2520 484 exiisse
2548 444 2644 499 per
2678 443 2842 499 opera
2869 436 2924 483 et
2947 426 3280 499 Scripturas,
3310 426 3443 487 Plus
3468 432 3646 489 exivit

457 542 477 577 ι
512 522 572 577 ln
593 521 862 593 principio
891 535 1007 576 erat
1046 523 1304 587 'fei-huin,
1332 531 1384 575 et
1404 523 1640 575 Verbum
1671 528 1790 576 erat
1811 519 1959 590 apud
2050 517 2114 573 in
2140 533 2247 573 sua
2277 518 2673 584 misericordia,
2714 518 2934 590 quando
2967 534 3154 575 semen
3185 519 3419 579 Abrabae
3443 537 3649 595 appre-

380 611 575 678 Deum,
607 622 660 668 et
682 610 826 668 Deus
860 623 979 667 erat
1015 615 1039 663 'i
1059 615 1283 675 eristum
1316 615 1420 663 lini:
1444 623 1564 664 erm
1596 615 1648 663 in
1679 609 1954 680 principio
2059 611 2267 669 liendit.
2305 610 2422 667 lmo
2446 611 2667 682 quaudo
2693 610 2872 681 ipsum
2908 611 3004 668 Dei
3043 611 3305 681 Verbum,
3330 615 3511 687 ipsum
3545 615 3647 672 Dei

380 702 525 772 apud
556 700 726 757 Deum
774 700 955 773 (Joan,
991 719 1027 769 ι,
1067 707 1131 773 ij.
1179 723 1191 755 i
1247 703 1396 755 Sit-ut
1440 700 1700 772 snpientia
1739 702 1824 757 vel
1866 717 1960 758 ars
2055 721 2267 772 semen,
2293 719 2405 775 quo
2441 704 2780 776 germinante
2823 702 2967 761 saeta
3011 715 3142 762 sunt
3179 708 3363 764 omnia
3397 709 3644 766 visibilia

380 794 565 866 aliqua
592 809 791 867 magna
816 794 991 851 latens
1013 803 1099 850 est
1138 795 1281 864 apud
1315 793 1655 866 ingeniosum
1688 793 1957 861 animum,
2058 805 2113 852 et
2150 792 2448 851 invisibilia
2484 793 2553 849 de
2590 795 2784 863 nihilo,
2819 794 2938 851 fieri
2974 797 3145 853 voluit
3171 813 3356 855 semen
3378 800 3645 868 Abrahae,

381 884 466 941 sic
508 884 650 955 apud
672 883 888 940 Patrem
919 885 1222 957 ingenitum
1253 883 1358 940 fuit
1381 886 1488 942 hoc
1503 883 1743 941 Verbum
1776 887 1963 959 unige-
2057 888 2216 959 cujus
2246 887 2325 943 rei
2357 886 2694 944 exhilaratus
2730 888 3096 958 promissione
3125 889 3240 961 ipse
3276 901 3434 963 pater
3459 893 3645 950 Abra-

380 976 578 1031 nitum.
609 974 677 1031 Et
703 976 846 1032 sicut
872 975 1024 1032 foras
1072 976 1188 1032 exit
1229 976 1498 1047 sapientia
1539 991 1636 1048 per
1658 992 1824 1047 opera
1865 992 1959 1034 se·
2059 978 2210 1044 ham,
2246 978 2466 1051 quando
2494 988 2605 1036 tres
2635 979 2789 1047 vidit,
2812 989 2867 1036 et
2893 996 3060 1038 unum
3087 983 3356 1052 adoravit,
3387 1003 3408 1038 ι
3436 1001 3644 1042 cucur-

379 1069 623 1126 cundum
652 1070 829 1141 ipsam
867 1069 1146 1141 sapienter
1188 1070 1479 1141 disposita,
1509 1078 1566 1126 et
1602 1070 1665 1126 sst
1692 1071 1963 1142 quodam-
2057 1073 2131 1128 rit
2169 1072 2237 1128 ad
2267 1080 2606 1140 armentum,
2630 1080 2686 1128 et
2710 1073 2836 1128 tulit
2870 1072 2997 1128 inde
3022 1074 3252 1129 vitulum
3277 1077 3643 1133 tenerrImum

385 1161 557 1218 modo
579 1162 838 1231 visibilis,
863 1178 985 1233 quae
1013 1161 1119 1219 suit
1145 1163 1462 1231 invisibilis,
1492 1163 1646 1220 verbi
1676 1165 1880 1236 gratia:
1910 1165 1958 1221 si
2058 1163 2212 1235 (Gen.
2249 1180 2407 1228 xvtn,
2442 1164 2518 1234 7),
2559 1182 2580 1216 ι
2612 1163 2757 1220 coxit
2793 1180 3005 1236 azyma,
3045 1174 3100 1222 et
3136 1164 3264 1221 l'ccit
3296 1167 3642 1224 convivium.

379 1272 473 1312 ars
504 1255 718 1312 musica
746 1256 908 1311 latuit
959 1255 1016 1310 in
1052 1255 1218 1312 corde
1258 1255 1514 1326 sapienti,
1555 1264 1611 1312 et
1655 1256 1956 1313 secundum
2057 1253 2326 1309 Nimirum
2367 1268 2534 1325 sagax
2567 1252 2875 1323 patriarcha
2912 1253 3159 1325 praevidit
3178 1251 3415 1310 Verbum
3447 1253 3547 1310 Dei
3576 1256 3649 1312 de

379 1347 556 1418 ipsam
610 1356 783 1404 artem
827 1347 961 1403 liant
997 1348 1210 1404 musica
1257 1348 1620 1404 instrumenta
1658 1365 1877 1421 magna,
1906 1358 1962 1405 et
2057 1359 2226 1401 carne
2271 1359 2372 1402 sua
2422 1343 2842 1411 incarnandum,
2878 1353 2938 1399 ut
2973 1351 3118 1400 esset
3159 1343 3363 1401 vitulus
3409 1346 3648 1401 tenerri-

379 1437 707 1509 multa,jam
744 1437 902 1508 quasi
942 1437 1178 1494 visibilis
1230 1435 1388 1504 ‚faeta
1437 1445 1523 1494 est
1573 1438 1807 1506 musica,
1837 1453 1962 1510 quae
2057 1451 2212 1505 mus,
2238 1435 2305 1492 ad
2345 1436 2785 1494 manducandum
2820 1435 3213 1503 suavissimus,
3239 1437 3490 1508 praevidit
3511 1453 3645 1493 eum

379 1529 534 1600 prius
555 1538 674 1584 erat
702 1528 996 1586 invisibilis
1036 1529 1182 1600 apud
1224 1528 1493 1596 animum,
1534 1528 1630 1585 sed
1658 1530 1829 1586 exivit
1863 1546 1962 1601 per
2057 1529 2277 1600 plenum
2309 1527 2484 1600 gratia
2517 1536 2574 1584 et
2604 1528 2862 1596 veritate,
2889 1528 3050 1599 quasi
3088 1527 3248 1598 adipe
3272 1536 3327 1583 et
3350 1528 3644 1600 pinguedi-

379 1637 522 1690 opus
565 1622 880 1689 mirificum,
913 1637 1023 1677 non
1073 1628 1257 1676 tamen
1304 1621 1622 1693 relinquens
1666 1622 1909 1679 animum
1941 1642 1955 1679 ε
2060 1635 2130 1676 ne
2157 1619 2325 1676 :ideo
2356 1617 2681 1687 exsultavit,
2713 1626 2775 1679 ut
2805 1619 3014 1675 videret
3028 1618 3171 1676 diem
3201 1618 3342 1690 ejus,
3371 1635 3543 1691 quem
3578 1636 3642 1677 se

380 1715 456 1768 ita
484 1710 725 1769 Verbum
755 1722 875 1768 erat
932 1713 987 1768 in
1020 1712 1290 1783 principio
1333 1712 1479 1782 apud
1521 1712 1716 1780 Deum,
1743 1712 1842 1769 sed
1899 1724 1960 1770 ut
1988 1691 2034 1748 B
2061 1711 2263 1768 vidisse
2285 1711 2590 1782 gratulatur
2609 1708 2848 1767 loannes
2876 1710 3097 1767 dicens:
3122 1729 3142 1764 ι
3170 1710 3236 1766 Et
3253 1712 3482 1767 verbum
3504 1727 3641 1768 caro

378 1804 553 1859 exiret
600 1802 769 1871 foras,
798 1802 955 1874 juxta
983 1802 1132 1874 quod
1177 1804 1440 1874 seriptum
1500 1814 1605 1871 est,
1655 1805 1960 1862 ambulavit
2060 1802 2388 1871 factumest,
2419 1811 2473 1859 et
2498 1803 2764 1859 habitavit
2785 1804 2837 1858 in
2861 1802 3038 1870 nobis,
3069 1811 3125 1859 et
3150 1803 3387 1860 vidimus
3407 1805 3644 1876 gloriam

380 1895 644 1965 Verbum,
671 1906 727 1953 et
771 1896 940 1953 exivit
971 1898 1028 1953 in
1058 1896 1291 1969 campis,
1328 1917 1347 1951 ι
1395 1898 1582 1955 omnia
1637 1914 1736 1970 per
1776 1897 1959 1970 ipsum
2059 1897 2200 1968 ejus,
2237 1895 2463 1968 gloriam
2481 1895 2643 1967 quasi
2667 1895 2933 1968 unigeniti
2960 1911 2993 1951 a
3015 1893 3176 1953 Patre
3204 1895 3426 1968 plenum
3451 1897 3645 1969 gratia

378 1989 675 2047 factasunt
702 1989 883 2059 (ibid.,
911 1987 990 2059 5).
1024 2007 1045 2042 ι
1076 1987 1232 2043 Sicut
1261 2003 1391 2060 ergo
1420 1989 1632 2046 musica
1653 1989 1872 2047 subtilis
1900 1991 1958 2045 in
2057 2002 2113 2049 et
2152 1992 2397 2049 veritatis
2423 1990 2606 2064 (Joan.
2651 2008 2692 2059 ι,
2730 1991 2843 2063 14).
2887 2010 2908 2045 ι
2945 2021 3017 2031 -
3054 2009 3075 2044 ι
3112 1990 3180 2047 Et
3210 1992 3276 2048 de
3298 1992 3646 2063 plenitudine

378 2080 601 2152 ingenio
642 2080 842 2136 mentis
867 2079 1276 2150 quodammodo
1316 2082 1611 2153 grossescit
1648 2089 1703 2139 et
1738 2097 1956 2140 crasse-
2057 2084 2198 2156 ejus,
2235 2103 2254 2138 ›
2284 2084 2462 2154 inquit
2492 2082 2733 2140 Joannes
2764 2082 3031 2156 Baptista,
3066 2102 3086 2137 ι
3127 2099 3230 2142 nos
3255 2101 3449 2143 omnes
3476 2103 3641 2143 acee-

380 2174 486 2230 scit
510 2172 566 2227 in
593 2172 974 2229 instrumentis
1020 2172 1268 2240 musicis,
1307 2182 1367 2229 ut
1399 2173 1573 2243 possit
1598 2173 1792 2245 videri,
1836 2176 1957 2247 pal-
2055 2174 2239 2246 pimus
2264 2173 2444 2246 (ibim,
2482 2172 2594 2245 16).
2616 2192 2635 2227 ›
2672 2173 2830 2242 Quod
2862 2188 2991 2246 ergo
3015 2173 3254 2231 Joannes
3273 2187 3435 2232 vocat
3458 2177 3639 2248 pleni-

379 2265 499 2337 pari
531 2273 587 2321 et
613 2265 815 2334 audiri,
846 2273 1013 2336 atque
1053 2265 1123 2322 ab
1167 2265 1439 2337 imperitis
1465 2266 1699 2322 dulciter
1740 2267 1954 2336 sentiri,
2054 2266 2324 2332 tudinem,
2351 2281 2453 2322 nos
2495 2280 2693 2323 vocare
2722 2281 3021 2337 possumus
3055 2265 3466 2339 pinguedinem,
3499 2284 3641 2340 quo-

377 2358 459 2416 sic
493 2359 690 2415 subtile
724 2357 820 2414 Dei
849 2357 1086 2415 Verbum
1113 2373 1211 2429 per
1238 2373 1325 2428 ea,
1364 2374 1486 2430 quae
1522 2357 1577 2417 in
1620 2359 1742 2430 ipso
1776 2367 1832 2415 et
1857 2373 1959 2430 per
2056 2356 2206 2413 niam
2248 2366 2378 2414 tunc
2416 2358 2662 2416 membra
2691 2358 2777 2415 vel
2821 2371 3053 2429 corpora
3095 2358 3350 2414 dicuntur
3387 2360 3636 2431 pinguia,

382 2452 569 2524 ipsum
596 2452 740 2510 sacta
767 2460 917 2521 sunt,
940 2452 1349 2523 quodammodo
1372 2466 1627 2524 grossum
1652 2452 1958 2523 deprehen·-
2055 2448 2277 2520 quando
2307 2458 2437 2506 sunt
2458 2449 2639 2520 plena.
2668 2447 2807 2505 Cum
2834 2463 2963 2505 vero
2988 2447 3315 2520 pinguedine
3342 2449 3429 2505 vel
3455 2450 3637 2506 earni-

375 2543 548 2611 ditur,
588 2544 834 2615 quando,
873 2551 932 2598 ut
968 2541 1267 2615 Apostolus
1312 2545 1389 2600 ait
1433 2562 1448 2599 x
1514 2561 1534 2596 t
1596 2542 1898 2600 invisibilia
1928 2562 1949 2597 ι
2055 2540 2160 2598 bus
2190 2540 2395 2598 fuerint
2432 2542 2734 2610 exhausta,
2771 2556 2950 2613 neque
2989 2542 3169 2613 plena,
3204 2557 3383 2613 neque
3411 2544 3638 2615 pinguia

376 2632 475 2690 Dei
503 2652 524 2687 e
567 2650 665 2706 per
699 2650 766 2692 ea
829 2651 953 2707 quae
995 2633 1140 2692 faeta
1200 2645 1361 2705 sunt,
1400 2636 1671 2694 intellecta
1736 2636 1956 2708 conspi-
2053 2631 2343 2702 dicuntur,
2374 2633 2468 2690 sed
2499 2633 2808 2689 macilenta.
2841 2630 2965 2689 ldeo
2994 2646 3216 2700 omnes,
3249 2650 3269 2684 ι
3305 2643 3576 2704 quotquot
3609 2653 3629 2686 ι

375 2727 973 2799 ciuntur(liom.1,20).
996 2746 1015 2781 ι
1036 2728 1375 2799 sempiterna
1392 2743 1611 2799 quoque
1638 2727 1814 2784 virtus
1833 2728 1956 2799 eius
2053 2740 2184 2783 eum
2212 2745 2232 2780 ι
2264 2735 2606 2798 receperunt,
2645 2746 2665 2780 ι
2698 2727 2897 2798 quibus
2925 2736 2979 2783 ct
3006 2727 3122 2798 ipse
3148 2745 3168 2778 ι
3206 2726 3353 2783 dedit
3394 2738 3636 2799 potcsta-

375 2818 541 2874 etiam
573 2819 643 2874 ab
675 2819 858 2888 impiis
887 2818 962 2874 ita
991 2820 1246 2887 sentitur,
1270 2828 1332 2876 ut
1371 2821 1483 2876 sint
1515 2820 1952 2878 inexcusabiles,
2053 2829 2164 2876 tem
2210 2817 2352 2877 filios
2399 2818 2498 2895 Dei
2542 2819 2658 2875 fieri
2705 2820 2887 2893 (ibim,
2925 2819 3014 2891 12)
3044 2861 3060 2887 ,
3113 2838 3131 2873 ο
3187 2820 3466 2892 suspirant
3513 2832 3638 2892 post

374 2903 533 2974 ltem,
559 2907 704 2964 sicut
734 2907 952 2964 subtilis
992 2923 1084 2965 ars
1140 2909 1351 2965 musica
1400 2909 1468 2966 de
1511 2909 1732 2981 ingenio
1778 2907 1959 2966 fertur
2054 2909 2233 2981 ipsum
2278 2910 2438 2982 quasi
2479 2911 2786 2980 macilenti,
2818 2911 2978 2982 quasi
3010 2909 3275 2979 famelici,
3301 2914 3461 2984 quasi
3492 2913 3638 2971 same

377 3000 436 3055 in
492 3016 883 3073 pergamenum
908 3043 927 3069 ,
991 3003 1214 3073 quando
1280 3003 1453 3074 ipsius
1522 2984 1657 3063 artis
1725 3006 1954 3063 musicae
2056 3004 2110 3059 in
2153 3003 2376 3075 regione
2415 3003 2709 3075 longinqua
2754 3005 3106 3060 vehementer
3149 3004 3402 3075 consecti,
3435 3019 3490 3063 et
3533 3024 3636 3065 nos

375 3093 800 3150 conscribuntur
856 3093 1084 3150 subtiles
1143 3096 1344 3167 regulae
1404 3095 1460 3151 in
1525 3095 1710 3166 parvis
1770 3106 1828 3154 et
1892 3098 1950 3154 in
1978 3056 2021 3116 C
2055 3111 2181 3153 cum
2207 3096 2341 3167 ipsis
2367 3094 2511 3152 soeda
2533 3095 2843 3168 squalentes
2871 3095 3047 3154 macie
3073 3097 3438 3168 suspiramus,
3462 3100 3636 3157 donec

372 3185 592 3258 magnis
623 3186 1005 3243 instrumentis
1022 3187 1253 3244 musicis
1288 3189 1647 3245 observandae
1691 3189 1747 3245 in
1796 3206 1954 3247 men·
2053 3204 2245 3246 omnes
2278 3204 2635 3246 occurramus
2674 3190 2733 3245 in
2775 3188 2952 3244 virum
2982 3188 3303 3261 perlectum,
3342 3211 3362 3244 ι
3397 3190 3452 3246 in
3482 3209 3636 3249 men-

375 3294 529 3348 sura,
565 3288 620 3336 et
655 3293 906 3347 numero,
928 3288 983 3337 et
1026 3279 1286 3350 pondere,
1313 3281 1456 3338 sicut
1482 3291 1631 3353 patet
1649 3282 1705 3338 in
1729 3282 1953 3355 organis
2053 3297 2238 3340 suram
2261 3282 2438 3338 aetatis
2464 3279 2820 3353 plenitudinis
2848 3280 3054 3338 Christi
3079 3281 3322 3355 (Ephe⁸.,
3363 3299 3439 3352 iv,
3464 3284 3579 3354 ¹5).
3608 3304 3628 3338 ι

374 3371 468 3428 ubi
498 3371 732 3429 discreta
779 3381 865 3429 est
915 3388 1176 3429 mensura
1225 3372 1553 3442 fistularum,
1604 3384 1660 3431 et
1708 3375 1954 3432 variatur
2125 3371 2242 3429 Hoc
2267 3382 2450 3430 autem
2477 3373 2692 3430 duobus
2721 3373 2899 3428 modis
2920 3372 3025 3428 erit
3052 3374 3465 3444 perficiendum,
3488 3376 3636 3432 vidc-

362 3480 660 3533 ⁴numerus,
684 3481 750 3521 ac
769 3466 982 3537 pondus
1005 3480 1194 3521 earum
1217 3466 1515 3523 secundum
1528 3469 1663 3527 artis
1675 3469 1955 3540 exemplar
2053 3466 2179 3526 licet
2206 3466 2550 3537 separatione
2584 3467 2879 3536 malorum,
2911 3477 2966 3524 et
2999 3469 3359 3541 completione
3387 3471 3632 3526 omnium

376 3553 671 3624 invisibile,
697 3556 845 3627 quod
877 3557 1042 3613 estin
1064 3567 1286 3614 mente:
1339 3559 1415 3614 ita
1466 3560 1667 3616 subtile
1694 3559 1791 3617 Dei
1816 3560 1954 3617 Ver·
2053 3558 2326 3619 bonorum
2371 3557 2601 3629 singulis
2638 3558 2903 3615 membris
2933 3561 3152 3631 corpori
3178 3560 3379 3617 Christi
3413 3577 3633 3633 compe-

372 3646 505 3703 bum
536 3648 604 3703 de
632 3648 799 3705 corde
826 3647 1010 3706 Patris
1063 3666 1163 3722 per
1211 3650 1528 3723 Scripturas
1568 3653 1814 3712 veritatis
1854 3669 1954 3711 ex·
2052 3650 2286 3706 tentium
2335 3648 2638 3705 secundum
2682 3665 2999 3708 mensuram
3056 3651 3232 3708 aetatis
3279 3651 3632 3722 plenitudinis

374 3755 628 3812 pressum
653 3741 875 3814 regulas
902 3742 1166 3811 continet,
1221 3744 1526 3800 secundum
1579 3761 1721 3816 quas
1767 3746 1950 3803 omnis
2051 3738 2278 3796 Christi·
2339 3736 2623 3810 Separatio
2686 3740 2958 3797 malorum
3012 3743 3073 3797 lit
3126 3758 3224 3814 per
3275 3742 3627 3799 sacrificium.

376 3841 651 3898 creatura,
689 3834 986 3905 specialius
1014 3843 1199 3892 autem
1243 3845 1357 3893 tota
1388 3836 1653 3907 Ecclesia,
1680 3838 1767 3895 vel
1795 3854 1950 3910 quae-
2052 3829 2387 3903 completio,
2416 3840 2472 3887 θῑ
2506 3832 2908 3888 consummatio
2947 3833 3218 3890 bonorum
3255 3833 3316 3892 fit
3342 3850 3440 3906 per
3472 3834 3631 3893 holo·

375 3921 514 3979 libet
548 3921 724 3980 (idelis
774 3924 958 3980 anima
1012 3926 1094 3982 sic
1134 3927 1440 3985 modificari
1482 3928 1663 3996 debet,
1716 3940 1778 3986 ut
1829 3930 1951 4002 eJus
2051 3934 2324 3982 caustum.
2372 3923 2665 3995 Propterea
2708 3935 2988 3997 gementes
3035 3927 3094 3983 in
3135 3928 3316 3984 medio
3360 3930 3629 3986 malorum

374 4031 656 4085 mensura,
690 4032 953 4074 uumerus
976 4026 1032 4074 et
1060 4020 1275 4090 pondus
1301 4020 1507 4078 eisdem
1550 4021 1757 4093 regulis
1805 4022 1953 4079 veri·
2051 4035 2153 4077 nos
2181 4019 2329 4076 intus
2361 4020 2754 4091 torquentium,
2795 4028 2850 4076 et
2894 4030 3049 4077 extra
3087 4023 3470 4094 prementium,
3499 4025 3627 4098 quia

375 4110 503 4165 tatis
540 4111 838 4168 concordet
863 4112 1201 4171 sensibiliter
1228 4122 1283 4168 et
1327 4113 1639 4182 visibiliter,
1701 4130 1841 4186 quas
1889 4115 1949 4173 in
2051 4110 2109 4166 in
2143 4110 2551 4181 nobismetipsis
2590 4125 2699 4166 non
2740 4110 3006 4169 habemus
3041 4110 3153 4169 Deo
3176 4114 3508 4184 acceptabile
3538 4132 3629 4173 sa·

372 4202 566 4263 eodem
590 4202 770 4260 Verbo
807 4203 1054 4260 dictavit.
1101 4204 1264 4262 Pater
1288 4205 1432 4277 apud
1472 4221 1533 4263 se
1581 4207 1948 4276 invisibiliter,
2049 4202 2339 4271 orificium,
2371 4203 2706 4260 recurrimus
2751 4205 2821 4260 ad
2866 4205 3089 4262 unicum
3134 4221 3200 4262 ac
3241 4206 3520 4279 singulare
3543 4225 3626 4266 sa·

372 4302 433 4352 et
452 4295 701 4351 exhibuit
725 4311 823 4365 per
847 4304 1158 4353 creaturam
1203 4306 1259 4353 et
1285 4298 1624 4370 Scripturam
1666 4300 1953 4359 visibiliter
2049 4295 2336 4362 criticium,
2361 4295 2504 4365 quod
2547 4295 2802 4352 Christus
2826 4296 2882 4352 in
2910 4296 3204 4369 semetipso
3236 4297 3386 4355 Patri
3407 4301 3623 4371 obtulit,

371 4396 428 4445 et
448 4388 715 4444 subtiliter
742 4388 1003 4444 videndas
1028 4396 1086 4444 et
1126 4388 1403 4459 legendas,
1456 4400 1623 4462 atque
1674 4394 1731 4449 in
1794 4395 1948 4452 omni
1979 4403 2025 4458 1)
2049 4387 2269 4459 quando
2290 4387 2407 4458 ipse
2433 4387 2612 4444 honus
2648 4386 2789 4443 inter
2821 4387 2997 4444 malos
3027 4388 3165 4443 vixit
3193 4399 3434 4458 sanctus,
3465 4390 3623 4447 inno-

374 4497 602 4553 operum
627 4482 996 4537 humanorum
1026 4496 1306 4550 mensura,
1334 4493 1391 4541 et
1418 4500 1671 4554 numero,
1701 4502 1767 4544 ac
1813 4503 1948 4558 pon-
2046 4494 2199 4548 cens,
2230 4478 2569 4549 impollutuS,
2613 4489 2928 4552 segregatus
2972 4496 3005 4536 a
3046 4482 3441 4552 peecatoribus,
3486 4499 3623 4554 quo-

374 4575 505 4632 dere
561 4574 847 4642 tenendas,
886 4582 949 4629 ut
1003 4574 1177 4645 ipsius
1214 4574 1379 4633 Verbi
1430 4579 1620 4634 aeterni
1673 4579 1948 4639 subtilitas
2045 4589 2169 4629 rum
2223 4573 2533 4631 nullatenus
2584 4573 3008 4630 communicavit
3072 4572 3459 4646 impietatibus,
3510 4576 3622 4632 imo

372 4667 526 4724 velut
561 4666 795 4737 quadam
823 4666 1193 4738 grossitudine
1243 4682 1474 4739 operum
1514 4670 1816 4726 seeundum
1864 4672 1950 4744 ip-
2047 4667 2378 4737 increpando
2430 4667 2628 4737 impios
2666 4666 2844 4723 sactus
2891 4676 2975 4723 est
3020 4667 3101 4723 eis
3149 4669 3313 4723 etiam
3343 4669 3525 4738 gravis
3551 4669 3620 4725 ad

375 4775 492 4817 sam
516 4759 908 4831 dispositorum
932 4760 1092 4832 quasi
1116 4760 1339 4833 pinguis
1391 4771 1673 4834 appareat,
1707 4764 1948 4820 maxime
2045 4757 2361 4815 videndum.
2387 4758 2534 4815 {nter
2575 4758 2676 4816 hos
2707 4760 2860 4817 illum
2903 4760 3087 4815 vivere
3114 4777 3370 4832 magnum
3401 4761 3505 4818 suit
3532 4778 3622 4818 sa-

373 4868 500 4909 cum
521 4852 645 4925 quis
675 4851 801 4907 inde
839 4850 973 4908 facit
1003 4852 1389 4911 holocaustum
1436 4852 1550 4912 Deo
1598 4855 1948 4913 attribuendo
2046 4848 2312 4905 orificium
2357 4850 2685 4921 sempiterna
2725 4849 2990 4908 memoria
3019 4850 3266 4922 dignum.
3313 4847 3469 4909 Unde
3499 4853 3619 4923 tibi,

372 4954 573 5012 totum,
603 4943 750 5016 quod
779 4943 1219 5001 invenitur⁸bene
1248 4955 1486 5017 gestum,
1526 4957 1742 5005 servata
1782 4947 1945 5005 Verbi
2044 4939 2280 5008 Christe,
2308 4940 2544 4998 dicimus
2570 4959 2583 4995 ²

372 5037 469 5095 Dei
494 5038 679 5109 regula
694 5035 751 5092 in
772 5051 1048 5102 mensura,
1064 5045 1121 5093 et
1143 5052 1396 5105 numero,
1424 5046 1480 5093 et
1500 5037 1762 5109 pondere.
1804 5038 1945 5098 Nam
2116 5030 2282 5089 Vsus.
2311 5032 2365 5088 4.
2408 5031 2610 5110 Mempr
2643 5033 2717 5088 sit
2747 5032 3003 5088 Dominus
3039 5034 3211 5089 omnis
3238 5035 3494 5107 sacrificii
3518 5038 3616 5103 tui,

372 5130 422 5188 si
456 5129 658 5201 aliquid
685 5129 741 5183 in
794 5128 1053 5184 humanis
1105 5127 1415 5184 actionibus
1463 5128 1533 5185 ab
1600 5129 1703 5185 hac
1756 5130 1943 5201 regula
2044 5132 2105 5179 ut
2143 5139 2240 5194 per
2272 5135 2424 5179 tuum
2467 5123 2650 5179 vivere
2697 5124 2838 5181 inter
2884 5125 3061 5181 malos
3099 5124 3307 5197 absque
3347 5126 3616 5185 malorum

370 5223 666 5294 discrepat,
711 5235 935 5277 necesse
962 5227 1050 5276 est
1089 5219 1269 5291 primo
1324 5219 1654 5276 sacrificium
1696 5221 1845 5289 lieri,
1883 5230 1948 5278 ut
2043 5218 2300 5289 contagio
2325 5232 2426 5273 nos
2447 5216 2741 5274 liberemur
2774 5217 2844 5273 ab
2868 5217 3019 5273 omni
3045 5218 3191 5273 malo
3228 5219 3335 5275 :Et
3361 5219 3616 5275 holocau-

368 5316 519 5390 quod
562 5328 847 5385 perperam
888 5321 1101 5385 gestum
1150 5319 1256 5381 est,
1300 5312 1467 5368 homo
1514 5312 1620 5368 sibi
1680 5313 1945 5370 attribuat
2041 5319 2184 5365 stum
2210 5319 2319 5365 tuae
2356 5309 2748 5366 immolationis
2776 5310 2833 5365 in
2860 5326 3020 5367 coena
3062 5319 3175 5379 tua,
3207 5312 3261 5367 in
3292 5322 3481 5369 monte
3506 5312 3616 5368 oii-

339 5413 467 5482 'per
514 5404 843 5461 sacrificium
881 5402 1231 5474 poenitentiae,
1292 5403 1582 5476 solumque
1648 5418 1714 5460 ae
1763 5412 1940 5460 totum
2042 5402 2170 5467 veti,
2208 5401 2264 5456 in
2311 5416 2405 5457 ara
2438 5401 2619 5458 crucis
2665 5401 2854 5473 pinque
2886 5403 2985 5473 fiat
3014 5403 3194 5471 nobis,
3240 5414 3301 5460 ut
3342 5406 3613 5477 pinguedo

338 5496 576 5553 'bonum
605 5494 735 5561 Deo,
782 5495 951 5551 totius
974 5503 1030 5551 et
1051 5494 1225 5551 solius
1252 5494 1383 5553 boni
1438 5497 1648 5553 auctori
1701 5498 1770 5552 ad
1818 5496 1944 5552 ulti·
2041 5496 2238 5562 duleiS,
2274 5504 2329 5550 et
2366 5494 2597 5550 dulcedo
2629 5494 2750 5565 eius
2786 5495 3002 5566 pinguis
3033 5495 3109 5551 ita
3146 5512 3250 5553 nos
3292 5497 3518 5565 reliciat,
3552 5507 3615 5555 ut

343 5582 522 5643 'mum
554 5586 745 5642 offerat
778 5589 833 5643 in
877 5587 1266 5643 holocaustum.
2040 5587 2177 5643 nihil
2207 5585 2364 5642 nobis
2390 5586 2531 5642 desit
2555 5587 2611 5643 in
2641 5586 2747 5643 ulla
2787 5589 2958 5659 gratia
2988 5591 3429 5659 exspectantibus
3455 5607 3608 5647 reve-

441 5673 519 5737 Ne
558 5688 737 5737 autem
788 5694 1115 5739 couveniens
1161 5680 1431 5753 pinguedo
1478 5681 1574 5739 tali
1619 5680 1936 5741 holocausto
2040 5678 2296 5738 lationem
2337 5687 2510 5750 tuam,
2550 5679 2850 5755 simusque,
2895 5680 2972 5737 uti
3015 5687 3071 5737 tu
3107 5679 3165 5738 in
3205 5693 3389 5739 monte
3416 5680 3610 5740 oliveti

1971 5771 2012 5787 Μ
