3817 6000
202 217 254 276 tto
680 217 833 277 cutuottt
853 213 1051 276 nantoani
1072 214 1347 276 ntmntasttnt.
1771 224 1828 285 ‘tto

201 337 265 393 libet
277 349 436 408 pauperem,
455 335 502 409 qui
524 345 623 409 prater
646 345 673 394 te
696 353 751 392 nou
766 337 880 394 liaberet
893 346 987 409 prote·
1001 343 1027 403 Α
1073 334 1108 391 Ει
1118 346 1191 392 certe
1204 337 1245 392 sie
1255 337 1317 393 erit.
1331 335 1471 402 Qnoerernr
1480 351 1615 406 merstem
1625 335 1710 406 illiue
1722 349 1750 396 et
1762 355 1830 411 pee-

200 431 326 504 gentem!
340 428 408 484 Nam
423 429 450 483 in
464 429 656 484 aillictinnilrus
668 427 783 484 diuitum
801 428 988 485 consolatores
1039 438 1101 485 cato
1114 429 1257 501 diligenter
1270 430 1417 501 exquisito,
1436 429 1494 500 ipse
1509 438 1635 500 peccator
1644 448 1697 486 non
1711 434 1831 490 irrratio-

201 521 279 577 rrrrrlti
295 564 303 588 ,
318 523 366 578 scd
389 522 440 578 soli
455 522 503 576 tiii
516 521 656 576 derelictus
673 530 711 576 est
735 537 844 592 pauper,
862 521 909 591 qui
923 536 988 591 pro·
1040 531 1093 587 ter,
1105 521 1241 593 [quoniam
1261 522 1304 577 rel
1321 536 1471 577 convorsus
1490 521 1595 577 desinet
1608 537 1670 579 esse
1684 537 1828 595 peccator,

201 621 296 682 pterte
310 613 503 684 derelinquens
518 614 621 679 omnia,
636 611 776 670 lactnsest
789 630 899 683 pauper,
912 612 988 669 etita
1038 615 1081 670 rel
1104 615 1249 671 damnatus
1272 615 1300 670 in
1326 630 1383 670 suae
1401 614 1586 670 damnationis
1606 615 1749 672 altitudine
1772 632 1829 673 nort

199 720 311 775 prrrtper,
327 715 358 761 ut
377 706 412 762 sit
433 706 573 776 orphanus
596 722 628 761 ac
644 706 774 778 pupillus,
801 707 846 762 cui
868 707 989 763 mundus
1038 706 1184 761 inuenietur
1207 706 1335 777 amplius.
1363 704 1439 760 Licet
1461 706 1534 761 euim
1559 705 1618 776 ipse
1639 707 1832 765 Antichristus·

201 806 278 869 pater
291 807 333 854 cst
354 807 490 865 mortuus,
506 800 570 871 quia
582 809 711 871 paternas
723 816 756 856 ac
772 810 909 857 maternas
926 816 990 857 con·
1038 799 1151 853 omniuo
1163 797 1327 868 perdendus,
1339 812 1390 853 nec
1400 813 1448 868 per
1457 813 1551 853 seram
1561 798 1747 867 penitentiam
1758 815 1827 856 eon·

201 891 348 946 solutiones
363 891 390 946 in
406 892 508 947 mundo
525 908 578 947 unu
599 892 711 960 invenit,
736 907 818 964 quem
832 902 942 963 propter
963 902 989 948 tc
1038 890 1184 947 vertendus
1203 891 1353 945 credatur:
1378 900 1469 945 tamen
1485 889 1519 946 de
1534 891 1622 960 ipsius
1644 893 1828 963 comptictous

200 983 320 1038 mundus
337 983 400 1038 odio
415 984 505 1039 habet.
519 981 587 1040 lluie
601 984 646 1040 tali
659 986 784 1056 pauperi,
800 987 846 1043 tali
858 988 987 1058 orphano,
1039 999 1137 1056 magna
1150 1000 1215 1056 pars
1228 992 1412 1052 convertetur,
1426 990 1454 1039 et
1464 984 1492 1037 in
1505 985 1564 1038 suis
1580 985 1699 1055 pcccatis
1715 1001 1767 1039 non
1784 986 1830 1040 irr-

200 1076 248 1133 tali
262 1077 363 1148 pupillo
377 1086 405 1131 tn
420 1078 471 1133 err'r
490 1077 608 1148 adjutor.
1038 1076 1165 1132 venietur.

236 1168 319 1240 lpitur
335 1169 390 1224 noli
406 1170 476 1224 ultra
492 1170 603 1226 modurn
620 1170 723 1241 judicia
743 1181 789 1229 tua
808 1172 928 1239 dilierre,
942 1175 988 1230 cui
1075 1169 1170 1224 dliter.
1186 1166 1321 1235 0101111111
1342 1168 1408 1223 1111111
1426 1168 1551 1239 witerbi!
1574 1168 1685 1239 1111111118,
1701 1167 1830 1226 moendi-

201 1262 305 1329 subest,
327 1278 389 1317 cum
409 1262 540 1328 nolueris,
555 1276 645 1332 posse.
661 1263 712 1320 Cui
738 1263 887 1321 lamulatur
912 1267 989 1324 orbis
1039 1270 1084 1317 tur
1103 1275 1215 1332 pauper,
1235 1270 1262 1315 et
1279 1275 1328 1330 per
1346 1259 1399 1316 troc
1412 1258 1583 1330 purificatur,
1602 1269 1740 1330 queretur
1759 1274 1830 1332 pee-

201 1369 335 1411 terrarum
353 1371 477 1427 pugnans
496 1372 545 1427 pro
566 1366 592 1414 te
611 1366 707 1413 contra
728 1358 892 1416 insensatos.
915 1357 987 1428 Noli,
1038 1364 1130 1412 catum
1147 1353 1232 1419 illins,
1247 1351 1331 1408 ausit
1343 1352 1433 1409 adhuc
1448 1352 1635 1408 necessarium
1650 1353 1685 1408 ad
1704 1368 1830 1423 purgan-

201 1447 258 1503 noli
275 1457 336 1502 tuos
346 1463 478 1517 pauperes
505 1449 608 1505 auxilio
621 1457 650 1505 et
659 1448 757 1506 solatio
772 1458 819 1506 tuo
829 1451 987 1518 destituere,
1037 1448 1089 1504 dos
1096 1447 1194 1502 nonos.
1207 1443 1313 1512 Quibus
1321 1445 1449 1502 omnibus
1463 1453 1529 1500 tuno
1540 1444 1673 1515 purgatis,
1684 1461 1736 1499 non
1750 1446 1828 1499 inae·

200 1554 236 1593 ne
260 1537 331 1594 lorte
351 1545 519 1609 paupertate,
545 1556 578 1596 ac
597 1539 766 1597 desolatione
781 1554 907 1614 cogente,
924 1558 988 1598 cum
1039 1541 1125 1595 nietar
1145 1539 1235 1610 ipsum
1258 1549 1392 1609 peccatam
1416 1538 1599 1595 necessarium
1617 1538 1651 1594 ed
1669 1537 1828 1609 purgandos

200 1631 293 1687 rident
304 1630 536 1688 abominationem
548 1632 727 1690 desolationis
742 1643 839 1691 contra
860 1650 890 1692 se
912 1641 988 1691 stan
1039 1632 1143 1699 nonum
1169 1631 1240 1687 sicut
1259 1630 1370 1701 quando
1391 1631 1493 1686 lenum
1515 1640 1556 1686 est
1572 1631 1693 1702 planum,
1713 1646 1766 1685 narn
1781 1638 1828 1686 est

199 1730 266 1790 tetn,
282 1722 309 1778 id
331 1732 373 1778 est
393 1735 612 1794 perseuerantem
636 1726 663 1780 in
685 1725 747 1782 loeo
764 1735 870 1794 sancto,
885 1728 988 1797 prinei·
1002 1691 1024 1749 B
1038 1722 1193 1780 neccssaria
1210 1722 1286 1778 lima.
1303 1721 1361 1779 lloc
1380 1736 1446 1793 erpo
1460 1723 1550 1778 solum
1564 1731 1659 1790 restat,
1675 1722 1749 1778 utde
1763 1736 1827 1777 me·

198 1823 281 1886 pante
293 1814 418 1872 uidelicet
431 1830 487 1871 non
503 1817 687 1885 consolatore,
702 1816 750 1875 sed
763 1816 947 1876 Ecclesiarum
960 1829 989 1877 et
1038 1816 1085 1874 dio
1105 1817 1162 1882 llat,
1177 1830 1228 1872 nec
1242 1816 1270 1870 in
1291 1815 1382 1870 medio
1396 1814 1525 1871 Ecclesiae
1546 1814 1711 1881 inveniatur,
1727 1815 1776 1871 sed
1794 1814 1826 1869 in

197 1922 350 1979 pauperum
362 1907 515 1965 desolatore
523 1909 551 1964 in
562 1908 735 1976 locosancto,
748 1925 794 1981 ne,
808 1911 987 1983 inquam,tali
1037 1922 1175 1965 carcerem
1200 1909 1357 1980 promeritae
1369 1906 1554 1964 damnationis
1571 1915 1696 1963 retrosus
1717 1906 1754 1961 ita
1775 1905 1826 1972 ait,

198 1997 367 2056 desolatione
384 2010 499 2072 cogente
513 2017 646 2073 pauperes
659 2002 699 2058 tui
713 2000 886 2076 lrangantur,
901 2016 928 2063 et
939 2007 989 2062 ini·
1037 2002 1116 2074 quasi
1138 2017 1194 2059 nou
1219 2003 1257 2058 sit
1281 2020 1289 2057 r
1310 2002 1386 2073 justo
1406 2001 1537 2056 nimirum
1556 1999 1670 2070 judicio,
1688 1999 1751 2070 quia
1765 1998 1828 2070 ipse

197 2092 278 2148 micis
290 2092 346 2148 tuis
360 2099 387 2148 et
401 2093 459 2149 suis
476 2094 590 2149 nimium
611 2096 765 2167 supplicare
777 2106 919 2169 cogantur.
937 2098 988 2155 l'e-
1036 2100 1176 2157 Christum
1193 2100 1280 2156 voluit
1291 2114 1354 2155 esse
1367 2098 1447 2170 quasi
1461 2112 1516 2153 non
1531 2105 1615 2164 esset,
1635 2097 1675 2153 sic
1688 2096 1783 2152 rolens
1794 2096 1826 2153 in

198 2184 269 2239 atina
288 2183 317 2239 in
331 2184 498 2255 adjutorium
514 2201 623 2254 corum,
635 2197 662 2244 et
695 2187 698 2198 '
1037 2191 1160 2249 Ecclesia
1174 2206 1298 2264 regnare,
1313 2190 1392 2263 quasi
1406 2190 1546 2247 desnucm
1560 2203 1645 2262 regno
1661 2188 1764 2245 Christi
1779 2203 1826 2243 re-

234 2271 317 2331 iens.
334 2275 378 2332 15.
400 2274 512 2333 Contere
525 2277 672 2348 irretiunt,
688 2280 768 2339 idest
781 2279 980 2352 mutitudinem,
1036 2298 1119 2355 gnum
1137 2283 1223 2353 ipsius
1235 2281 1346 2338 deberet
1359 2284 1385 2338 in
1398 2291 1530 2337 aeternum
1546 2295 1729 2352 perseverare.
1743 2275 1825 2348 Quod

197 2366 343 2434 peccatoris
359 2377 385 2422 et
399 2367 520 2439 matiani.
540 2368 693 2427 Peccatorir
712 2371 784 2441 dico,
804 2386 915 2446 propter
931 2376 986 2431 ini·
1036 2373 1116 2445 longe
1130 2373 1208 2429 aliter
1223 2372 1339 2430 eveniet.
1355 2370 1422 2427 llam
1442 2372 1500 2443 ipse
1513 2371 1698 2428 Antichristus
1718 2380 1762 2427 est
1772 2371 1825 2427 be-

198 2473 282 2528 quam
296 2459 464 2517 uiolentiam.
482 2461 596 2535 llnlipni
619 2473 730 2536 propter
743 2467 846 2525 dolum.
862 2467 911 2526 Vel
927 2486 986 2541 pec·
1036 2469 1099 2534 stia,
1112 2483 1174 2540 quae
1188 2465 1250 2534 luit,
1272 2474 1300 2522 et
1313 2482 1367 2523 non
1380 2474 1432 2522 est.
1447 2463 1575 2522 Christus
1595 2473 1686 2521 autem
1700 2474 1742 2520 est
1763 2463 1824 2519 lieu

197 2552 296 2608 catoris
319 2553 346 2609 in
372 2569 425 2623 se,
442 2554 553 2628 malipni
578 2557 605 2613 in
630 2559 708 2616 alios.
732 2557 781 2617 Vel
798 2566 943 2633 peccatoria
958 2566 986 2622 in
1036 2561 1161 2617 omniurn
1188 2559 1361 2626 saeeutmum,
1386 2558 1465 2629 cuins
1490 2573 1604 2627 regnum
1624 2569 1651 2612 et
1676 2556 1822 2626 imperium

197 2655 259 2701 actu
288 2646 437 2716 peccandi,
465 2647 577 2721 metipsi
599 2650 627 2705 in
655 2651 753 2708 aliectu
781 2656 984 2725 perseverandi.
1036 2655 1095 2710 sine
1110 2653 1188 2709 initio
1210 2662 1280 2720 erat,
1306 2660 1334 2708 et
1355 2652 1415 2708 sine
1436 2652 1491 2706 tine
1509 2658 1660 2720 permanet.
1682 2646 1760 2703 Unde
1778 2663 1825 2703 se·

196 2734 261 2793 Fuit
271 2734 370 2794 Petrus
381 2739 522 2809 apostolus
532 2740 566 2796 ad
582 2741 678 2798 lroratn
692 2753 830 2815 peccator,
844 2754 871 2802 et
883 2744 985 2804 curisti
1036 2749 1129 2819 quitur
1146 2765 1153 2802 ι

197 2837 319 2901 negator,
333 2831 380 2886 sed
395 2846 450 2886 non
465 2831 517 2888 luit
533 2844 661 2903 peccator
675 2836 822 2909 rinstiguns.
834 2836 911 2896 Unde
929 2856 985 2896 non
1072 2837 1154 2894 Vsus.
1167 2837 1211 2894 16.
1232 2836 1364 2892 [lominus
1375 2836 1495 2908 repandit
1507 2836 1535 2890 in
1547 2846 1685 2901 eternam,
1695 2842 1721 2889 et
1732 2835 1759 2888 in
1771 2848 1824 2888 tce·

195 2928 239 2976 est
253 2920 390 2975 brachium
406 2921 467 2992 ejus
482 2923 642 2993 contritum,
656 2927 704 2983 sed
721 2943 769 3001 per
790 2944 883 2986 reram
896 2932 985 3003 poeni-
1035 2932 1123 2988 cetam
1137 2930 1239 2988 secali.
1253 2929 1380 3003 neaman
1405 2931 1434 2983 in
1455 2939 1593 2995 eternam,
1618 2928 1682 3000 quia
1706 2942 1822 2999 regnum

197 3013 309 3068 tentiam
345 3013 383 3069 ita
431 3014 644 3082 eonllrmatum,
681 3029 712 3075 ut
746 3020 833 3078 eidem
869 3024 1019 3108 braclrioc
1036 3027 1096 3097 ejus
1110 3024 1245 3096 principio
1265 3034 1293 3080 et
1310 3026 1363 3080 line
1376 3032 1461 3079 caret.
1483 3022 1613 3094 Sedquia
1633 3037 1746 3093 regnum
1760 3020 1823 3091 ejus

195 3102 370 3174 portarinieri
388 3119 442 3160 non
460 3106 623 3178 prevaleant
636 3108 745 3179 (Matris.
758 3124 814 3179 avr,
827 3112 882 3184 18).
898 3112 984 3170 ludas
1035 3115 1157 3171 nondum
1186 3116 1259 3171 clare
1280 3123 1402 3187 apparet,
1426 3115 1547 3171 nondum
1574 3113 1671 3184 positis
1693 3112 1822 3170 omnious

195 3208 262 3250 vero
283 3204 419 3251 mercator
440 3197 587 3266 pessimus,
611 3208 738 3270 peccator
759 3199 813 3259 luit
835 3205 981 3277 malignus.
1034 3208 1152 3265 inimicis
1166 3209 1226 3279 cios
1238 3209 1265 3263 in
1279 3209 1346 3274 imo,
1362 3218 1392 3264 ut
1410 3206 1625 3264 sintseabellum
1638 3205 1737 3277 pedum
1748 3203 1822 3275 eius,

195 3283 274 3343 Unde
294 3287 357 3358 jure
368 3287 502 3346 contritus
524 3298 550 3345 et
569 3289 724 3349 confractus
744 3293 850 3364 crepuit
864 3298 982 3365 medius,
1033 3300 1158 3372 regnabit
1177 3299 1322 3357 manileste
1333 3301 1361 3355 in
1376 3301 1513 3368 tmolum,
1531 3299 1605 3370 quod
1615 3298 1820 3356 subsecutirrrm

197 3388 225 3435 et
247 3379 346 3437 diliusa
369 3391 463 3437 sunt»
494 3380 522 3436 in
544 3390 616 3437 terra
639 3403 649 3435 ι
673 3384 766 3439 omnia
792 3385 899 3442 uiscera
917 3388 979 3459 ejus
1032 3394 1180 3451 estsoecnli
1192 3395 1343 3466 praesentis,
1362 3394 1390 3449 in
1404 3409 1459 3465 nuo
1480 3393 1581 3450 saeculo
1595 3392 1686 3450 sarculi
1698 3391 1821 3462 subiace·

195 3471 266 3542 (let.
293 3487 319 3538 ¹2
340 3471 395 3542 ¹8l·
420 3490 431 3525 1
460 3471 510 3539 lta,
532 3474 652 3531 oileus!
667 3490 750 3547 parce
768 3476 878 3548 quidem
888 3494 983 3552 peeca-
1032 3486 1151 3543 bontilli
1163 3500 1259 3543 omnes
1272 3486 1360 3558 ipsios
1374 3486 1477 3542 inimici
1489 3485 1637 3543 scabellum
1649 3484 1748 3557 pedum
1757 3482 1821 3555 eius

195 3565 247 3621 tori
259 3580 311 3621 non
328 3567 447 3639 maligno
464 3569 532 3627 :sod
554 3581 658 3627 contem
681 3571 817 3629 tracilium
836 3579 981 3646 peccatoris
1031 3580 1130 3637 eliecti.

195 3657 316 3730 malipni.
1066 3672 1119 3731 Sed
1129 3688 1179 3731 ros
1193 3683 1290 3746 pentes,
1307 3673 1466 3730 antichristi
1483 3671 1641 3743 complices,
1652 3672 1772 3743 peribitis
1785 3670 1820 3726 de

230 3750 398 3820 Eeceorari,
420 3763 448 3810 et
468 3769 524 3811 non
539 3755 678 3814 incussum
696 3774 792 3832 preces
814 3760 888 3818 ludii
910 3760 980 3821 Nam
1032 3776 1103 3823 terre
1128 3769 1214 3836 iltius,
1246 3782 1308 3839 que
1334 3777 1377 3823 est
1402 3775 1475 3823 terra
1502 3767 1662 3833 virentium,
1685 3766 1818 3838 qnoniam

195 3841 251 3899 neo
265 3845 383 3914 volente,
408 3862 441 3904 ac
464 3862 558 3921 preces
583 3864 733 3923 pauperum
760 3868 874 3911 suorum
896 3870 981 3912 exau·
1030 3877 1163 3933 pauperes
1185 3869 1213 3918 et
1239 3861 1319 3918 mites
1347 3860 1485 3916 habebatur
1509 3875 1569 3916 eam
1595 3857 1703 3930 (ilenti.
1724 3872 1751 3924 r,
1773 3857 1817 3927 t),

193 3936 295 4004 diente,
312 3937 459 4008 judicium,
478 3941 551 4013 quod
574 3951 648 4012 opto,
675 3958 730 3999 non
752 3944 899 4001 differetur.
926 3945 980 4004 Sed
1030 3954 1094 4026 quia

193 4037 327 4097 quererer
344 4039 480 4100 peccatam
503 4030 578 4086 illius
598 4032 745 4104 judiciaria
767 4036 978 4095 examinatione.
1065 4042 1148 4101 ires.
1169 4042 1213 4098 17.
1233 4043 1401 4098 Desiderium
1430 4044 1552 4114 ipsorum
1577 4058 1733 4115 ριιιριιιιιιι,
1758 4055 1818 4112 quo

194 4115 335 4183 0111111111
351 4121 477 4191 (1110111111
493 4122 584 4192 quale,
603 4132 630 4177 11
644 4123 978 4196 (11111111111111111110111111111
1029 4135 1174 4207 cupiebant
1187 4136 1260 4191 diem
1273 4135 1392 4197 Domini.
1411 4136 1546 4191 exaudivit
1562 4135 1700 4202 dominer,
1711 4150 1817 4206 prepe-

194 4212 276 4278 illius,
293 4223 321 4269 nt
342 4214 375 4270 tle
393 4215 440 4270 illo
455 4214 653 4286 indicerentur
670 4216 707 4271 ita
730 4217 829 4289 impius
839 4218 979 4291 judicatus
1029 4228 1158 4282 rationem
1169 4228 1257 4282 cordia
1275 4244 1364 4283 eornm
1376 4229 1475 4283 aedicit
1498 4228 1572 4282 ιιιιιίι
1585 4238 1642 4293 ten,
1658 4227 1685 4282 id
1707 4239 1748 4283 cst
1765 4241 1816 4282 oor

192 4317 243 4358 non
261 4306 415 4361 invenietur.
428 4306 474 4362 Sic
487 4304 589 4361 lactum
604 4306 733 4372 estotim,
749 4309 859 4378 quando
871 4308 979 4369 Pharao
1028 4329 1152 4390 paratum
1166 4321 1268 4376 serrire
1281 4320 1329 4376 tibi
1342 4321 1446 4377 audivit
1464 4320 1540 4377 auris
1553 4329 1609 4387 tna,
1625 4319 1651 4376 id
1667 4328 1709 4375 est
1721 4330 1816 4390 poten.

191 4394 340 4465 iudicatus,
354 4411 405 4451 nec
427 4397 462 4453 ad
476 4397 644 4468 sepulturam
662 4399 789 4456 inventus
801 4411 853 4457 est.
866 4400 912 4458 Sic
922 4403 976 4458 im·
991 4400 1065 4467 Data
1077 4421 1134 4468 tua,
1150 4410 1208 4468 troc
1221 4421 1264 4469 est
1282 4422 1372 4468 aurem
1384 4413 1544 4468 desiderium
1557 4428 1712 4484 pauperum,
1733 4420 1764 4466 ur
1775 4410 1813 4466 art

191 4487 236 4557 pia
258 4484 368 4543 lezabel
387 4489 420 4545 de
447 4490 503 4546 alto
525 4491 704 4562 precipitata,
718 4508 780 4548 cum
803 4494 977 4566 praecipiente
1026 4506 1167 4562 victoriam
1185 4507 1325 4578 perteniat
1340 4505 1473 4578 judicium
1487 4515 1575 4574 tuum,
1586 4504 1660 4562 Deus
1668 4505 1752 4577 judex
1763 4503 1812 4574 ia·

191 4578 259 4634 tenu
280 4578 378 4637 sitisset
399 4582 523 4654 quaesita,
540 4598 595 4639 non
617 4592 660 4640 est
686 4584 795 4641 inrcuta
819 4603 826 4641 :
852 4598 976 4643 summas
1026 4599 1167 4671 &cujus
1178 4599 1292 4671 jusptrpae
1309 4600 1549 4656 acmpseftfflfprae
1562 4597 1692 4669 comperit

192 4684 334 4737 manuum,
350 4680 378 4726 et
398 4671 545 4728 calvariam
570 4674 685 4731 canibus
699 4689 759 4730 eam
781 4674 975 4733 der-orantibus
1064 4686 1143 4745 vm,
1158 4689 1202 4745 rs,
1214 4688 1347 4755 prunam„
1364 4690 1465 4763 puppup
1479 4701 1504 4746 et
1525 4690 1670 4755 immunes
1687 4705 1738 4744 μοι
1761 4703 1812 4759 «ρ.

191 4761 331 4818 residuum
355 4764 526 4833 invenerunt,
547 4767 594 4823 sed
613 4767 700 4838 ipsam
723 4784 778 4825 non
800 4768 973 4827 invenerunt.
1024 4790 1103 4849 ροηιιι
1118 4779 1190 4835 oltra
1204 4781 1374 4852 mnpnipcnre
1387 4798 1414 4836 re
1428 4781 1504 4835 nomo
1515 4797 1593 4851 reaper
1606 4791 1715 4835 terrem.
1730 4777 1813 4833 Prin·

192 4853 239 4911 Sic
261 4857 288 4911 in
304 4866 399 4915 senato
417 4857 552 4926 Romano,
569 4860 633 4917 licet
648 4863 806 4934 gentilitatis
818 4879 912 4922 errore
926 4866 975 4922 ad·
1024 4873 1120 4943 cipalis
1140 4873 1259 4946 pupillus
1274 4873 1326 4930 luit
1347 4874 1376 4929 in
1395 4874 1449 4931 troc
1463 4875 1566 4931 mundo
1588 4872 1669 4930 Jesus
1682 4872 1811 4929 Christus

191 4944 245 5003 luc
263 4947 404 5020 implicito,
423 4951 567 5022 quaesitum
584 4961 627 5009 est
646 4965 787 5024 peccatum
806 4953 931 5024 Neronis,
947 4966 975 5014 et
1024 4962 1109 5023 Filius
1121 4975 1195 5036 tuus,
1208 4967 1311 5024 habens
1323 4968 1350 5022 in
1362 4976 1433 5023 terra
1447 4975 1562 5023 matrem
1575 4967 1634 5024 sine
1647 4964 1737 5033 Patre,
1751 4966 1810 5021 sic·

191 5040 250 5111 ipse
264 5055 319 5098 non
332 5042 467 5110 inuentus,
485 5044 560 5116 quia,
576 5045 713 5117 utlertur,
728 5065 832 5107 cnmse
851 5052 974 5109 audisset
1023 5068 1054 5115 nt
1074 5060 1101 5115 in
1121 5062 1191 5117 cmlo
1206 5068 1231 5117 te
1244 5060 1352 5118 Patrem
1371 5062 1466 5118 hahuit
1483 5061 1542 5117 sine
1557 5070 1653 5119 matre.
1668 5059 1738 5118 linic
1759 5058 1808 5115 tali

191 5146 207 5186 ι
222 5144 317 5189 senatu
331 5134 483 5205 judicatum
498 5146 525 5193 et
539 5138 709 5207 damnatum,
722 5142 770 5212 qui
791 5142 868 5213 prins
890 5144 972 5201 time·
1022 5152 1123 5222 papilla
1138 5152 1165 5207 in
1178 5165 1325 5224 conspecto
1349 5152 1445 5210 llatris
1459 5152 1605 5226 flagellato,
1624 5152 1805 5225 colaphizato,

189 5224 272 5282 datur
282 5226 317 5282 ab
331 5227 468 5297 omnibus,
489 5230 547 5300 ipse
562 5231 661 5288 timens
679 5246 774 5290 omnes
793 5233 827 5291 ad
842 5236 971 5293 silvarum
1022 5259 1056 5300 ac
1067 5252 1156 5300 morte
1175 5245 1335 5316 turpissima
1348 5245 1539 5314 condemnato,
1556 5245 1691 5317 judicium
1706 5242 1809 5315 quaeri·

189 5316 308 5375 latebras
332 5317 409 5389 lupit,
430 5330 458 5376 et
479 5321 549 5377 ultra
567 5338 621 5378 non
637 5325 799 5395 comparuit,
812 5327 876 5398 quia
891 5330 973 5400 periit
1022 5343 1076 5400 tur,
1091 5344 1122 5392 ut
1133 5335 1257 5392 uidelicet
1267 5336 1343 5406 iusto
1356 5337 1462 5408 iudicio
1474 5354 1490 5393 a
1502 5346 1529 5394 te
1541 5337 1621 5394 Patre
1629 5337 1712 5409 judex
1725 5337 1805 5393 rivo·

190 5424 248 5465 sive
259 5427 275 5464 a
287 5409 358 5480 lupis
367 5412 524 5477 dovoratus,
536 5413 604 5482 siue,
616 5423 646 5470 ut
659 5415 770 5486 quidam
783 5427 888 5489 putant,
900 5420 972 5480 lame
1021 5442 1082 5482 rum
1095 5435 1122 5483 et
1136 5437 1306 5483 mortuorum
1322 5429 1487 5485 constitutus
1501 5438 1631 5501 appareat
1643 5430 1717 5502 juste
1729 5428 1807 5500 judi-

190 5499 379 5572 interemptus.
396 5502 527 5559 Similiter
539 5505 639 5575 itaque,
655 5520 673 5561 o
687 5504 772 5563 Deus!
788 5507 898 5566 tunore
909 5513 971 5568 irn-
1020 5534 1097 5586 caus,
1109 5520 1155 5591 qui
1164 5519 1351 5591 estjudicatus
1362 5521 1470 5593 injuste.
1484 5520 1804 5594 sternentemque·

190 5590 277 5643 ιιιιιιιι
288 5591 446 5652 Αιιιιιιιιιιιι
459 5606 611 5661 :queratur
627 5608 763 5661 neccarum
774 5599 859 5663 illins,
876 5614 901 5659 ct
917 5622 969 5659 non
1002 5583 1138 5665 ⁸mundus
1152 5623 1205 5665 non
1220 5612 1358 5681 cognorit,
1370 5610 1440 5668 Filio
1451 5619 1509 5679 tuo,
1526 5614 1554 5668 in
1569 5612 1734 5670 lnocmundo
1748 5627 1803 5683 pu·

190 5673 352 5736 inveniatur.
1020 5699 1095 5767 pilio,
1108 5700 1242 5767 iudicium
1260 5691 1441 5775 postulamus,
1458 5714 1489 5761 ut
1507 5715 1594 5763 mater
1609 5705 1679 5776 ejos,
1693 5703 1804 5760 eadem·
