3817 6000
119 234 174 291 915
441 232 723 289 conuertuntur
742 232 775 288 lu
794 233 964 291 ostiarus.
986 266 1022 280 -
1035 235 1126 294 PARS
1143 233 1164 293 l.
1184 266 1220 277 -
1237 235 1336 293 PSAL.
1356 236 1429 295 xlx.
1690 239 1748 297 tto

117 360 240 421 prorepat
254 359 289 411 ιε.
304 350 330 405 id
348 357 390 406 εει
404 353 517 418 tuos,de
530 353 623 424 geratili
638 354 738 425 populo
749 355 782 409 ad
797 355 909 411 benedi·
923 357 946 414 A
959 370 976 409 u
989 353 1111 412 Christe!
1123 351 1244 419 olacob‚
1266 361 1359 408 sancte
1373 364 1468 424 pastor
1485 352 1591 411 orium!
1606 355 1654 427 qui
1667 356 1747 414 raldo

117 440 240 496 ctionem
254 455 303 510 per
320 442 508 511 apostolorum
522 452 672 498 maternam
685 445 812 515 pietatem
829 445 909 517 quasi
959 462 1036 503 amas
1048 444 1124 501 Liant
1143 444 1214 501 illios
1237 446 1324 501 bonos
1337 444 1501 517 gignentem,
1517 445 1564 502 sed
1588 446 1650 517 plus
1668 463 1746 508 amas

117 526 271 587 Rebeccam
283 544 406 588 vocatos.
960 536 1104 593 llacbelcru
1119 538 1192 594 clarc
1206 536 1353 605 ridentem,
1367 546 1394 593 ιε
1413 552 1468 592 uua
1493 552 1556 621 cunr
1577 539 1652 594 omnl
1670 541 1748 612 prole

153 624 281 696 Protegat
297 635 330 692 te,
345 641 380 680 ne
399 626 442 681 rel
463 637 608 686 extraneus
622 629 708 686 bostis
720 631 799 702 quasi
815 630 907 687 Laban
959 639 1017 694 tua,
1027 643 1089 684 curn
1104 628 1232 701 gregibus
1241 628 1306 693 tuis,
1320 641 1401 699 atquc
1415 627 1490 683 omni
1503 611 1662 700 supellectili
1673 631 1707 687 ad
1720 641 1747 689 ιε

115 730 286 787 ρειεεειιειιε
297 715 436 773 interimat
454 727 481 774 te
503 718 530 775 in
553 721 607 777 tuis
627 722 759 789 minimis,
771 722 814 778 rel
836 721 909 793 quod
958 720 1109 792 pertinente
1118 729 1236 792 protegor
1247 736 1341 776 nomen
1352 719 1401 777 Dei
1414 717 1517 775 lacot!

115 810 207 880 magis
222 807 425 866 formidandum
443 818 500 879 cst,
512 827 546 867 ne
570 813 604 880 is,
618 813 665 884 qui
681 812 764 869 frater
776 822 803 869 et
818 813 909 870 inimi·
995 812 1077 869 Vens.
1096 812 1122 868 5.
1138 811 1229 866 flittat
1253 812 1300 867 ridi
1315 812 1447 867 cnsilium
1463 810 1496 866 da
1529 822 1637 878 anneto,
1665 821 1691 868 et
1714 811 1748 867 de

116 918 168 958 cus
187 915 218 958 ut
233 903 316 970 Esau,
328 912 355 961 ιε
377 903 523 961 interliciat
547 906 575 961 in
598 907 652 963 tuis
676 906 808 975 minimis,
824 905 909 963 iacob
959 903 1025 960 Sion
1036 914 1142 960 tueatur
1155 913 1189 959 te.
1216 903 1285 967 fiii,
1303 903 1356 960 hoc
1373 914 1415 960 εει
1431 902 1559 959 omnibus
1573 903 1639 968 tuis,
1655 905 1745 959 mittet

115 996 218 1051 nrinori
229 996 286 1052 filio
305 996 476 1065 assimilatis,
492 1006 574 1070 atque
588 999 674 1070 ipsius
688 997 773 1055 Jacob
785 1000 908 1071 exemplo
959 993 1089 1050 auxilinm
1106 994 1138 1050 de
1151 1004 1243 1050 sarecto
1259 1036 1267 1062 ,
1283 993 1311 1049 id
1334 1001 1376 1050 est
1390 993 1424 1048 de
1440 1001 1467 1048 te
1484 993 1554 1064 ipso.
1570 990 1620 1048 Vel
1632 992 1681 1048 tibi
1692 994 1744 1048 bo-

116 1088 290 1159 simplieibus
303 1098 331 1146 et
354 1089 515 1161 simpliciter
534 1092 562 1146 in
580 1090 755 1147 tabernaculo
780 1090 908 1148 Ecclesiae
959 1090 1026 1146 mini
1041 1090 1067 1145 in
1083 1089 1127 1146 dic
1143 1090 1330 1146 tribulationis
1341 1090 1442 1158 oranti,
1466 1098 1554 1160 etpro
1579 1089 1635 1146 tuis
1650 1090 1744 1161 agoni-

114 1196 181 1238 cum
193 1190 291 1249 matre,
304 1182 332 1237 id
341 1192 384 1239 est
393 1198 456 1239 cum
471 1183 620 1254 apostolica
639 1183 761 1240 Ecclesia
776 1185 909 1240 moranti·
959 1184 1031 1241 zanti
1053 1184 1232 1241 mittatPatcr
1245 1193 1363 1241 aeternus
1385 1183 1516 1239 auxilium
1541 1175 1578 1237 'de
1597 1191 1699 1249 sancto,
1716 1182 1746 1238 id

115 1271 180 1340 bus,
193 1271 277 1330 fratre
296 1273 406 1330 seniore
420 1284 553 1345 occupato
569 1275 596 1330 in
609 1275 809 1333 venationibus.
823 1275 852 1331 lu
864 1275 908 1333 bis
958 1286 1001 1336 est
1015 1277 1048 1333 de
1063 1275 1162 1343 Verbo,
1178 1276 1228 1332 tibi
1238 1275 1343 1331 homini
1358 1274 1445 1331 unito.
1458 1273 1507 1332 Vel
1530 1275 1562 1331 de
1586 1283 1677 1330 taneto
1703 1283 1746 1331 to·

114 1380 182 1438 ergo
207 1366 379 1436 simplicibus
401 1367 591 1424 consimilibus
616 1366 701 1424 iacob
723 1379 765 1436 te,
788 1368 906 1436 Christe,
958 1370 1014 1427 tius
1026 1369 1168 1425 Trinitatis
1183 1370 1291 1426 interno
1304 1379 1419 1428 secreto.

114 1466 235 1530 protegat
258 1474 353 1514 nomen
372 1458 423 1514 rtet
437 1458 530 1528 lacot,
544 1476 578 1516 ne
602 1460 671 1516 forte
695 1461 807 1518 veniens
835 1460 906 1518 Esau
993 1462 1080 1518 Aliter
1093 1479 1100 1516 :
1115 1460 1185 1528 fili,
1211 1461 1265 1518 hoc
1289 1471 1332 1519 ost
1346 1461 1460 1517 cuilibet
1478 1461 1578 1532 pusillo
1605 1471 1655 1515 tuo
1674 1474 1745 1515 non-

115 1551 207 1607 11121118
221 1549 315 1616 frater,
329 1550 417 1609 falsus
440 1552 615 1621 christianus,
633 1552 768 1625 percutiat
791 1563 905 1611 matrem
958 1559 1023 1616 dura
1036 1566 1141 1625 sancto,
1156 1557 1245 1613 mittat
1258 1554 1339 1612 Pater
1351 1564 1415 1611 tuus
1434 1555 1565 1611 auxilinm
1585 1553 1617 1609 de
1640 1563 1742 1608 anneto.

114 1644 905 1716 cumillis,percutiatLiam,siueliacbelem,destruendo
958 1660 985 1708 et
998 1648 1118 1721 perfecto
1131 1649 1224 1722 aliquo
1239 1647 1310 1703 lueri
1331 1656 1389 1714 tuo,
1415 1654 1446 1702 ut
1468 1660 1610 1716 nunqnam
1636 1644 1745 1701 deficiat

114 1738 242 1795 ¹uidelicet
260 1740 340 1795 bonne
361 1739 478 1796 actionis
494 1749 522 1797 ct
546 1750 648 1796 sancta
668 1739 905 1810 contemplationis
957 1743 985 1802 in
997 1742 1118 1800 Ecclesia
1135 1742 1178 1796 vir
1189 1751 1310 1807 sanctus,
1326 1756 1374 1812 per
1388 1755 1469 1813 quern
1495 1738 1586 1808 capiat
1610 1738 1742 1795 auxilinm

114 1831 244 1888 uirtutem
259 1845 323 1886 curn
339 1829 414 1898 liliis,
427 1830 455 1888 ld
472 1840 513 1887 εει
534 1847 597 1886 ειιιιι
611 1847 705 1888 earum
725 1832 869 1888 fructibus.
956 1852 1011 1892 nou
1023 1842 1146 1893 sanctus.
1161 1832 1207 1887 Vel
1224 1832 1284 1897 tibi,
1299 1832 1351 1888 lroc
1361 1839 1404 1888 est
1426 1831 1535 1900 corpori
1559 1838 1606 1886 tuo
1621 1830 1648 1885 in
1670 1837 1742 1885 terra

151 1921 270 1980 Veniens
291 1924 391 1996 quippe
418 1922 502 1981 iacob
525 1924 559 1981 dc
592 1922 670 1997 Syria
695 1941 757 1982 curn
775 1926 906 1984 uxoribus
955 1927 1141 2001 peregrinanti
1152 1926 1240 1981 mittat
1253 1925 1384 1980 raciliam
1396 1925 1428 1979 de
1444 1932 1537 1979 anneto
1557 1921 1605 1979 illo
1621 1930 1668 1978 tuo
1681 1937 1744 1976 errr-

113 2016 222 2077 duabus
240 2027 379 2076 eteorum
404 2018 559 2077 famulabus
574 2029 655 2092 atquc
675 2021 738 2079 liliis
758 2022 906 2095 multisque
955 2035 1033 2093 pore,
1049 2017 1123 2090 quod
1137 2019 1166 2074 in
1192 2017 1291 2087 teipso
1308 2024 1336 2072 et
1350 2016 1444 2073 electis
1458 2016 1512 2072 tuis
1527 2016 1584 2087 jaro
1600 2023 1689 2071 tecum
1702 2030 1745 2069 rc-

113 2111 243 2183 gregibus
254 2112 332 2168 ralde
350 2111 443 2168 tinruit
462 2112 534 2170 Esau
558 2113 670 2171 fratrem
685 2128 778 2171 auum.
792 2114 907 2188 Propter
957 2113 1104 2187 guantibus
1119 2118 1214 2183 regnat
1227 2110 1254 2165 in
1268 2110 1348 2166 coelo.

113 2205 190 2274 quod
210 2207 299 2262 orarit
313 2214 342 2263 et
361 2207 453 2263 dixit:
472 2226 482 2261 r
503 2205 628 2276 Domine,
640 2209 688 2279 qui
707 2208 905 2267 dirimimur:
993 2203 1028 2259 Et
1042 2204 1074 2260 de
1092 2202 1157 2260 Sion
1169 2189 1276 2258 tueatur
1287 2211 1321 2257 te.
1343 2199 1379 2257 Te
1392 2202 1419 2256 in
1433 2200 1488 2256 tuis
1509 2197 1612 2256 sanctis
1636 2197 1746 2270 pusillis

114 2297 294 2354 reverterent
307 2306 407 2354 terram
420 2298 572 2356 natiuitatis
587 2309 650 2367 tna,
662 2314 728 2356 erue
741 2316 784 2356 me
797 2301 831 2358 de
845 2317 907 2357 ms·
957 2295 1071 2351 minime
1083 2294 1191 2350 idoneis
1203 2293 1237 2348 ad
1253 2290 1509 2362 contemplationem
1520 2286 1655 2345 Dominus
1664 2287 1745 2343 Pater

114 2403 153 2447 nu
168 2386 262 2446 fratris
279 2391 419 2462 mei,quia
432 2390 511 2449 valde
527 2405 589 2447 eum
610 2392 704 2457 timeo,
718 2407 752 2449 ne
771 2392 841 2449 forte
858 2407 906 2449 ue·
956 2396 1067 2446 tueatur
1092 2386 1126 2443 de
1148 2384 1224 2453 Sion,
1249 2385 1276 2441 id
1303 2392 1346 2441 est
1367 2384 1401 2440 de
1425 2381 1611 2453 speculatione
1636 2380 1744 2436 illorum

114 2481 194 2538 niens
213 2482 347 2552 percutiat
360 2491 475 2540 matrem
489 2500 552 2541 curn
569 2484 631 2541 liliis
657 2483 734 2555 (Gen.
761 2501 848 2553 ιιιιι,
878 2485 905 2552 9,
958 2485 1006 2557 qui
1021 2492 1086 2542 sunt
1100 2483 1148 2539 alti
1160 2492 1188 2539 et
1206 2479 1420 2553 contemplativi,
1433 2478 1579 2551 significati
1591 2493 1639 2549 per
1662 2492 1745 2532 mon·

115 2571 173 2643 ll).
191 2571 324 2640 ›Quauto
348 2574 445 2646 magis,
464 2584 504 2643 tu,
517 2574 632 2631 Domine
652 2575 717 2633 Jesu
744 2575 862 2645 Christe,
878 2578 905 2634 iu
958 2589 1012 2636 tern
1037 2576 1114 2645 Sion,
1142 2575 1216 2648 quod
1244 2590 1344 2631 tromen
1371 2571 1516 2645 speculatio
1540 2571 1745 2642 interpretatur,

115 2664 217 2737 populo
243 2662 365 2736 geu'tiurn
393 2667 506 2724 collecta
532 2669 709 2725 multitudine
729 2670 905 2735 lideltum‚de
958 2670 1023 2742 quia
1036 2685 1085 2741 per
1109 2675 1229 2723 moralem
1259 2664 1325 2721 Sion
1349 2665 1403 2720 alta
1427 2663 1482 2718 rita
1504 2661 1671 2735 speculativa
1695 2675 1745 2717 seu

113 2756 217 2827 quibus
237 2756 363 2813 instituta
385 2766 427 2814 est
449 2758 537 2816 activa
562 2769 590 2818 et
618 2762 829 2832 contemplativa
851 2762 906 2817 rita
954 2744 1170 2834 'eorrtemplatira
1183 2768 1304 2826 notatur,
1320 2758 1497 2813 undecontra
1513 2769 1610 2810 omnes
1635 2767 1745 2809 errores

113 2847 195 2915 quasi
219 2856 323 2903 matres
334 2847 483 2905 multorum
504 2850 747 2922 liliorum,qulbus
767 2853 907 2908 abundant
958 2855 1014 2912 fleo
1031 2863 1189 2927 protegente
1200 2860 1295 2908 sancta
1311 2848 1433 2906 Ecclesia
1447 2857 1503 2903 tuta
1519 2854 1571 2903 est.
1599 2843 1682 2900 Video
1693 2859 1745 2898 au·

113 2953 210 3012 greges
221 2954 328 2994 morum
341 2939 505 3011 simplicium
520 2943 600 3014 quasi
612 2959 707 3017 greges
721 2945 906 3013 orium‚'nunc
957 2955 1013 3004 tem
1025 2946 1052 3003 ln
1068 2946 1112 3003 die
1124 2941 1310 3001 tribulationis
1324 2950 1378 2996 tuae
1400 2940 1509 2997 diuersa
1530 2935 1659 2992 Ecclesiae
1679 2940 1743 3001 ιιιιε,

113 3028 143 3085 in
159 3032 229 3087 coelo
243 3031 393 3089 credendus
408 3049 438 3089 es
450 3050 499 3104 pro
522 3036 621 3091 talibus
631 3052 720 3106 orare,
736 3055 770 3094 ιιε
782 3037 861 3107 forte,
877 3038 940 3097 utC
958 3055 1006 3096 seu
1022 3037 1146 3109 corporis
1171 3036 1210 3092 tui
1235 3034 1368 3108 pericula,
1392 3043 1419 3090 et
1437 3033 1500 3089 idco
1518 3031 1652 3088 auxilinm
1678 3042 1745 3099 rogo

113 3123 218 3184 dictum
232 3133 285 3189 est,
299 3125 388 3181 malus
402 3125 485 3182 trater
506 3129 640 3197 percutiat
655 3139 771 3186 matrem
784 3148 848 3188 cum
874 3133 907 3188 fi-
957 3140 1052 3189 contra
1070 3127 1187 3201 singula.

113 3214 159 3271 liis
172 3230 205 3271 ac
219 3216 317 3273 turmis
332 3218 454 3290 gregium
473 3217 601 3276 distincte
620 3220 813 3289 gradientium.
828 3222 907 3281 Nunc
992 3220 1085 3279 Primo
1106 3220 1185 3292 quasi
1210 3218 1253 3274 vir
1277 3214 1472 3289 sanguinarius
1494 3213 1567 3271 Esau
1592 3221 1620 3268 te
1646 3223 1742 3267 verum

113 3322 181 3379 ergo
194 3316 221 3363 tc
234 3307 274 3364 sic
291 3318 425 3376 orantem,
440 3318 467 3365 te
490 3325 600 3377 uxores,
616 3327 649 3368 ac
660 3313 743 3378 lilios,
757 3331 907 3388 gregesque
955 3314 1040 3370 lacot
1056 3314 1097 3370 sic
1109 3320 1289 3384 persequetur
1305 3309 1334 3366 in
1351 3307 1475 3380 tyrannis
1499 3303 1632 3360 allerone
1656 3314 1744 3372 usque

114 3401 260 3456 babentern
274 3409 395 3471 prorepat
419 3418 512 3456 neuun
532 3402 582 3458 fler·
605 3401 700 3473 Jacob,
717 3414 746 3461 nt
769 3407 842 3464 sient
861 3410 907 3467 ille
956 3408 989 3464 ad
1005 3406 1217 3471 Diocletianum,
1233 3412 1264 3460 ut
1288 3418 1337 3475 per
1355 3398 1572 3456 interfectionem
1594 3410 1741 3465 corporum

111 3490 200 3548 Jacob
220 3508 276 3547 non
300 3501 343 3548 est
363 3492 445 3549 laesus
460 3509 476 3548 a
492 3491 577 3550 fratrc
597 3511 648 3552 suo
666 3496 748 3566 malo,
761 3515 811 3555 nec
823 3500 850 3556 iu
865 3517 905 3570 se,
956 3507 1061 3571 quaeat
1070 3498 1245 3570 exstinguere
1254 3509 1354 3552 nomen
1367 3489 1566 3549 tunm.Contra
1578 3488 1652 3542 bunc
1662 3488 1743 3542 talem

113 3600 167 3641 uec
178 3584 207 3639 in
225 3584 367 3653 uxoribus,
383 3600 434 3641 nec
454 3585 483 3641 iu
500 3585 574 3652 filiis,
586 3602 637 3644 nec
658 3587 685 3643 in
697 3587 864 3660 famulabus,
879 3603 907 3649 ει
956 3583 1030 3648 Esau
1043 3600 1070 3647 ct
1085 3606 1180 3647 omnes
1194 3590 1255 3660 ejus
1266 3585 1415 3657 complices
1432 3580 1622 3639 interfectores
1645 3593 1744 3647 corpo·

113 3675 299 3742 corumblis,
316 3675 611 3750 nequeingregibus:
628 3679 665 3735 ita
682 3695 792 3752 quoque
807 3691 836 3737 tu
858 3698 906 3754 per
939 3699 1018 3758 ‘rum
1033 3692 1155 3755 protegat
1174 3691 1198 3736 te
1223 3696 1316 3738 tramea
1339 3678 1388 3732 fici
1411 3675 1505 3731 Jacob.
1536 3672 1587 3729 llic
1609 3681 1651 3728 cst
1669 3675 1743 3726 enlru

113 3782 210 3822 nomen
223 3766 273 3821 Dei
286 3764 380 3835 lacot,
393 3768 466 3838 quod
481 3783 581 3824 nomen
597 3770 625 3824 in
644 3779 669 3825 te
683 3780 737 3839 est,
751 3772 816 3843 quia
833 3782 862 3829 tu
875 3791 906 3832 es
956 3792 1044 3847 equus
1059 3776 1150 3842 rufus,
1170 3782 1198 3830 ει
1223 3771 1330 3828 sedenti
1356 3783 1439 3839 super
1462 3765 1539 3822 illum
1569 3764 1689 3826 diabolo.
1712 3771 1744 3816 ut

114 3858 187 3916 Deua
211 3857 314 3928 tarot,
330 3860 458 3933 quodque
478 3877 562 3931 super
588 3871 649 3920 tuos
670 3863 825 3921 introcatum
852 3876 905 3936 est,
956 3867 984 3922 in
1000 3865 1161 3938 Apocalypsi
1181 3864 1247 3921 dicit
1272 3860 1402 3926 loannes,
1423 3876 1433 3912 ι
1462 3860 1543 3916 datus
1565 3863 1609 3913 est
1636 3853 1743 3925 gladius

115 3969 192 4012 nunc
205 3955 355 4025 protegaris
380 3955 416 4011 ab
441 3954 525 4023 Esau,
537 3955 595 4023 qui,
609 3964 640 4011 ut
654 3956 794 4029 Scriptura
816 3960 907 4032 loqui·
955 3974 1073 4031 magnus
1096 3957 1189 4030 (Aper.
1219 3971 1257 4022 ιι,
1283 3954 1322 4025 l).
1353 3950 1488 4007 »Contra
1506 3948 1598 4007 :istum
1622 3944 1742 4018 gladium

113 4050 172 4114 fiir,
195 4047 244 4102 tibi
275 4048 395 4103 occurrit
418 4063 482 4103 cunt
508 4048 714 4121 quadringentis
744 4051 812 4109 uiris
827 4052 904 4125 (Gen.
955 4059 1075 4124 prorepat
1101 4059 1126 4105 te
1140 4064 1233 4104 nomen
1251 4043 1302 4101 Dei
1330 4041 1425 4110 lacot,
1443 4055 1479 4097 nc
1505 4038 1576 4095 forte
1597 4035 1743 4092 interliciat

114 4137 322 4211 xxrrrt,l).Viri
335 4140 527 4211 quadringenti
542 4150 616 4210 sunt,
630 4141 677 4214 ‘tui
689 4141 851 4216 boealogum
867 4146 907 4202 lc-
956 4153 1073 4200 matrem
1087 4156 1149 4198 cum
1161 4138 1236 4205 liliis,
1250 4145 1281 4193 ut
1293 4136 1350 4208 jam
1365 4147 1449 4204 supra
1464 4129 1567 4187 dictum
1583 4135 1645 4184 est:
1660 4124 1694 4181 Et
1717 4123 1741 4180 si

115 4235 159 4308 gis
173 4235 344 4307 profitentur,
362 4235 409 4291 sed
424 4236 482 4291 sola
508 4236 668 4307 temporalia
683 4252 731 4308 per
753 4238 905 4295 custodiam
956 4249 1073 4304 corpora
1086 4240 1242 4288 sanctorum
1260 4223 1407 4282 interfluat
1424 4222 1476 4278 iste
1492 4218 1598 4292 gladius
1614 4231 1740 4287 maguus.

114 4328 185 4401 legis
202 4336 338 4400 quaerunt.
350 4326 418 4384 Nam
434 4328 598 4401 quadragies
615 4330 719 4396 decem,
731 4330 772 4385 rel
788 4330 905 4401 quadra·
957 4327 1066 4384 anintas
1094 4335 1183 4382 tamen
1219 4338 1275 4378 nean
1299 4316 1447 4376 interficiat
1469 4312 1622 4387 separando
1649 4325 1697 4368 eus
1725 4324 1743 4364 a

115 4421 192 4492 ginta
205 4421 296 4477 decies
310 4421 620 4492 suntqnauringenti,et
633 4422 659 4476 in
675 4422 787 4477 denario
799 4423 842 4479 lex
853 4439 905 4479 no·
921 4399 943 4454 ⁰
958 4420 1024 4476 Deo.
1061 4481 1067 4493 ,

113 4523 203 4578 tatur,
213 4529 275 4586 quc
285 4515 313 4569 in
326 4514 419 4570 decem
431 4514 573 4585 praeceptis
587 4523 703 4570 constat.
721 4513 749 4571 ln
761 4526 905 4587 quaterna·
994 4510 1150 4568 Secundum
1164 4506 1316 4584 periculum
1330 4504 1409 4560 turba
1422 4510 1464 4558 est
1475 4497 1678 4562 hereticorum,
1693 4493 1745 4565 qui

114 4608 159 4666 rio
172 4608 332 4679 temporalia
345 4607 544 4678 significantur,
558 4622 620 4677 quae
633 4623 696 4664 curn
709 4617 828 4680 quatuor
838 4619 907 4665 tena-
958 4605 987 4661 ia
1008 4603 1173 4676 Apocalypsi
1188 4597 1324 4671 designati
1343 4604 1408 4654 sunt
1427 4609 1476 4666 per
1499 4606 1600 4663 equum
1621 4590 1741 4661 nigrum,

115 4698 231 4769 poribus
256 4699 406 4754 variantur.
420 4695 615 4769 Quadringenti
630 4714 695 4770 ergo
720 4701 770 4754 viri
794 4699 907 4757 comites
961 4718 970 4751 ι
984 4706 1012 4753 ει
1024 4697 1072 4769 qui
1082 4695 1194 4752 sedebat
1205 4705 1359 4762 supereum
1375 4688 1493 4744 babebat
1504 4694 1633 4742 stateram
1650 4678 1741 4753 (idid,

115 4785 190 4844 Esau
204 4786 297 4845 fratris
310 4789 440 4856 carnalis,
452 4803 548 4846 omnes
561 4788 600 4843 illi
616 4800 689 4858 spru,
707 4791 753 4860 qui
768 4790 902 4846 Antichri·
958 4788 986 4853 5)
1001 4806 1010 4839 ι
1029 4783 1179 4857 :quoniam
1195 4789 1324 4837 astatera
1337 4777 1474 4849 processit
1484 4773 1656 4831 mendacium
1673 4785 1741 4827 corr·

115 4889 161 4936 sto
177 4880 326 4949 amarent,
340 4881 398 4938 sire
419 4880 507 4954 ipsius
530 4883 751 4951 contemporanei
771 4885 835 4952 sint,
849 4883 907 4941 sive
958 4888 999 4934 tra
1017 4877 1142 4933 veritatis
1156 4868 1474 4940 testimoniumquando
1489 4864 1593 4938 angelis
1611 4870 1640 4919 et
1675 4875 1740 4933 apo·

116 4969 195 5026 illurn
211 4969 366 5042 praecedant
379 4971 422 5027 uel
433 4981 593 5042 sequantur,
606 4973 671 5044 quia
682 4972 759 5029 illnnt
774 4974 802 5029 in
815 4989 849 5030 eo
860 4989 907 5030 ro·
957 4969 1039 5027 stolis
1050 4965 1267 5023 contestantibus
1285 4962 1399 5035 gloriam
1420 4957 1521 5015 Christi
1546 4954 1700 5013 resuscitati
1725 4968 1741 5009 a

115 5062 261 5131 mitantur,
272 5066 347 5136 quod
367 5079 417 5135 per
437 5063 504 5135 legis
524 5062 722 5134 professionem
746 5066 906 5132 temporalia
956 5058 1072 5116 mortuis
1084 5056 1147 5113 data
1164 5062 1208 5111 εει
1217 5053 1329 5125 copiosa
1343 5050 1458 5123 pecunia
1469 5047 1612 5114 militibus,
1623 5054 1655 5101 ut
1666 5059 1741 5100 men·

117 5157 194 5214 lucra
209 5168 358 5215 sacramur,
370 5157 403 5213 Hi
426 5174 488 5213 cunt
505 5155 578 5212 Esou
600 5171 749 5215 occurrunt
764 5158 849 5216 Jacob
863 5176 907 5216 re.
957 5150 1037 5207 dacio
1050 5164 1102 5205 suo
1116 5145 1290 5202 mendacium
1304 5146 1445 5198 firmarent
1468 5139 1625 5195 ludaeorunt
1648 5136 1742 5192 dicen·

117 5253 232 5307 vertenti
246 5253 274 5309 in
298 5260 398 5309 terram
421 5254 579 5316 natiuitatis.
594 5253 657 5324 quia
677 5252 745 5308 talos
767 5265 822 5308 una
842 5266 906 5308 curn
956 5245 1106 5310 tium,u011
1133 5237 1288 5295 Surrexisse
1312 5235 1451 5292 Christum
1476 5232 1510 5288 (Ῑθ
1534 5229 1670 5332 ⁸⁰9⁰!le
1693 5224 1740 5282 sed

114 5344 287 5402 Antichristo
317 5345 446 5403 contrarii
471 5353 536 5401 sunt
559 5343 670 5401 Christo
693 5359 756 5400 cunr
779 5343 837 5400 suis
863 5359 913 5399 re-.
951 5331 1165 5396 ‘furtoablatum
1188 5332 1243 5388 illis
1271 5327 1480 5386 dormientibus.
1505 5324 1580 5390 ldeo,
1597 5337 1646 5391 (lul
1661 5318 1740 5423 ⁸0⁶5·

47 5435 51 5444 '
115 5436 261 5504 decutiet
279 5451 346 5494 suos
370 5437 479 5494 ducenti
503 5438 531 5492 in
556 5447 656 5495 terram
676 5436 910 5503 natiuitatissuae,
955 5434 1002 5490 bat
1016 5446 1099 5500 snper
1124 5442 1224 5499 equum
1247 5415 1483 5489 istum,habebat‘
1500 5424 1629 5473 stateram
1652 5427 1740 5482 :quta

116 5526 152 5586 ael
174 5536 275 5585 terram
301 5529 426 5586 uidelicet
443 5530 674 5600 repromissionis,
687 5529 721 5584 ad
742 5538 841 5584 terram
864 5529 905 5584 la·
955 5541 1006 5598 pro
1020 5522 1162 5580 mendacio
1176 5517 1261 5584 dedit,
1273 5525 1301 5571 et
1310 5513 1369 5569 dari
1383 5509 1520 5584 persuasit
1539 5506 1676 5611 diabolus,
1692 5519 1741 5574 pa-

116 5622 181 5687 rtis,
197 5629 225 5677 et
246 5624 343 5686 mellis,
357 5622 497 5687 frumenti,
512 5621 568 5676 vini
580 5630 607 5675 et
620 5622 681 5689 olei,
696 5631 794 5677 terram
808 5621 905 5677 rideli·
955 5626 998 5674 ter
1010 5613 1156 5677 rnerrdacii,
1180 5608 1320 5678 copiosam
1333 5601 1490 5674 pecuniam.
1503 5597 1553 5655 Vel
1565 5598 1627 5654 rdeo
1643 5609 1671 5702 ιιι
1681 5608 1741 5648 ma·

117 5723 162 5770 eet
173 5716 304 5784 paradisi,
317 5717 350 5772 dc
366 5717 417 5772 ltac
432 5722 502 5784 terra
520 5713 654 5771 incolatus
670 5712 824 5771 uriserrinti.
841 5712 905 5779 Sed.
956 5727 993 5768 nu
1009 5725 1057 5768 sua
1073 5716 1199 5764 stateram
1217 5699 1325 5766 habuit,
1341 5696 1406 5768 quia
1432 5709 1480 5766 per
1509 5693 1603 5790 delum
1630 5701 1740 5763 namra
