<?xml version="1.0" encoding="UTF-8"?>
<!DOCTYPE html PUBLIC "-//W3C//DTD XHTML 1.0 Transitional//EN"
    "http://www.w3.org/TR/xhtml1/DTD/xhtml1-transitional.dtd">
<html xmlns="http://www.w3.org/1999/xhtml" xml:lang="en" lang="en">
 <head>
  <title>
</title>
<meta http-equiv="Content-Type" content="text/html;charset=utf-8" />
  <meta name='ocr-system' content='tesseract 3.04.00' />
  <meta name='ocr-capabilities' content='ocr_page ocr_carea ocr_par ocr_line ocrx_word'/>
</head>
<body>
  <div class='ocr_page' id='page_1' title='image "./patrologiaecurs169unkngoog/patrologiaecurs169unkngoog_0495.png"; bbox 0 0 3817 6000; ppageno 0'>
   <div class='ocr_carea' id='block_1_1' title="bbox 78 219 1723 294">
    <p class='ocr_par' dir='ltr' id='par_1_1' title="bbox 78 219 1723 294">
     <span class='ocr_line' id='line_1_1' title="bbox 78 219 1723 294; baseline -0.009 0"><span class='ocrx_word' id='word_1_1' title='bbox 78 235 137 294; x_wconf 78' lang='lat' dir='ltr'><strong><em>uel</em></strong></span> <span class='ocrx_word' id='word_1_2' title='bbox 409 223 690 286; x_wconf 68' lang='lat' dir='ltr'><strong><em>condemnamus</em></strong></span> <span class='ocrx_word' id='word_1_3' title='bbox 710 220 744 281; x_wconf 83' lang='lat' dir='ltr'><strong><em>td</em></strong></span> <span class='ocrx_word' id='word_1_4' title='bbox 765 219 937 281; x_wconf 71' lang='lat' dir='ltr'><strong>PSALMOS.</strong></span> <span class='ocrx_word' id='word_1_5' title='bbox 958 252 994 264; x_wconf 93' lang='lat'><strong><em>·-·</em></strong></span> <span class='ocrx_word' id='word_1_6' title='bbox 1010 219 1104 280; x_wconf 81' lang='lat' dir='ltr'>PARS</span> <span class='ocrx_word' id='word_1_7' title='bbox 1121 222 1142 280; x_wconf 92' lang='lat' dir='ltr'><strong><em>l.</em></strong></span> <span class='ocrx_word' id='word_1_8' title='bbox 1161 248 1198 263; x_wconf 90' lang='lat'><strong><em>-··</em></strong></span> <span class='ocrx_word' id='word_1_9' title='bbox 1216 219 1315 278; x_wconf 74' lang='lat' dir='ltr'><strong>PSAL.</strong></span> <span class='ocrx_word' id='word_1_10' title='bbox 1336 221 1395 277; x_wconf 78' lang='lat' dir='ltr'><strong><em>XX.</em></strong></span> <span class='ocrx_word' id='word_1_11' title='bbox 1670 222 1723 281; x_wconf 73' lang='lat'><strong><em>932</em></strong></span> 
     </span>
    </p>
   </div>
   <div class='ocr_carea' id='block_1_2' title="bbox 48 336 1760 5760">
    <p class='ocr_par' dir='ltr' id='par_1_2' title="bbox 48 336 1760 5760">
     <span class='ocr_line' id='line_1_2' title="bbox 48 336 1722 417; baseline -0.007 -11"><span class='ocrx_word' id='word_1_12' title='bbox 48 354 51 359; x_wconf 59' lang='lat'><strong>⁴</strong></span> <span class='ocrx_word' id='word_1_13' title='bbox 78 350 299 417; x_wconf 78' lang='lat' dir='ltr'><strong><em>aeditur,ner1ue</em></strong></span> <span class='ocrx_word' id='word_1_14' title='bbox 316 343 519 415; x_wconf 84' lang='lat' dir='ltr'><strong><em>uenietillipes</em></strong></span> <span class='ocrx_word' id='word_1_15' title='bbox 542 343 687 414; x_wconf 80' lang='lat' dir='ltr'><strong><em>superbia,</em></strong></span> <span class='ocrx_word' id='word_1_16' title='bbox 708 356 797 412; x_wconf 85' lang='lat' dir='ltr'><strong><em>neque</em></strong></span> <span class='ocrx_word' id='word_1_17' title='bbox 821 355 880 394; x_wconf 92' lang='lat' dir='ltr'><strong><em>ma·</em></strong></span> <span class='ocrx_word' id='word_1_18' title='bbox 894 343 918 400; x_wconf 80' lang='lat' dir='ltr'>A</span> <span class='ocrx_word' id='word_1_19' title='bbox 932 338 998 394; x_wconf 87' lang='lat' dir='ltr'><strong><em>liant</em></strong></span> <span class='ocrx_word' id='word_1_20' title='bbox 1009 337 1090 394; x_wconf 89' lang='lat' dir='ltr'><strong><em>amici</em></strong></span> <span class='ocrx_word' id='word_1_21' title='bbox 1106 353 1189 392; x_wconf 90' lang='lat' dir='ltr'><strong><em>manu</em></strong></span> <span class='ocrx_word' id='word_1_22' title='bbox 1211 346 1257 393; x_wconf 93' lang='lat' dir='ltr'><strong><em>tua</em></strong></span> <span class='ocrx_word' id='word_1_23' title='bbox 1284 352 1358 401; x_wconf 88' lang='lat' dir='ltr'><strong><em>nune</em></strong></span> <span class='ocrx_word' id='word_1_24' title='bbox 1375 338 1541 398; x_wconf 86' lang='lat' dir='ltr'><strong><em>medicante.</em></strong></span> <span class='ocrx_word' id='word_1_25' title='bbox 1571 336 1629 396; x_wconf 82' lang='lat' dir='ltr'><strong><em>Nisi</em></strong></span> <span class='ocrx_word' id='word_1_26' title='bbox 1649 340 1722 395; x_wconf 91' lang='lat' dir='ltr'><strong><em>euim</em></strong></span> 
     </span>
     <span class='ocr_line' id='line_1_3' title="bbox 78 428 1725 509; baseline -0.004 -14"><span class='ocrx_word' id='word_1_27' title='bbox 78 437 300 509; x_wconf 83' lang='lat' dir='ltr'><strong><em>aruspeccatocis</em></strong></span> <span class='ocrx_word' id='word_1_28' title='bbox 313 434 431 491; x_wconf 83' lang='lat' dir='ltr'><strong><em>movebit</em></strong></span> <span class='ocrx_word' id='word_1_29' title='bbox 451 448 515 490; x_wconf 89' lang='lat' dir='ltr'><strong><em>eum</em></strong></span> <span class='ocrx_word' id='word_1_30' title='bbox 530 433 571 490; x_wconf 90' lang='lat' dir='ltr'><strong><em>rel</em></strong></span> <span class='ocrx_word' id='word_1_31' title='bbox 586 447 654 489; x_wconf 88' lang='lat' dir='ltr'><strong><em>suos</em></strong></span> <span class='ocrx_word' id='word_1_32' title='bbox 677 432 706 509; x_wconf 78' lang='lat' dir='ltr'><strong><em>iu</em></strong></span> <span class='ocrx_word' id='word_1_33' title='bbox 723 430 880 487; x_wconf 86' lang='lat' dir='ltr'><strong><em>misericor·</em></strong></span> <span class='ocrx_word' id='word_1_34' title='bbox 932 444 1008 486; x_wconf 91' lang='lat' dir='ltr'><strong><em>nunc</em></strong></span> <span class='ocrx_word' id='word_1_35' title='bbox 1032 428 1172 485; x_wconf 72' lang='lat' dir='ltr'><strong><em>investiant</em></strong></span> <span class='ocrx_word' id='word_1_36' title='bbox 1197 444 1257 484; x_wconf 90' lang='lat' dir='ltr'><strong><em>eam</em></strong></span> <span class='ocrx_word' id='word_1_37' title='bbox 1283 430 1382 496; x_wconf 88' lang='lat' dir='ltr'><strong><em>lenem,</em></strong></span> <span class='ocrx_word' id='word_1_38' title='bbox 1413 430 1531 487; x_wconf 82' lang='lat' dir='ltr'><strong><em>seruiunt</em></strong></span> <span class='ocrx_word' id='word_1_39' title='bbox 1558 431 1725 502; x_wconf 70' lang='lat' dir='ltr'>quandoque</span> 
     </span>
     <span class='ocr_line' id='line_1_4' title="bbox 77 519 1725 600; baseline -0.007 -12"><span class='ocrx_word' id='word_1_40' title='bbox 77 531 129 588; x_wconf 84' lang='lat' dir='ltr'><strong><em>dia</em></strong></span> <span class='ocrx_word' id='word_1_41' title='bbox 142 530 229 600; x_wconf 86' lang='lat' dir='ltr'><strong><em>ipsius</em></strong></span> <span class='ocrx_word' id='word_1_42' title='bbox 240 527 442 585; x_wconf 85' lang='lat' dir='ltr'><strong><em>coristabilitos.</em></strong></span> <span class='ocrx_word' id='word_1_43' title='bbox 932 532 1006 579; x_wconf 92' lang='lat' dir='ltr'><strong><em>tuam</em></strong></span> <span class='ocrx_word' id='word_1_44' title='bbox 1018 536 1131 577; x_wconf 89' lang='lat' dir='ltr'><strong><em>manum</em></strong></span> <span class='ocrx_word' id='word_1_45' title='bbox 1146 521 1264 593; x_wconf 83' lang='lat' dir='ltr'><strong><em>grauiter</em></strong></span> <span class='ocrx_word' id='word_1_46' title='bbox 1292 519 1445 576; x_wconf 87' lang='lat' dir='ltr'><strong><em>lerientem.</em></strong></span> <span class='ocrx_word' id='word_1_47' title='bbox 1465 519 1533 577; x_wconf 86' lang='lat' dir='ltr'><strong><em>Nam</em></strong></span> <span class='ocrx_word' id='word_1_48' title='bbox 1547 522 1659 577; x_wconf 78' lang='lat' dir='ltr'><strong><em>deutero</em></strong></span> <span class='ocrx_word' id='word_1_49' title='bbox 1675 529 1725 577; x_wconf 83' lang='lat' dir='ltr'><strong><em>tna</em></strong></span> 
     </span>
     <span class='ocr_line' id='line_1_5' title="bbox 119 614 1725 686; baseline -0.004 -9"><span class='ocrx_word' id='word_1_50' title='bbox 119 623 220 677; x_wconf 74' lang='lat' dir='ltr'><strong><em>Aliter:</em></strong></span> <span class='ocrx_word' id='word_1_51' title='bbox 247 619 282 674; x_wconf 87' lang='lat' dir='ltr'><strong><em>in</em></strong></span> <span class='ocrx_word' id='word_1_52' title='bbox 305 617 489 674; x_wconf 68' lang='lat' dir='ltr'><strong><em>misericordia</em></strong></span> <span class='ocrx_word' id='word_1_53' title='bbox 509 616 643 674; x_wconf 74' lang='lat' dir='ltr'><strong><em>ditissimi</em></strong></span> <span class='ocrx_word' id='word_1_54' title='bbox 662 632 716 672; x_wconf 88' lang='lat' dir='ltr'><strong><em>non</em></strong></span> <span class='ocrx_word' id='word_1_55' title='bbox 734 629 880 670; x_wconf 79' lang='lat' dir='ltr'><strong><em>comumac-</em></strong></span> <span class='ocrx_word' id='word_1_56' title='bbox 931 615 1052 672; x_wconf 85' lang='lat' dir='ltr'><strong><em>inueniet</em></strong></span> <span class='ocrx_word' id='word_1_57' title='bbox 1067 630 1156 669; x_wconf 86' lang='lat' dir='ltr'><strong><em>omncs</em></strong></span> <span class='ocrx_word' id='word_1_58' title='bbox 1174 614 1221 684; x_wconf 77' lang='lat' dir='ltr'><strong><em>oui</em></strong></span> <span class='ocrx_word' id='word_1_59' title='bbox 1246 623 1271 669; x_wconf 84' lang='lat' dir='ltr'><strong><em>te</em></strong></span> <span class='ocrx_word' id='word_1_60' title='bbox 1290 615 1412 683; x_wconf 86' lang='lat' dir='ltr'><strong><em>oderunt,</em></strong></span> <span class='ocrx_word' id='word_1_61' title='bbox 1436 614 1538 686; x_wconf 77' lang='lat' dir='ltr'><strong><em>quique</em></strong></span> <span class='ocrx_word' id='word_1_62' title='bbox 1562 615 1648 682; x_wconf 88' lang='lat' dir='ltr'><strong><em>illam,</em></strong></span> <span class='ocrx_word' id='word_1_63' title='bbox 1660 630 1725 671; x_wconf 88' lang='lat' dir='ltr'><strong><em>cum</em></strong></span> 
     </span>
     <span class='ocr_line' id='line_1_6' title="bbox 78 704 1726 780; baseline -0.004 -11"><span class='ocrx_word' id='word_1_64' title='bbox 78 715 165 769; x_wconf 86' lang='lat' dir='ltr'><strong><em>bitur.</em></strong></span> <span class='ocrx_word' id='word_1_65' title='bbox 191 711 279 768; x_wconf 82' lang='lat' dir='ltr'><strong><em>{labet</em></strong></span> <span class='ocrx_word' id='word_1_66' title='bbox 302 712 354 767; x_wconf 88' lang='lat' dir='ltr'><strong><em>iste</em></strong></span> <span class='ocrx_word' id='word_1_67' title='bbox 382 726 431 766; x_wconf 84' lang='lat' dir='ltr'><strong><em>rex</em></strong></span> <span class='ocrx_word' id='word_1_68' title='bbox 453 709 528 767; x_wconf 90' lang='lat' dir='ltr'><strong><em>aliud</em></strong></span> <span class='ocrx_word' id='word_1_69' title='bbox 548 720 657 777; x_wconf 90' lang='lat' dir='ltr'><strong><em>tempus</em></strong></span> <span class='ocrx_word' id='word_1_70' title='bbox 686 706 880 764; x_wconf 80' lang='lat' dir='ltr'><strong><em>aurisericordiae</em></strong></span> <span class='ocrx_word' id='word_1_71' title='bbox 929 714 1080 780; x_wconf 82' lang='lat' dir='ltr'><strong><em>poteram,</em></strong></span> <span class='ocrx_word' id='word_1_72' title='bbox 1110 704 1234 761; x_wconf 80' lang='lat' dir='ltr'><strong><em>iuvenire</em></strong></span> <span class='ocrx_word' id='word_1_73' title='bbox 1271 707 1429 762; x_wconf 88' lang='lat' dir='ltr'><strong><em>noluerunt.</em></strong></span> <span class='ocrx_word' id='word_1_74' title='bbox 1477 704 1606 762; x_wconf 82' lang='lat' dir='ltr'><strong><em>Dicimus</em></strong></span> <span class='ocrx_word' id='word_1_75' title='bbox 1632 705 1726 777; x_wconf 74' lang='lat' dir='ltr'><strong><em>daque</em></strong></span> 
     </span>
     <span class='ocr_line' id='line_1_7' title="bbox 76 794 1725 876; baseline -0.005 -15"><span class='ocrx_word' id='word_1_76' title='bbox 76 814 166 876; x_wconf 84' lang='lat' dir='ltr'><strong><em>alque</em></strong></span> <span class='ocrx_word' id='word_1_77' title='bbox 179 804 254 860; x_wconf 91' lang='lat' dir='ltr'><strong><em>aliud</em></strong></span> <span class='ocrx_word' id='word_1_78' title='bbox 267 804 325 859; x_wconf 83' lang='lat' dir='ltr'><strong><em>irae.</em></strong></span> <span class='ocrx_word' id='word_1_79' title='bbox 341 801 462 873; x_wconf 86' lang='lat' dir='ltr'><strong><em>Tempus</em></strong></span> <span class='ocrx_word' id='word_1_80' title='bbox 473 800 670 859; x_wconf 76' lang='lat' dir='ltr'><strong><em>misericordiae</em></strong></span> <span class='ocrx_word' id='word_1_81' title='bbox 686 810 739 868; x_wconf 89' lang='lat' dir='ltr'><strong><em>est,</em></strong></span> <span class='ocrx_word' id='word_1_82' title='bbox 751 798 877 870; x_wconf 85' lang='lat' dir='ltr'><strong><em>quaudiu</em></strong></span> <span class='ocrx_word' id='word_1_83' title='bbox 929 797 1052 855; x_wconf 82' lang='lat' dir='ltr'><strong><em>araride:</em></strong></span> <span class='ocrx_word' id='word_1_84' title='bbox 1071 794 1228 851; x_wconf 69' lang='lat' dir='ltr'><strong><em>Inveniatur</em></strong></span> <span class='ocrx_word' id='word_1_85' title='bbox 1258 813 1353 852; x_wconf 86' lang='lat' dir='ltr'><strong><em>monus</em></strong></span> <span class='ocrx_word' id='word_1_86' title='bbox 1381 806 1428 852; x_wconf 92' lang='lat' dir='ltr'><strong><em>tuo</em></strong></span> <span class='ocrx_word' id='word_1_87' title='bbox 1455 798 1577 853; x_wconf 87' lang='lat' dir='ltr'><strong><em>omnibus</em></strong></span> <span class='ocrx_word' id='word_1_88' title='bbox 1608 797 1725 852; x_wconf 88' lang='lat' dir='ltr'><strong><em>inimicis</em></strong></span> 
     </span>
     <span class='ocr_line' id='line_1_8' title="bbox 76 889 1724 969; baseline -0.004 -18"><span class='ocrx_word' id='word_1_89' title='bbox 76 913 158 953; x_wconf 88' lang='lat' dir='ltr'><strong><em>nuuc</em></strong></span> <span class='ocrx_word' id='word_1_90' title='bbox 175 896 291 954; x_wconf 83' lang='lat' dir='ltr'><strong><em>scaletin</em></strong></span> <span class='ocrx_word' id='word_1_91' title='bbox 306 898 406 953; x_wconf 88' lang='lat' dir='ltr'><strong><em>tbrono</em></strong></span> <span class='ocrx_word' id='word_1_92' title='bbox 419 896 513 969; x_wconf 81' lang='lat' dir='ltr'><strong><em>gratie</em></strong></span> <span class='ocrx_word' id='word_1_93' title='bbox 525 896 586 968; x_wconf 87' lang='lat' dir='ltr'><strong><em>pius</em></strong></span> <span class='ocrx_word' id='word_1_94' title='bbox 597 895 730 967; x_wconf 77' lang='lat' dir='ltr'><strong>pontifex,</strong></span> <span class='ocrx_word' id='word_1_95' title='bbox 744 895 877 966; x_wconf 87' lang='lat' dir='ltr'><strong><em>propitia·</em></strong></span> <span class='ocrx_word' id='word_1_96' title='bbox 930 895 993 949; x_wconf 83' lang='lat' dir='ltr'><strong><em>tuis.</em></strong></span> <span class='ocrx_word' id='word_1_97' title='bbox 1008 891 1068 949; x_wconf 86' lang='lat' dir='ltr'><strong><em>Non</em></strong></span> <span class='ocrx_word' id='word_1_98' title='bbox 1083 900 1175 948; x_wconf 89' lang='lat' dir='ltr'><strong><em>autem</em></strong></span> <span class='ocrx_word' id='word_1_99' title='bbox 1195 889 1311 958; x_wconf 91' lang='lat' dir='ltr'><strong><em>orando,</em></strong></span> <span class='ocrx_word' id='word_1_100' title='bbox 1326 889 1375 946; x_wconf 89' lang='lat' dir='ltr'><strong><em>sed</em></strong></span> <span class='ocrx_word' id='word_1_101' title='bbox 1385 889 1490 961; x_wconf 83' lang='lat' dir='ltr'><strong><em>judicio</em></strong></span> <span class='ocrx_word' id='word_1_102' title='bbox 1509 898 1557 946; x_wconf 94' lang='lat' dir='ltr'><strong><em>tuo</em></strong></span> <span class='ocrx_word' id='word_1_103' title='bbox 1567 889 1643 961; x_wconf 81' lang='lat' dir='ltr'><strong><em>justo</em></strong></span> <span class='ocrx_word' id='word_1_104' title='bbox 1654 904 1724 969; x_wconf 60' lang='lat' dir='ltr'><strong><em>coram</em></strong></span> 
     </span>
     <span class='ocr_line' id='line_1_9' title="bbox 75 981 1725 1060; baseline -0.007 -15"><span class='ocrx_word' id='word_1_105' title='bbox 75 999 187 1060; x_wconf 88' lang='lat' dir='ltr'><strong><em>torpro</em></strong></span> <span class='ocrx_word' id='word_1_106' title='bbox 200 990 321 1060; x_wconf 86' lang='lat' dir='ltr'><strong><em>peccatis</em></strong></span> <span class='ocrx_word' id='word_1_107' title='bbox 341 989 426 1045; x_wconf 87' lang='lat' dir='ltr'><strong><em>totius</em></strong></span> <span class='ocrx_word' id='word_1_108' title='bbox 437 989 544 1055; x_wconf 88' lang='lat' dir='ltr'><strong><em>mundi,</em></strong></span> <span class='ocrx_word' id='word_1_109' title='bbox 560 989 714 1058; x_wconf 90' lang='lat' dir='ltr'><strong><em>suscipiens</em></strong></span> <span class='ocrx_word' id='word_1_110' title='bbox 725 986 878 1045; x_wconf 83' lang='lat' dir='ltr'><strong><em>corriessio·</em></strong></span> <span class='ocrx_word' id='word_1_111' title='bbox 929 985 1068 1044; x_wconf 90' lang='lat' dir='ltr'><strong><em>eordando</em></strong></span> <span class='ocrx_word' id='word_1_112' title='bbox 1079 982 1223 1039; x_wconf 75' lang='lat' dir='ltr'>addimus:</span> <span class='ocrx_word' id='word_1_113' title='bbox 1239 981 1411 1037; x_wconf 70' lang='lat' dir='ltr'><strong><em>Demaratum</em></strong></span> <span class='ocrx_word' id='word_1_114' title='bbox 1434 982 1549 1036; x_wconf 83' lang='lat' dir='ltr'><strong><em>iriocaiot</em></strong></span> <span class='ocrx_word' id='word_1_115' title='bbox 1567 999 1657 1036; x_wconf 84' lang='lat' dir='ltr'><strong><em>coines</em></strong></span> <span class='ocrx_word' id='word_1_116' title='bbox 1679 981 1725 1051; x_wconf 75' lang='lat' dir='ltr'><strong><em>orci</em></strong></span> 
     </span>
     <span class='ocr_line' id='line_1_10' title="bbox 77 1072 1724 1152; baseline -0.004 -18"><span class='ocrx_word' id='word_1_117' title='bbox 77 1080 502 1152; x_wconf 84' lang='lat' dir='ltr'><strong><em>riesctpoearitentiosomnium</em></strong></span> <span class='ocrx_word' id='word_1_118' title='bbox 531 1081 577 1151; x_wconf 82' lang='lat' dir='ltr'><strong><em>qui</em></strong></span> <span class='ocrx_word' id='word_1_119' title='bbox 598 1082 731 1137; x_wconf 78' lang='lat' dir='ltr'><strong><em>accolunt</em></strong></span> <span class='ocrx_word' id='word_1_120' title='bbox 748 1080 782 1136; x_wconf 86' lang='lat' dir='ltr'><strong><em>ml</em></strong></span> <span class='ocrx_word' id='word_1_121' title='bbox 802 1080 878 1136; x_wconf 85' lang='lat' dir='ltr'><strong><em>tlaro-</em></strong></span> <span class='ocrx_word' id='word_1_122' title='bbox 929 1079 1086 1151; x_wconf 76' lang='lat' dir='ltr'><strong><em>cecderunt.</em></strong></span> <span class='ocrx_word' id='word_1_123' title='bbox 1118 1074 1233 1131; x_wconf 85' lang='lat' dir='ltr'><strong><em>Summo</em></strong></span> <span class='ocrx_word' id='word_1_124' title='bbox 1256 1072 1367 1145; x_wconf 88' lang='lat' dir='ltr'><strong><em>quidem</em></strong></span> <span class='ocrx_word' id='word_1_125' title='bbox 1391 1073 1529 1131; x_wconf 87' lang='lat' dir='ltr'><strong><em>desiderio</em></strong></span> <span class='ocrx_word' id='word_1_126' title='bbox 1552 1074 1672 1152; x_wconf 81' lang='lat' dir='ltr'><strong><em>petimus</em></strong></span> <span class='ocrx_word' id='word_1_127' title='bbox 1694 1083 1724 1128; x_wconf 96' lang='grc' dir='ltr'><strong><em>ιιι</em></strong></span> 
     </span>
     <span class='ocr_line' id='line_1_11' title="bbox 76 1165 1724 1242; baseline -0.002 -18"><span class='ocrx_word' id='word_1_128' title='bbox 76 1187 150 1225; x_wconf 82' lang='grc' dir='ltr'>ιιιιιιι</span> <span class='ocrx_word' id='word_1_129' title='bbox 161 1170 265 1242; x_wconf 76' lang='lat' dir='ltr'><strong><em>gratiae,</em></strong></span> <span class='ocrx_word' id='word_1_130' title='bbox 274 1171 308 1226; x_wconf 93' lang='lat' dir='ltr'><strong><em>de</em></strong></span> <span class='ocrx_word' id='word_1_131' title='bbox 320 1185 376 1242; x_wconf 85' lang='lat' dir='ltr'><strong><em>quo</em></strong></span> <span class='ocrx_word' id='word_1_132' title='bbox 387 1170 426 1226; x_wconf 90' lang='lat' dir='ltr'><strong><em>ait</em></strong></span> <span class='ocrx_word' id='word_1_133' title='bbox 437 1170 601 1242; x_wconf 75' lang='lat' dir='ltr'><strong>Apostolus:</strong></span> <span class='ocrx_word' id='word_1_134' title='bbox 614 1192 623 1224; x_wconf 91' lang='grc' dir='ltr'><strong><em>ι</em></strong></span> <span class='ocrx_word' id='word_1_135' title='bbox 635 1173 876 1228; x_wconf 82' lang='lat' dir='ltr'><strong><em>Accedamuscom</em></strong></span> <span class='ocrx_word' id='word_1_136' title='bbox 929 1185 1023 1224; x_wconf 75' lang='lat' dir='ltr'><strong><em>uranus·</em></strong></span> <span class='ocrx_word' id='word_1_137' title='bbox 1048 1176 1095 1220; x_wconf 85' lang='lat' dir='ltr'><strong><em>tuo</em></strong></span> <span class='ocrx_word' id='word_1_138' title='bbox 1122 1165 1297 1237; x_wconf 81' lang='lat' dir='ltr'><strong><em>pontificalis,</em></strong></span> <span class='ocrx_word' id='word_1_139' title='bbox 1312 1165 1403 1220; x_wconf 89' lang='lat' dir='ltr'><strong><em>oleum</em></strong></span> <span class='ocrx_word' id='word_1_140' title='bbox 1431 1165 1602 1221; x_wconf 81' lang='lat' dir='ltr'><strong><em>infirmorum</em></strong></span> <span class='ocrx_word' id='word_1_141' title='bbox 1626 1181 1724 1221; x_wconf 81' lang='lat' dir='ltr'><strong><em>eurise·</em></strong></span> 
     </span>
     <span class='ocr_line' id='line_1_12' title="bbox 75 1258 1723 1335; baseline -0.005 -17"><span class='ocrx_word' id='word_1_142' title='bbox 75 1264 182 1320; x_wconf 87' lang='lat' dir='ltr'><strong><em>liducia</em></strong></span> <span class='ocrx_word' id='word_1_143' title='bbox 200 1264 234 1319; x_wconf 93' lang='lat' dir='ltr'><strong><em>ad</em></strong></span> <span class='ocrx_word' id='word_1_144' title='bbox 250 1264 379 1320; x_wconf 82' lang='lat' dir='ltr'><strong><em>tirrenum</em></strong></span> <span class='ocrx_word' id='word_1_145' title='bbox 400 1263 504 1335; x_wconf 73' lang='lat' dir='ltr'><strong><em>gratiae,</em></strong></span> <span class='ocrx_word' id='word_1_146' title='bbox 519 1273 547 1319; x_wconf 93' lang='lat' dir='ltr'><strong><em>ut</em></strong></span> <span class='ocrx_word' id='word_1_147' title='bbox 570 1263 786 1320; x_wconf 87' lang='lat' dir='ltr'><strong><em>miscricordiam</em></strong></span> <span class='ocrx_word' id='word_1_148' title='bbox 810 1278 877 1319; x_wconf 91' lang='lat' dir='ltr'><strong><em>con·</em></strong></span> <span class='ocrx_word' id='word_1_149' title='bbox 928 1276 1022 1325; x_wconf 83' lang='lat' dir='ltr'><strong><em>eratis,</em></strong></span> <span class='ocrx_word' id='word_1_150' title='bbox 1036 1259 1267 1315; x_wconf 85' lang='lat' dir='ltr'><strong><em>nuuieinucrrictur</em></strong></span> <span class='ocrx_word' id='word_1_151' title='bbox 1291 1258 1413 1313; x_wconf 83' lang='lat' dir='ltr'><strong><em>cornibus</em></strong></span> <span class='ocrx_word' id='word_1_152' title='bbox 1428 1258 1547 1313; x_wconf 87' lang='lat' dir='ltr'><strong><em>inimicis</em></strong></span> <span class='ocrx_word' id='word_1_153' title='bbox 1563 1259 1626 1324; x_wconf 90' lang='lat' dir='ltr'><strong><em>tuis,</em></strong></span> <span class='ocrx_word' id='word_1_154' title='bbox 1642 1266 1671 1312; x_wconf 93' lang='grc' dir='ltr'><strong><em>ιιι</em></strong></span> <span class='ocrx_word' id='word_1_155' title='bbox 1688 1258 1723 1311; x_wconf 86' lang='lat' dir='ltr'><strong><em>ali</em></strong></span> 
     </span>
     <span class='ocr_line' id='line_1_13' title="bbox 75 1345 1723 1425; baseline -0.004 -17"><span class='ocrx_word' id='word_1_156' title='bbox 75 1368 243 1425; x_wconf 74' lang='lat' dir='ltr'><strong><em>sequamur,</em></strong></span> <span class='ocrx_word' id='word_1_157' title='bbox 254 1361 283 1409; x_wconf 91' lang='lat' dir='ltr'><strong><em>ct</em></strong></span> <span class='ocrx_word' id='word_1_158' title='bbox 295 1354 411 1425; x_wconf 75' lang='lat' dir='ltr'><strong><em>gratiam</em></strong></span> <span class='ocrx_word' id='word_1_159' title='bbox 431 1353 605 1411; x_wconf 78' lang='lat' dir='ltr'><strong><em>inveniamus</em></strong></span> <span class='ocrx_word' id='word_1_160' title='bbox 615 1354 642 1409; x_wconf 89' lang='lat' dir='ltr'><strong><em>in</em></strong></span> <span class='ocrx_word' id='word_1_161' title='bbox 655 1353 758 1409; x_wconf 83' lang='lat' dir='ltr'><strong><em>auxilio</em></strong></span> <span class='ocrx_word' id='word_1_162' title='bbox 777 1367 877 1424; x_wconf 81' lang='lat' dir='ltr'><strong><em>oppon·</em></strong></span> <span class='ocrx_word' id='word_1_163' title='bbox 928 1354 974 1409; x_wconf 89' lang='lat' dir='ltr'><strong><em>illa</em></strong></span> <span class='ocrx_word' id='word_1_164' title='bbox 990 1369 1074 1409; x_wconf 88' lang='lat' dir='ltr'><strong><em>manu</em></strong></span> <span class='ocrx_word' id='word_1_165' title='bbox 1089 1351 1186 1409; x_wconf 90' lang='lat' dir='ltr'><strong><em>eodem</em></strong></span> <span class='ocrx_word' id='word_1_166' title='bbox 1203 1353 1262 1407; x_wconf 90' lang='lat' dir='ltr'><strong><em>oleo</em></strong></span> <span class='ocrx_word' id='word_1_167' title='bbox 1291 1357 1480 1421; x_wconf 73' lang='lat' dir='ltr'><strong><em>perungamur</em></strong></span> <span class='ocrx_word' id='word_1_168' title='bbox 1496 1359 1524 1405; x_wconf 91' lang='lat' dir='ltr'><strong><em>et</em></strong></span> <span class='ocrx_word' id='word_1_169' title='bbox 1539 1357 1679 1405; x_wconf 87' lang='lat' dir='ltr'><strong><em>sanentur.</em></strong></span> <span class='ocrx_word' id='word_1_170' title='bbox 1692 1345 1723 1402; x_wconf 84' lang='lat' dir='ltr'><strong><em>Si</em></strong></span> 
     </span>
     <span class='ocr_line' id='line_1_14' title="bbox 76 1439 1724 1516; baseline -0.002 -17"><span class='ocrx_word' id='word_1_171' title='bbox 76 1454 151 1502; x_wconf 88' lang='lat' dir='ltr'><strong><em>tuno</em></strong></span> <span class='ocrx_word' id='word_1_172' title='bbox 163 1443 258 1516; x_wconf 85' lang='lat' dir='ltr'><strong><em>(ilsbr.</em></strong></span> <span class='ocrx_word' id='word_1_173' title='bbox 267 1461 305 1512; x_wconf 90' lang='grc' dir='ltr'>ιιι,</span> <span class='ocrx_word' id='word_1_174' title='bbox 315 1445 387 1516; x_wconf 68' lang='lat' dir='ltr'><strong><em>lit.»</em></strong></span> <span class='ocrx_word' id='word_1_175' title='bbox 402 1443 572 1516; x_wconf 86' lang='lat' dir='ltr'><strong><em>Superbunc</em></strong></span> <span class='ocrx_word' id='word_1_176' title='bbox 586 1446 715 1502; x_wconf 81' lang='lat' dir='ltr'><strong><em>thronum</em></strong></span> <span class='ocrx_word' id='word_1_177' title='bbox 728 1445 821 1516; x_wconf 80' lang='lat' dir='ltr'><strong><em>gratiae</em></strong></span> <span class='ocrx_word' id='word_1_178' title='bbox 834 1459 878 1501; x_wconf 90' lang='lat' dir='ltr'><strong><em>se·</em></strong></span> <span class='ocrx_word' id='word_1_179' title='bbox 928 1459 994 1501; x_wconf 81' lang='lat' dir='ltr'><strong><em>acro</em></strong></span> <span class='ocrx_word' id='word_1_180' title='bbox 1005 1444 1043 1499; x_wconf 93' lang='lat' dir='ltr'><strong><em>illi</em></strong></span> <span class='ocrx_word' id='word_1_181' title='bbox 1056 1443 1188 1514; x_wconf 77' lang='lat' dir='ltr'><strong><em>pertinaci</em></strong></span> <span class='ocrx_word' id='word_1_182' title='bbox 1200 1440 1375 1499; x_wconf 74' lang='lat' dir='ltr'><strong><em>animositate</em></strong></span> <span class='ocrx_word' id='word_1_183' title='bbox 1390 1457 1446 1497; x_wconf 89' lang='lat' dir='ltr'><strong><em>non</em></strong></span> <span class='ocrx_word' id='word_1_184' title='bbox 1470 1440 1617 1497; x_wconf 88' lang='lat' dir='ltr'><strong><em>admittunt</em></strong></span> <span class='ocrx_word' id='word_1_185' title='bbox 1640 1439 1724 1510; x_wconf 81' lang='lat' dir='ltr'><strong><em>taujau</em></strong></span> 
     </span>
     <span class='ocr_line' id='line_1_15' title="bbox 75 1529 1721 1608; baseline -0.003 -18"><span class='ocrx_word' id='word_1_186' title='bbox 75 1535 128 1591; x_wconf 86' lang='lat' dir='ltr'><strong><em>det</em></strong></span> <span class='ocrx_word' id='word_1_187' title='bbox 140 1551 214 1593; x_wconf 90' lang='lat' dir='ltr'><strong><em>nunc</em></strong></span> <span class='ocrx_word' id='word_1_188' title='bbox 225 1536 554 1608; x_wconf 87' lang='lat' dir='ltr'><strong><em>antejudiciumparatus</em></strong></span> <span class='ocrx_word' id='word_1_189' title='bbox 567 1538 734 1608; x_wconf 70' lang='lat' dir='ltr'><strong><em>reciperent</em></strong></span> <span class='ocrx_word' id='word_1_190' title='bbox 745 1536 875 1605; x_wconf 83' lang='lat' dir='ltr'><strong><em>diximus,</em></strong></span> <span class='ocrx_word' id='word_1_191' title='bbox 928 1549 1028 1590; x_wconf 85' lang='lat' dir='ltr'><strong><em>manus</em></strong></span> <span class='ocrx_word' id='word_1_192' title='bbox 1042 1532 1249 1604; x_wconf 78' lang='lat' dir='ltr'><strong><em>impositionem</em></strong></span> <span class='ocrx_word' id='word_1_193' title='bbox 1274 1541 1301 1588; x_wconf 89' lang='lat' dir='ltr'><strong><em>et</em></strong></span> <span class='ocrx_word' id='word_1_194' title='bbox 1325 1534 1493 1597; x_wconf 88' lang='lat' dir='ltr'><strong><em>unctionem,</em></strong></span> <span class='ocrx_word' id='word_1_195' title='bbox 1517 1529 1721 1601; x_wconf 71' lang='lat' dir='ltr'><strong><em>iustoiudicio,</em></strong></span> 
     </span>
     <span class='ocr_line' id='line_1_16' title="bbox 76 1622 1724 1711; baseline -0.005 -27"><span class='ocrx_word' id='word_1_196' title='bbox 76 1625 273 1685; x_wconf 75' lang='lat' dir='ltr'><strong><em>confessiones</em></strong></span> <span class='ocrx_word' id='word_1_197' title='bbox 286 1636 314 1685; x_wconf 89' lang='lat' dir='ltr'><strong><em>et</em></strong></span> <span class='ocrx_word' id='word_1_198' title='bbox 326 1629 501 1700; x_wconf 78' lang='lat' dir='ltr'><strong><em>postumius</em></strong></span> <span class='ocrx_word' id='word_1_199' title='bbox 516 1629 640 1686; x_wconf 90' lang='lat' dir='ltr'><strong><em>omnium</em></strong></span> <span class='ocrx_word' id='word_1_200' title='bbox 654 1629 808 1686; x_wconf 89' lang='lat' dir='ltr'><strong><em>bominum.</em></strong></span> <span class='ocrx_word' id='word_1_201' title='bbox 820 1628 876 1685; x_wconf 84' lang='lat' dir='ltr'><strong><em>Fo-</em></strong></span> <span class='ocrx_word' id='word_1_202' title='bbox 928 1638 976 1684; x_wconf 89' lang='lat' dir='ltr'><strong><em>tao</em></strong></span> <span class='ocrx_word' id='word_1_203' title='bbox 993 1624 1206 1711; x_wconf 66' lang='lat' dir='ltr'><strong><em>acquiescimus,</em></strong></span> <span class='ocrx_word' id='word_1_204' title='bbox 1219 1632 1250 1680; x_wconf 87' lang='lat' dir='ltr'><strong><em>ut</em></strong></span> <span class='ocrx_word' id='word_1_205' title='bbox 1262 1624 1320 1694; x_wconf 86' lang='lat' dir='ltr'><strong><em>ipsa</em></strong></span> <span class='ocrx_word' id='word_1_206' title='bbox 1336 1624 1445 1678; x_wconf 81' lang='lat' dir='ltr'><strong><em>deutero</em></strong></span> <span class='ocrx_word' id='word_1_207' title='bbox 1460 1632 1506 1677; x_wconf 88' lang='lat' dir='ltr'><strong><em>tuo</em></strong></span> <span class='ocrx_word' id='word_1_208' title='bbox 1521 1638 1620 1678; x_wconf 79' lang='lat' dir='ltr'><strong><em>nsanos</em></strong></span> <span class='ocrx_word' id='word_1_209' title='bbox 1632 1622 1724 1692; x_wconf 89' lang='lat' dir='ltr'><strong><em>gladio</em></strong></span> 
     </span>
     <span class='ocr_line' id='line_1_17' title="bbox 77 1688 1722 1792; baseline -0.004 -17"><span class='ocrx_word' id='word_1_210' title='bbox 77 1728 175 1776; x_wconf 88' lang='lat' dir='ltr'><strong><em>turum</em></strong></span> <span class='ocrx_word' id='word_1_211' title='bbox 187 1730 229 1776; x_wconf 88' lang='lat' dir='ltr'><strong><em>cst</em></strong></span> <span class='ocrx_word' id='word_1_212' title='bbox 243 1731 335 1777; x_wconf 87' lang='lat' dir='ltr'><strong><em>autem</em></strong></span> <span class='ocrx_word' id='word_1_213' title='bbox 352 1730 381 1776; x_wconf 93' lang='lat' dir='ltr'><strong><em>ut</em></strong></span> <span class='ocrx_word' id='word_1_214' title='bbox 399 1721 493 1777; x_wconf 78' lang='lat' dir='ltr'><strong><em>sedeat</em></strong></span> <span class='ocrx_word' id='word_1_215' title='bbox 509 1721 618 1778; x_wconf 88' lang='lat' dir='ltr'><strong><em>insede</em></strong></span> <span class='ocrx_word' id='word_1_216' title='bbox 642 1721 795 1792; x_wconf 77' lang='lat' dir='ltr'><strong><em>naajestatis</em></strong></span> <span class='ocrx_word' id='word_1_217' title='bbox 818 1736 877 1777; x_wconf 83' lang='lat' dir='ltr'><strong><em>suae</em></strong></span> <span class='ocrx_word' id='word_1_218' title='bbox 893 1688 913 1742; x_wconf 66' lang='grc' dir='ltr'><strong><em>Β</em></strong></span> <span class='ocrx_word' id='word_1_219' title='bbox 928 1716 1216 1789; x_wconf 70' lang='lat' dir='ltr'><strong><em>marmotiaeiudicialis</em></strong></span> <span class='ocrx_word' id='word_1_220' title='bbox 1231 1726 1348 1784; x_wconf 88' lang='lat' dir='ltr'><strong><em>armata,</em></strong></span> <span class='ocrx_word' id='word_1_221' title='bbox 1375 1716 1484 1772; x_wconf 81' lang='lat' dir='ltr'><strong><em>undem</em></strong></span> <span class='ocrx_word' id='word_1_222' title='bbox 1496 1716 1612 1771; x_wconf 75' lang='lat' dir='ltr'><strong><em>inscitior</em></strong></span> <span class='ocrx_word' id='word_1_223' title='bbox 1633 1730 1722 1771; x_wconf 84' lang='lat' dir='ltr'><strong><em>omues</em></strong></span> 
     </span>
     <span class='ocr_line' id='line_1_18' title="bbox 76 1806 1760 1885; baseline -0.003 -19"><span class='ocrx_word' id='word_1_224' title='bbox 76 1811 264 1868; x_wconf 83' lang='lat' dir='ltr'><strong><em>trementibus</em></strong></span> <span class='ocrx_word' id='word_1_225' title='bbox 276 1812 304 1867; x_wconf 90' lang='lat' dir='ltr'><strong><em>io</em></strong></span> <span class='ocrx_word' id='word_1_226' title='bbox 329 1822 477 1883; x_wconf 90' lang='lat' dir='ltr'><strong><em>conspectu</em></strong></span> <span class='ocrx_word' id='word_1_227' title='bbox 503 1813 564 1883; x_wconf 74' lang='lat' dir='ltr'><strong><em>eius</em></strong></span> <span class='ocrx_word' id='word_1_228' title='bbox 594 1813 671 1870; x_wconf 87' lang='lat' dir='ltr'><strong><em>eoelis</em></strong></span> <span class='ocrx_word' id='word_1_229' title='bbox 688 1813 877 1885; x_wconf 71' lang='lat' dir='ltr'><strong><em>coelorumque</em></strong></span> <span class='ocrx_word' id='word_1_230' title='bbox 928 1810 1148 1883; x_wconf 77' lang='lat' dir='ltr'><strong><em>guimodcrunt.</em></strong></span> <span class='ocrx_word' id='word_1_231' title='bbox 1163 1808 1310 1866; x_wconf 88' lang='lat' dir='ltr'><strong><em>Nouenim</em></strong></span> <span class='ocrx_word' id='word_1_232' title='bbox 1327 1809 1483 1865; x_wconf 89' lang='lat' dir='ltr'><strong><em>sinecausa</em></strong></span> <span class='ocrx_word' id='word_1_233' title='bbox 1498 1806 1619 1877; x_wconf 78' lang='lat' dir='ltr'><strong><em>gladium</em></strong></span> <span class='ocrx_word' id='word_1_234' title='bbox 1632 1816 1724 1876; x_wconf 87' lang='lat' dir='ltr'><strong><em>portat</em></strong></span> <span class='ocrx_word' id='word_1_235' title='bbox 1753 1826 1760 1833; x_wconf 90' lang='lat'><strong>·</strong></span> 
     </span>
     <span class='ocr_line' id='line_1_19' title="bbox 75 1899 1726 1974; baseline -0.001 -21"><span class='ocrx_word' id='word_1_236' title='bbox 75 1901 240 1958; x_wconf 71' lang='lat' dir='ltr'><strong><em>uirtutibus.</em></strong></span> <span class='ocrx_word' id='word_1_237' title='bbox 254 1902 286 1958; x_wconf 84' lang='lat' dir='ltr'><strong><em>Et</em></strong></span> <span class='ocrx_word' id='word_1_238' title='bbox 301 1911 366 1959; x_wconf 90' lang='lat' dir='ltr'><strong><em>tunc</em></strong></span> <span class='ocrx_word' id='word_1_239' title='bbox 377 1904 479 1961; x_wconf 90' lang='lat' dir='ltr'><strong><em>nullius</em></strong></span> <span class='ocrx_word' id='word_1_240' title='bbox 499 1904 669 1974; x_wconf 79' lang='lat' dir='ltr'><strong><em>penitentia,</em></strong></span> <span class='ocrx_word' id='word_1_241' title='bbox 682 1914 775 1974; x_wconf 85' lang='lat' dir='ltr'><strong><em>utpote</em></strong></span> <span class='ocrx_word' id='word_1_242' title='bbox 794 1905 877 1961; x_wconf 87' lang='lat' dir='ltr'><strong><em>nimis</em></strong></span> <span class='ocrx_word' id='word_1_243' title='bbox 928 1917 1028 1961; x_wconf 85' lang='lat' dir='ltr'><strong><em>manus</em></strong></span> <span class='ocrx_word' id='word_1_244' title='bbox 1043 1910 1091 1959; x_wconf 90' lang='lat' dir='ltr'><strong><em>tua</em></strong></span> <span class='ocrx_word' id='word_1_245' title='bbox 1106 1901 1216 1973; x_wconf 88' lang='lat' dir='ltr'><strong><em>regalis,</em></strong></span> <span class='ocrx_word' id='word_1_246' title='bbox 1232 1899 1464 1972; x_wconf 83' lang='lat' dir='ltr'><strong><em>quemadmodum</em></strong></span> <span class='ocrx_word' id='word_1_247' title='bbox 1479 1914 1535 1957; x_wconf 90' lang='lat' dir='ltr'><strong><em>nou</em></strong></span> <span class='ocrx_word' id='word_1_248' title='bbox 1552 1899 1612 1955; x_wconf 88' lang='lat' dir='ltr'><strong><em>sine</em></strong></span> <span class='ocrx_word' id='word_1_249' title='bbox 1639 1912 1726 1955; x_wconf 87' lang='lat' dir='ltr'><strong><em>causa</em></strong></span> 
     </span>
     <span class='ocr_line' id='line_1_20' title="bbox 76 1990 1723 2066; baseline -0.002 -17"><span class='ocrx_word' id='word_1_250' title='bbox 76 1992 159 2047; x_wconf 83' lang='lat' dir='ltr'><strong><em>tarda</em></strong></span> <span class='ocrx_word' id='word_1_251' title='bbox 175 1992 332 2063; x_wconf 88' lang='lat' dir='ltr'><strong><em>recipietur,</em></strong></span> <span class='ocrx_word' id='word_1_252' title='bbox 351 1994 398 2050; x_wconf 90' lang='lat' dir='ltr'><strong><em>sed</em></strong></span> <span class='ocrx_word' id='word_1_253' title='bbox 412 1994 488 2064; x_wconf 85' lang='lat' dir='ltr'><strong><em>justo</em></strong></span> <span class='ocrx_word' id='word_1_254' title='bbox 496 1994 603 2066; x_wconf 86' lang='lat' dir='ltr'><strong><em>judicio</em></strong></span> <span class='ocrx_word' id='word_1_255' title='bbox 625 1994 815 2065; x_wconf 81' lang='lat' dir='ltr'><strong><em>unusquisque</em></strong></span> <span class='ocrx_word' id='word_1_256' title='bbox 829 1995 876 2065; x_wconf 86' lang='lat' dir='ltr'><strong><em>ju·</em></strong></span> <span class='ocrx_word' id='word_1_257' title='bbox 928 1998 1049 2056; x_wconf 82' lang='lat' dir='ltr'><strong><em>chrisma</em></strong></span> <span class='ocrx_word' id='word_1_258' title='bbox 1060 2003 1088 2053; x_wconf 88' lang='lat' dir='ltr'><strong><em>et</em></strong></span> <span class='ocrx_word' id='word_1_259' title='bbox 1101 1995 1193 2051; x_wconf 89' lang='lat' dir='ltr'><strong><em>oleum</em></strong></span> <span class='ocrx_word' id='word_1_260' title='bbox 1217 2002 1354 2059; x_wconf 89' lang='lat' dir='ltr'><strong><em>sanctum,</em></strong></span> <span class='ocrx_word' id='word_1_261' title='bbox 1369 1992 1429 2047; x_wconf 83' lang='lat' dir='ltr'><strong><em>siue</em></strong></span> <span class='ocrx_word' id='word_1_262' title='bbox 1443 1991 1535 2049; x_wconf 88' lang='lat' dir='ltr'><strong><em>oleum</em></strong></span> <span class='ocrx_word' id='word_1_263' title='bbox 1549 1990 1723 2047; x_wconf 83' lang='lat' dir='ltr'><strong><em>intirmorum</em></strong></span> 
     </span>
     <span class='ocr_line' id='line_1_21' title="bbox 75 2081 1393 2161; baseline 0.002 -23"><span class='ocrx_word' id='word_1_264' title='bbox 75 2082 227 2138; x_wconf 77' lang='lat' dir='ltr'><strong><em>ditabitur.</em></strong></span> <span class='ocrx_word' id='word_1_265' title='bbox 247 2081 325 2139; x_wconf 83' lang='lat' dir='ltr'><strong><em>Tunc</em></strong></span> <span class='ocrx_word' id='word_1_266' title='bbox 338 2084 480 2155; x_wconf 86' lang='lat' dir='ltr'><strong><em>apparebit</em></strong></span> <span class='ocrx_word' id='word_1_267' title='bbox 491 2083 570 2156; x_wconf 87' lang='lat' dir='ltr'><strong><em>quasi</em></strong></span> <span class='ocrx_word' id='word_1_268' title='bbox 585 2100 632 2140; x_wconf 80' lang='lat' dir='ltr'><strong><em>reu</em></strong></span> <span class='ocrx_word' id='word_1_269' title='bbox 645 2085 732 2141; x_wconf 86' lang='lat' dir='ltr'><strong><em>iratus</em></strong></span> <span class='ocrx_word' id='word_1_270' title='bbox 753 2095 780 2141; x_wconf 88' lang='lat' dir='ltr'><strong><em>et</em></strong></span> <span class='ocrx_word' id='word_1_271' title='bbox 799 2099 877 2141; x_wconf 88' lang='lat' dir='ltr'><strong><em>com·</em></strong></span> <span class='ocrx_word' id='word_1_272' title='bbox 928 2098 1023 2148; x_wconf 67' lang='lat' dir='ltr'><strong><em>macta</em></strong></span> <span class='ocrx_word' id='word_1_273' title='bbox 1036 2104 1136 2146; x_wconf 84' lang='lat' dir='ltr'><strong><em>manus</em></strong></span> <span class='ocrx_word' id='word_1_274' title='bbox 1153 2096 1201 2144; x_wconf 87' lang='lat' dir='ltr'><strong><em>tua</em></strong></span> <span class='ocrx_word' id='word_1_275' title='bbox 1217 2085 1393 2161; x_wconf 70' lang='lat' dir='ltr'><strong><em>ponctificalis.</em></strong></span> 
     </span>
     <span class='ocr_line' id='line_1_22' title="bbox 76 2174 1724 2246; baseline 0 -17"><span class='ocrx_word' id='word_1_276' title='bbox 76 2182 176 2229; x_wconf 89' lang='lat' dir='ltr'><strong><em>motus</em></strong></span> <span class='ocrx_word' id='word_1_277' title='bbox 189 2174 309 2231; x_wconf 88' lang='lat' dir='ltr'><strong><em>inimicis</em></strong></span> <span class='ocrx_word' id='word_1_278' title='bbox 323 2174 381 2231; x_wconf 91' lang='lat' dir='ltr'><strong><em>suis</em></strong></span> <span class='ocrx_word' id='word_1_279' title='bbox 393 2175 420 2230; x_wconf 91' lang='lat' dir='ltr'><strong><em>in</em></strong></span> <span class='ocrx_word' id='word_1_280' title='bbox 429 2174 537 2245; x_wconf 85' lang='lat' dir='ltr'><strong><em>justitia</em></strong></span> <span class='ocrx_word' id='word_1_281' title='bbox 560 2176 702 2232; x_wconf 79' lang='lat' dir='ltr'><strong><em>ditissimi.</em></strong></span> <span class='ocrx_word' id='word_1_282' title='bbox 719 2174 796 2232; x_wconf 84' lang='lat' dir='ltr'><strong><em>Nune</em></strong></span> <span class='ocrx_word' id='word_1_283' title='bbox 810 2191 876 2233; x_wconf 84' lang='lat' dir='ltr'><strong><em>uero</em></strong></span> <span class='ocrx_word' id='word_1_284' title='bbox 965 2179 1068 2235; x_wconf 77' lang='lat' dir='ltr'><strong><em>Aliter:</em></strong></span> <span class='ocrx_word' id='word_1_285' title='bbox 1082 2177 1202 2246; x_wconf 83' lang='lat' dir='ltr'><strong><em>Quidam</em></strong></span> <span class='ocrx_word' id='word_1_286' title='bbox 1221 2179 1261 2234; x_wconf 89' lang='lat' dir='ltr'><strong><em>sic</em></strong></span> <span class='ocrx_word' id='word_1_287' title='bbox 1285 2175 1319 2232; x_wconf 92' lang='lat' dir='ltr'><strong><em>ad</em></strong></span> <span class='ocrx_word' id='word_1_288' title='bbox 1348 2175 1495 2233; x_wconf 82' lang='lat' dir='ltr'><strong><em>Dominum</em></strong></span> <span class='ocrx_word' id='word_1_289' title='bbox 1513 2182 1724 2240; x_wconf 84' lang='lat' dir='ltr'><strong><em>coriuertuutur,</em></strong></span> 
     </span>
     <span class='ocr_line' id='line_1_23' title="bbox 75 2265 1728 2344; baseline 0.004 -26"><span class='ocrx_word' id='word_1_290' title='bbox 75 2265 106 2319; x_wconf 92' lang='lat' dir='ltr'><strong><em>in</em></strong></span> <span class='ocrx_word' id='word_1_291' title='bbox 124 2265 309 2321; x_wconf 76' lang='lat' dir='ltr'><strong><em>misericordia</em></strong></span> <span class='ocrx_word' id='word_1_292' title='bbox 320 2265 456 2322; x_wconf 84' lang='lat' dir='ltr'><strong><em>ditissimi</em></strong></span> <span class='ocrx_word' id='word_1_293' title='bbox 473 2282 556 2339; x_wconf 86' lang='lat' dir='ltr'><strong><em>super</em></strong></span> <span class='ocrx_word' id='word_1_294' title='bbox 571 2268 701 2324; x_wconf 84' lang='lat' dir='ltr'><strong><em>tluouum</em></strong></span> <span class='ocrx_word' id='word_1_295' title='bbox 716 2269 810 2340; x_wconf 80' lang='lat' dir='ltr'><strong><em>gratiae</em></strong></span> <span class='ocrx_word' id='word_1_296' title='bbox 832 2286 876 2325; x_wconf 78' lang='lat' dir='ltr'><strong><em>se</em></strong></span> <span class='ocrx_word' id='word_1_297' title='bbox 928 2283 958 2329; x_wconf 96' lang='grc' dir='ltr'><strong><em>ιιι</em></strong></span> <span class='ocrx_word' id='word_1_298' title='bbox 969 2287 1032 2330; x_wconf 90' lang='lat' dir='ltr'><strong><em>cum</em></strong></span> <span class='ocrx_word' id='word_1_299' title='bbox 1049 2271 1164 2329; x_wconf 80' lang='lat' dir='ltr'><strong><em>Zacbaeo</em></strong></span> <span class='ocrx_word' id='word_1_300' title='bbox 1178 2282 1303 2344; x_wconf 77' lang='lat' dir='ltr'><strong><em>querant</em></strong></span> <span class='ocrx_word' id='word_1_301' title='bbox 1318 2270 1524 2334; x_wconf 81' lang='lat' dir='ltr'><strong><em>uidereiesum,</em></strong></span> <span class='ocrx_word' id='word_1_302' title='bbox 1541 2276 1569 2325; x_wconf 90' lang='lat' dir='ltr'><strong><em>et</em></strong></span> <span class='ocrx_word' id='word_1_303' title='bbox 1584 2269 1629 2338; x_wconf 92' lang='lat' dir='ltr'><strong><em>pio</em></strong></span> <span class='ocrx_word' id='word_1_304' title='bbox 1650 2267 1728 2325; x_wconf 86' lang='lat' dir='ltr'><strong><em>desi·</em></strong></span> 
     </span>
     <span class='ocr_line' id='line_1_24' title="bbox 76 2348 1724 2436; baseline 0.001 -21"><span class='ocrx_word' id='word_1_305' title='bbox 76 2361 149 2415; x_wconf 66' lang='lat' dir='ltr'><strong><em>diens</em></strong></span> <span class='ocrx_word' id='word_1_306' title='bbox 161 2375 215 2416; x_wconf 87' lang='lat' dir='ltr'><strong><em>non</em></strong></span> <span class='ocrx_word' id='word_1_307' title='bbox 226 2360 439 2428; x_wconf 84' lang='lat' dir='ltr'><strong><em>commonebitur,</em></strong></span> <span class='ocrx_word' id='word_1_308' title='bbox 455 2362 503 2418; x_wconf 89' lang='lat' dir='ltr'><strong><em>sed</em></strong></span> <span class='ocrx_word' id='word_1_309' title='bbox 528 2371 668 2433; x_wconf 82' lang='lat' dir='ltr'><strong><em>exspectat</em></strong></span> <span class='ocrx_word' id='word_1_310' title='bbox 693 2363 829 2433; x_wconf 88' lang='lat' dir='ltr'><strong><em>patienter</em></strong></span> <span class='ocrx_word' id='word_1_311' title='bbox 849 2373 876 2419; x_wconf 91' lang='lat' dir='ltr'><strong><em>et</em></strong></span> <span class='ocrx_word' id='word_1_312' title='bbox 928 2364 1005 2421; x_wconf 88' lang='lat' dir='ltr'><strong><em>derio</em></strong></span> <span class='ocrx_word' id='word_1_313' title='bbox 1018 2362 1098 2436; x_wconf 85' lang='lat' dir='ltr'><strong><em>quasi</em></strong></span> <span class='ocrx_word' id='word_1_314' title='bbox 1107 2372 1306 2436; x_wconf 83' lang='lat' dir='ltr'><strong><em>praecurrentes</em></strong></span> <span class='ocrx_word' id='word_1_315' title='bbox 1318 2365 1409 2435; x_wconf 92' lang='lat' dir='ltr'><strong><em>ipsum</em></strong></span> <span class='ocrx_word' id='word_1_316' title='bbox 1424 2348 1574 2419; x_wconf 82' lang='lat' dir='ltr'><strong><em>ascaridaut</em></strong></span> <span class='ocrx_word' id='word_1_317' title='bbox 1592 2361 1620 2416; x_wconf 89' lang='lat' dir='ltr'><strong><em>in</em></strong></span> <span class='ocrx_word' id='word_1_318' title='bbox 1639 2362 1724 2416; x_wconf 88' lang='lat' dir='ltr'><strong><em>arbo-</em></strong></span> 
     </span>
     <span class='ocr_line' id='line_1_25' title="bbox 75 2451 1724 2530; baseline 0.003 -23"><span class='ocrx_word' id='word_1_319' title='bbox 75 2452 231 2509; x_wconf 85' lang='lat' dir='ltr'><strong><em>clementec</em></strong></span> <span class='ocrx_word' id='word_1_320' title='bbox 252 2451 448 2509; x_wconf 84' lang='lat' dir='ltr'><strong><em>corrrcrsiunes</em></strong></span> <span class='ocrx_word' id='word_1_321' title='bbox 464 2462 492 2509; x_wconf 89' lang='lat' dir='ltr'><strong><em>et</em></strong></span> <span class='ocrx_word' id='word_1_322' title='bbox 520 2454 698 2525; x_wconf 77' lang='lat' dir='ltr'><strong><em>penitentias</em></strong></span> <span class='ocrx_word' id='word_1_323' title='bbox 719 2456 873 2512; x_wconf 89' lang='lat' dir='ltr'><strong><em>bominum.</em></strong></span> <span class='ocrx_word' id='word_1_324' title='bbox 928 2474 985 2514; x_wconf 88' lang='lat' dir='ltr'><strong><em>rem</em></strong></span> <span class='ocrx_word' id='word_1_325' title='bbox 997 2472 1183 2530; x_wconf 73' lang='lat' dir='ltr'><strong><em>sycomorum,</em></strong></span> <span class='ocrx_word' id='word_1_326' title='bbox 1197 2457 1345 2515; x_wconf 78' lang='lat' dir='ltr'><strong><em>arrideant</em></strong></span> <span class='ocrx_word' id='word_1_327' title='bbox 1357 2459 1433 2513; x_wconf 90' lang='lat' dir='ltr'><strong><em>illum</em></strong></span> <span class='ocrx_word' id='word_1_328' title='bbox 1446 2456 1640 2528; x_wconf 63' lang='lat' dir='ltr'><strong><em>(aremius).</em></strong></span> <span class='ocrx_word' id='word_1_329' title='bbox 1656 2455 1724 2524; x_wconf 81' lang='lat' dir='ltr'><strong><em>uui-</em></strong></span> 
     </span>
     <span class='ocr_line' id='line_1_26' title="bbox 76 2541 1722 2627; baseline 0.004 -31"><span class='ocrx_word' id='word_1_330' title='bbox 76 2541 204 2613; x_wconf 84' lang='lat' dir='ltr'><strong><em>Tempus</em></strong></span> <span class='ocrx_word' id='word_1_331' title='bbox 226 2552 376 2615; x_wconf 81' lang='lat' dir='ltr'><strong><em>utrumque</em></strong></span> <span class='ocrx_word' id='word_1_332' title='bbox 394 2544 567 2617; x_wconf 80' lang='lat' dir='ltr'><strong><em>distingueris</em></strong></span> <span class='ocrx_word' id='word_1_333' title='bbox 595 2545 743 2617; x_wconf 76' lang='lat' dir='ltr'><strong><em>Apostolus</em></strong></span> <span class='ocrx_word' id='word_1_334' title='bbox 763 2548 875 2604; x_wconf 78' lang='lat' dir='ltr'><strong><em>cuilibet</em></strong></span> <span class='ocrx_word' id='word_1_335' title='bbox 927 2550 990 2607; x_wconf 86' lang='lat' dir='ltr'><strong><em>darn</em></strong></span> <span class='ocrx_word' id='word_1_336' title='bbox 1005 2564 1070 2607; x_wconf 87' lang='lat' dir='ltr'><strong><em>uero</em></strong></span> <span class='ocrx_word' id='word_1_337' title='bbox 1084 2565 1140 2606; x_wconf 92' lang='lat' dir='ltr'><strong><em>non</em></strong></span> <span class='ocrx_word' id='word_1_338' title='bbox 1158 2559 1288 2621; x_wconf 80' lang='lat' dir='ltr'><strong><em>querunt</em></strong></span> <span class='ocrx_word' id='word_1_339' title='bbox 1299 2549 1405 2614; x_wconf 78' lang='lat' dir='ltr'><strong><em>iesum,</em></strong></span> <span class='ocrx_word' id='word_1_340' title='bbox 1419 2549 1467 2605; x_wconf 88' lang='lat' dir='ltr'><strong><em>sed</em></strong></span> <span class='ocrx_word' id='word_1_341' title='bbox 1483 2564 1547 2605; x_wconf 90' lang='lat' dir='ltr'><strong><em>eum</em></strong></span> <span class='ocrx_word' id='word_1_342' title='bbox 1563 2546 1647 2627; x_wconf 81' lang='lat' dir='ltr'><strong><em>Saule</em></strong></span> <span class='ocrx_word' id='word_1_343' title='bbox 1661 2563 1722 2618; x_wconf 88' lang='lat' dir='ltr'><strong><em>per·</em></strong></span> 
     </span>
     <span class='ocr_line' id='line_1_27' title="bbox 77 2635 1723 2713; baseline 0.004 -25"><span class='ocrx_word' id='word_1_344' title='bbox 77 2635 322 2706; x_wconf 81' lang='lat' dir='ltr'><strong><em>bominipcceauti</em></strong></span> <span class='ocrx_word' id='word_1_345' title='bbox 338 2636 393 2691; x_wconf 89' lang='lat' dir='ltr'><strong><em>ait:</em></strong></span> <span class='ocrx_word' id='word_1_346' title='bbox 415 2636 551 2710; x_wconf 79' lang='lat' dir='ltr'><strong><em>«ignoras</em></strong></span> <span class='ocrx_word' id='word_1_347' title='bbox 564 2641 696 2710; x_wconf 80' lang='lat' dir='ltr'><strong><em>quosdam</em></strong></span> <span class='ocrx_word' id='word_1_348' title='bbox 720 2641 874 2713; x_wconf 85' lang='lat' dir='ltr'><strong><em>benignitas</em></strong></span> <span class='ocrx_word' id='word_1_349' title='bbox 927 2649 1081 2712; x_wconf 74' lang='lat' dir='ltr'><strong><em>mquuntur</em></strong></span> <span class='ocrx_word' id='word_1_350' title='bbox 1099 2641 1358 2713; x_wconf 81' lang='lat' dir='ltr'><strong><em>illum,caeauper</em></strong></span> <span class='ocrx_word' id='word_1_351' title='bbox 1387 2640 1723 2713; x_wconf 75' lang='lat' dir='ltr'><strong><em>ignorantiamdumno·</em></strong></span> 
     </span>
     <span class='ocr_line' id='line_1_28' title="bbox 78 2718 1745 2806; baseline 0.002 -22"><span class='ocrx_word' id='word_1_352' title='bbox 78 2728 130 2784; x_wconf 82' lang='lat' dir='ltr'><strong><em>Dei</em></strong></span> <span class='ocrx_word' id='word_1_353' title='bbox 143 2729 178 2786; x_wconf 92' lang='lat' dir='ltr'><strong><em>ad</em></strong></span> <span class='ocrx_word' id='word_1_354' title='bbox 193 2730 383 2801; x_wconf 75' lang='lat' dir='ltr'><strong><em>penitentiam</em></strong></span> <span class='ocrx_word' id='word_1_355' title='bbox 403 2741 430 2787; x_wconf 90' lang='lat' dir='ltr'><strong><em>te</em></strong></span> <span class='ocrx_word' id='word_1_356' title='bbox 455 2731 612 2789; x_wconf 74' lang='lat' dir='ltr'><strong><em>adducitis</em></strong></span> <span class='ocrx_word' id='word_1_357' title='bbox 642 2733 683 2788; x_wconf 85' lang='grc' dir='ltr'><strong><em>Τιι</em></strong></span> <span class='ocrx_word' id='word_1_358' title='bbox 700 2753 710 2786; x_wconf 87' lang='grc' dir='ltr'><strong><em>ι</em></strong></span> <span class='ocrx_word' id='word_1_359' title='bbox 725 2743 873 2793; x_wconf 89' lang='lat' dir='ltr'><strong><em>autemse-</em></strong></span> <span class='ocrx_word' id='word_1_360' title='bbox 927 2734 1106 2806; x_wconf 81' lang='lat' dir='ltr'><strong><em>sciontqood</em></strong></span> <span class='ocrx_word' id='word_1_361' title='bbox 1133 2735 1256 2791; x_wconf 90' lang='lat' dir='ltr'><strong><em>membra</em></strong></span> <span class='ocrx_word' id='word_1_362' title='bbox 1281 2734 1384 2791; x_wconf 80' lang='lat' dir='ltr'><strong><em>Christi</em></strong></span> <span class='ocrx_word' id='word_1_363' title='bbox 1409 2734 1598 2805; x_wconf 85' lang='lat' dir='ltr'><strong><em>persequendo</em></strong></span> <span class='ocrx_word' id='word_1_364' title='bbox 1629 2718 1745 2802; x_wconf 51' lang='lat' dir='ltr'><strong><em>perse-¹</em></strong></span> 
     </span>
     <span class='ocr_line' id='line_1_29' title="bbox 76 2823 1721 2900; baseline 0.002 -23"><span class='ocrx_word' id='word_1_365' title='bbox 76 2824 202 2897; x_wconf 84' lang='lat' dir='ltr'><strong><em>cundum</em></strong></span> <span class='ocrx_word' id='word_1_366' title='bbox 226 2823 357 2880; x_wconf 90' lang='lat' dir='ltr'><strong><em>duritiam</em></strong></span> <span class='ocrx_word' id='word_1_367' title='bbox 375 2833 461 2893; x_wconf 90' lang='lat' dir='ltr'><strong><em>tuam,</em></strong></span> <span class='ocrx_word' id='word_1_368' title='bbox 485 2835 513 2881; x_wconf 86' lang='lat' dir='ltr'><strong><em>et</em></strong></span> <span class='ocrx_word' id='word_1_369' title='bbox 531 2826 706 2897; x_wconf 82' lang='lat' dir='ltr'><strong><em>impoenitens</em></strong></span> <span class='ocrx_word' id='word_1_370' title='bbox 724 2844 772 2884; x_wconf 88' lang='lat' dir='ltr'><strong><em>cur</em></strong></span> <span class='ocrx_word' id='word_1_371' title='bbox 796 2840 873 2885; x_wconf 89' lang='grc' dir='ltr'>ιιιιιιιι</span> <span class='ocrx_word' id='word_1_372' title='bbox 927 2828 1203 2900; x_wconf 78' lang='lat' dir='ltr'><strong><em>qounturchrtsunn</em></strong></span> <span class='ocrx_word' id='word_1_373' title='bbox 1219 2830 1320 2899; x_wconf 86' lang='lat' dir='ltr'><strong><em>ipsum.</em></strong></span> <span class='ocrx_word' id='word_1_374' title='bbox 1335 2828 1389 2884; x_wconf 89' lang='lat' dir='ltr'><strong><em>Pro</em></strong></span> <span class='ocrx_word' id='word_1_375' title='bbox 1403 2826 1527 2898; x_wconf 85' lang='lat' dir='ltr'><strong><em>utrisque</em></strong></span> <span class='ocrx_word' id='word_1_376' title='bbox 1547 2828 1592 2882; x_wconf 88' lang='lat' dir='ltr'><strong><em>bic</em></strong></span> <span class='ocrx_word' id='word_1_377' title='bbox 1614 2835 1721 2891; x_wconf 87' lang='lat' dir='ltr'><strong><em>oratur,</em></strong></span> 
     </span>
     <span class='ocr_line' id='line_1_30' title="bbox 77 2915 1721 2995; baseline 0.002 -25"><span class='ocrx_word' id='word_1_378' title='bbox 77 2915 252 2977; x_wconf 69' lang='lat' dir='ltr'><strong><em>thesaurizas</em></strong></span> <span class='ocrx_word' id='word_1_379' title='bbox 268 2916 316 2972; x_wconf 89' lang='lat' dir='ltr'><strong><em>tibi</em></strong></span> <span class='ocrx_word' id='word_1_380' title='bbox 330 2917 401 2974; x_wconf 87' lang='lat' dir='ltr'><strong><em>iram</em></strong></span> <span class='ocrx_word' id='word_1_381' title='bbox 419 2918 447 2974; x_wconf 90' lang='lat' dir='ltr'><strong><em>in</em></strong></span> <span class='ocrx_word' id='word_1_382' title='bbox 462 2917 508 2976; x_wconf 89' lang='lat' dir='ltr'><strong><em>die</em></strong></span> <span class='ocrx_word' id='word_1_383' title='bbox 519 2917 568 2976; x_wconf 80' lang='lat' dir='ltr'><strong><em>ire</em></strong></span> <span class='ocrx_word' id='word_1_384' title='bbox 581 2929 609 2977; x_wconf 87' lang='lat' dir='ltr'><strong><em>et</em></strong></span> <span class='ocrx_word' id='word_1_385' title='bbox 622 2921 797 2979; x_wconf 86' lang='lat' dir='ltr'><strong><em>revelationis</em></strong></span> <span class='ocrx_word' id='word_1_386' title='bbox 805 2923 873 2995; x_wconf 78' lang='lat' dir='ltr'><strong><em>justi</em></strong></span> <span class='ocrx_word' id='word_1_387' title='bbox 927 2936 991 2978; x_wconf 87' lang='lat' dir='ltr'><strong><em>curu</em></strong></span> <span class='ocrx_word' id='word_1_388' title='bbox 1005 2920 1121 2978; x_wconf 88' lang='lat' dir='ltr'><strong><em>dicitur:</em></strong></span> <span class='ocrx_word' id='word_1_389' title='bbox 1136 2918 1292 2975; x_wconf 83' lang='lat' dir='ltr'><strong><em>inueniatur</em></strong></span> <span class='ocrx_word' id='word_1_390' title='bbox 1303 2936 1398 2975; x_wconf 86' lang='lat' dir='ltr'><strong><em>suanus</em></strong></span> <span class='ocrx_word' id='word_1_391' title='bbox 1411 2929 1457 2974; x_wconf 89' lang='lat' dir='ltr'><strong><em>tuo</em></strong></span> <span class='ocrx_word' id='word_1_392' title='bbox 1468 2919 1590 2975; x_wconf 82' lang='lat' dir='ltr'><strong><em>omnibus</em></strong></span> <span class='ocrx_word' id='word_1_393' title='bbox 1604 2919 1721 2974; x_wconf 85' lang='lat' dir='ltr'><strong><em>inimicis</em></strong></span> 
     </span>
     <span class='ocr_line' id='line_1_31' title="bbox 75 3001 1722 3087; baseline 0.001 -21"><span class='ocrx_word' id='word_1_394' title='bbox 75 3009 177 3080; x_wconf 68' lang='lat' dir='ltr'><strong><em>iudici</em></strong></span> <span class='ocrx_word' id='word_1_395' title='bbox 202 3009 251 3068; x_wconf 85' lang='lat' dir='ltr'><strong><em>Dei</em></strong></span> <span class='ocrx_word' id='word_1_396' title='bbox 275 3010 410 3083; x_wconf 43' lang='lat' dir='ltr'><strong><em>(liemon,</em></strong></span> <span class='ocrx_word' id='word_1_397' title='bbox 427 3013 453 3080; x_wconf 88' lang='lat' dir='ltr'><strong><em>l,</em></strong></span> <span class='ocrx_word' id='word_1_398' title='bbox 467 3013 506 3083; x_wconf 81' lang='lat'><strong><em>5).</em></strong></span> <span class='ocrx_word' id='word_1_399' title='bbox 524 3034 533 3067; x_wconf 82' lang='lat' dir='ltr'><strong><em>r</em></strong></span> <span class='ocrx_word' id='word_1_400' title='bbox 548 3012 627 3070; x_wconf 85' lang='lat' dir='ltr'><strong><em>Nunc</em></strong></span> <span class='ocrx_word' id='word_1_401' title='bbox 648 3030 724 3087; x_wconf 88' lang='lat' dir='ltr'><strong><em>ergo,</em></strong></span> <span class='ocrx_word' id='word_1_402' title='bbox 742 3024 774 3073; x_wconf 89' lang='grc' dir='ltr'><strong><em>ιιι</em></strong></span> <span class='ocrx_word' id='word_1_403' title='bbox 797 3016 873 3087; x_wconf 73' lang='lat' dir='ltr'><strong><em>alpo-</em></strong></span> <span class='ocrx_word' id='word_1_404' title='bbox 901 3016 992 3085; x_wconf 73' lang='lat' dir='ltr'><strong><em>,tuis‚</em></strong></span> <span class='ocrx_word' id='word_1_405' title='bbox 1021 3014 1076 3070; x_wconf 87' lang='lat' dir='ltr'><strong><em>illis</em></strong></span> <span class='ocrx_word' id='word_1_406' title='bbox 1100 3001 1204 3070; x_wconf 83' lang='lat' dir='ltr'><strong><em>scilieet</em></strong></span> <span class='ocrx_word' id='word_1_407' title='bbox 1229 3015 1378 3086; x_wconf 89' lang='lat' dir='ltr'><strong><em>inquibus</em></strong></span> <span class='ocrx_word' id='word_1_408' title='bbox 1404 3014 1569 3071; x_wconf 88' lang='lat' dir='ltr'><strong><em>desiderium</em></strong></span> <span class='ocrx_word' id='word_1_409' title='bbox 1592 3013 1722 3069; x_wconf 84' lang='lat' dir='ltr'><strong><em>bonitatis</em></strong></span> 
     </span>
     <span class='ocr_line' id='line_1_32' title="bbox 78 3095 1723 3180; baseline 0.002 -21"><span class='ocrx_word' id='word_1_410' title='bbox 78 3102 170 3160; x_wconf 82' lang='lat' dir='ltr'><strong><em>stolus</em></strong></span> <span class='ocrx_word' id='word_1_411' title='bbox 184 3102 242 3160; x_wconf 78' lang='lat' dir='ltr'><strong><em>aits</em></strong></span> <span class='ocrx_word' id='word_1_412' title='bbox 259 3102 419 3176; x_wconf 86' lang='lat' dir='ltr'><strong><em>llenignitas</em></strong></span> <span class='ocrx_word' id='word_1_413' title='bbox 430 3104 478 3161; x_wconf 84' lang='lat' dir='ltr'><strong><em>Dei</em></strong></span> <span class='ocrx_word' id='word_1_414' title='bbox 494 3105 527 3162; x_wconf 91' lang='lat' dir='ltr'><strong><em>ad</em></strong></span> <span class='ocrx_word' id='word_1_415' title='bbox 541 3106 730 3177; x_wconf 79' lang='lat' dir='ltr'><strong><em>paenitentiam</em></strong></span> <span class='ocrx_word' id='word_1_416' title='bbox 745 3119 876 3178; x_wconf 88' lang='lat' dir='ltr'><strong><em>prouocat</em></strong></span> <span class='ocrx_word' id='word_1_417' title='bbox 929 3117 975 3163; x_wconf 92' lang='lat' dir='ltr'><strong><em>tua</em></strong></span> <span class='ocrx_word' id='word_1_418' title='bbox 988 3107 1170 3178; x_wconf 74' lang='lat' dir='ltr'><strong><em>praeveniente</em></strong></span> <span class='ocrx_word' id='word_1_419' title='bbox 1184 3110 1271 3180; x_wconf 87' lang='lat' dir='ltr'><strong><em>gratia</em></strong></span> <span class='ocrx_word' id='word_1_420' title='bbox 1296 3095 1474 3176; x_wconf 78' lang='lat' dir='ltr'><strong><em>suscitatum,</em></strong></span> <span class='ocrx_word' id='word_1_421' title='bbox 1487 3117 1512 3164; x_wconf 89' lang='lat' dir='ltr'><strong><em>te</em></strong></span> <span class='ocrx_word' id='word_1_422' title='bbox 1539 3108 1636 3180; x_wconf 81' lang='lat' dir='ltr'><strong><em>querit</em></strong></span> <span class='ocrx_word' id='word_1_423' title='bbox 1658 3123 1723 3164; x_wconf 90' lang='lat' dir='ltr'><strong><em>cum</em></strong></span> 
     </span>
     <span class='ocr_line' id='line_1_33' title="bbox 76 3194 1721 3280; baseline 0.001 -28"><span class='ocrx_word' id='word_1_424' title='bbox 76 3195 239 3253; x_wconf 84' lang='lat' dir='ltr'><strong><em>etaddueit.</em></strong></span> <span class='ocrx_word' id='word_1_425' title='bbox 252 3194 317 3255; x_wconf 73' lang='lat' dir='ltr'><strong><em>uec</em></strong></span> <span class='ocrx_word' id='word_1_426' title='bbox 330 3197 484 3270; x_wconf 83' lang='lat' dir='ltr'><strong><em>benignitas</em></strong></span> <span class='ocrx_word' id='word_1_427' title='bbox 494 3199 574 3271; x_wconf 81' lang='lat' dir='ltr'><strong><em>quasi</em></strong></span> <span class='ocrx_word' id='word_1_428' title='bbox 590 3214 690 3257; x_wconf 87' lang='lat' dir='ltr'><strong><em>manus</em></strong></span> <span class='ocrx_word' id='word_1_429' title='bbox 704 3201 804 3258; x_wconf 79' lang='lat' dir='ltr'><strong><em>divine</em></strong></span> <span class='ocrx_word' id='word_1_430' title='bbox 815 3217 876 3273; x_wconf 79' lang='lat' dir='ltr'><strong><em>pro</em></strong></span> <span class='ocrx_word' id='word_1_431' title='bbox 927 3199 1043 3256; x_wconf 77' lang='lat' dir='ltr'><strong><em>zacheo</em></strong></span> <span class='ocrx_word' id='word_1_432' title='bbox 1056 3197 1161 3267; x_wconf 82' lang='lat' dir='ltr'><strong><em>lesum,</em></strong></span> <span class='ocrx_word' id='word_1_433' title='bbox 1174 3200 1201 3255; x_wconf 92' lang='lat' dir='ltr'><strong><em>id</em></strong></span> <span class='ocrx_word' id='word_1_434' title='bbox 1223 3207 1266 3258; x_wconf 91' lang='lat' dir='ltr'><strong><em>est</em></strong></span> <span class='ocrx_word' id='word_1_435' title='bbox 1291 3198 1473 3265; x_wconf 78' lang='lat' dir='ltr'><strong><em>Salomonem,</em></strong></span> <span class='ocrx_word' id='word_1_436' title='bbox 1487 3200 1588 3255; x_wconf 85' lang='lat' dir='ltr'><strong><em>timeus</em></strong></span> <span class='ocrx_word' id='word_1_437' title='bbox 1610 3208 1640 3280; x_wconf 24' lang='lat' dir='ltr'><strong><em>te*</em></strong></span> <span class='ocrx_word' id='word_1_438' title='bbox 1647 3199 1721 3269; x_wconf 88' lang='lat' dir='ltr'><strong><em>judi-</em></strong></span> 
     </span>
     <span class='ocr_line' id='line_1_34' title="bbox 77 3288 1721 3364; baseline 0.002 -21"><span class='ocrx_word' id='word_1_439' title='bbox 77 3288 234 3360; x_wconf 89' lang='lat' dir='ltr'><strong><em>pitiatiouis</em></strong></span> <span class='ocrx_word' id='word_1_440' title='bbox 257 3289 339 3362; x_wconf 91' lang='lat' dir='ltr'><strong><em>plena</em></strong></span> <span class='ocrx_word' id='word_1_441' title='bbox 362 3290 593 3359; x_wconf 83' lang='lat' dir='ltr'><strong><em>medicamentis,</em></strong></span> <span class='ocrx_word' id='word_1_442' title='bbox 619 3292 699 3362; x_wconf 87' lang='lat' dir='ltr'><strong><em>plena</em></strong></span> <span class='ocrx_word' id='word_1_443' title='bbox 724 3292 873 3351; x_wconf 75' lang='lat' dir='ltr'><strong><em>salutiferis</em></strong></span> <span class='ocrx_word' id='word_1_444' title='bbox 926 3306 1001 3347; x_wconf 89' lang='lat' dir='ltr'><strong><em>cem:</em></strong></span> <span class='ocrx_word' id='word_1_445' title='bbox 1016 3290 1049 3345; x_wconf 83' lang='lat' dir='ltr'><strong><em>Et</em></strong></span> <span class='ocrx_word' id='word_1_446' title='bbox 1062 3308 1150 3347; x_wconf 88' lang='lat' dir='ltr'><strong><em>omncs</em></strong></span> <span class='ocrx_word' id='word_1_447' title='bbox 1161 3293 1207 3364; x_wconf 79' lang='lat' dir='ltr'><strong><em>oui</em></strong></span> <span class='ocrx_word' id='word_1_448' title='bbox 1217 3300 1244 3348; x_wconf 89' lang='lat' dir='ltr'><strong><em>te</em></strong></span> <span class='ocrx_word' id='word_1_449' title='bbox 1257 3293 1385 3359; x_wconf 83' lang='lat' dir='ltr'><strong><em>oderaint,</em></strong></span> <span class='ocrx_word' id='word_1_450' title='bbox 1398 3293 1445 3363; x_wconf 84' lang='lat' dir='ltr'><strong><em>qui</em></strong></span> <span class='ocrx_word' id='word_1_451' title='bbox 1465 3300 1492 3347; x_wconf 91' lang='lat' dir='ltr'><strong><em>te</em></strong></span> <span class='ocrx_word' id='word_1_452' title='bbox 1512 3306 1575 3347; x_wconf 89' lang='lat' dir='ltr'><strong><em>cum</em></strong></span> <span class='ocrx_word' id='word_1_453' title='bbox 1591 3289 1678 3347; x_wconf 85' lang='lat' dir='ltr'><strong><em>Saule</em></strong></span> <span class='ocrx_word' id='word_1_454' title='bbox 1691 3290 1721 3347; x_wconf 90' lang='lat' dir='ltr'><strong><em>lu</em></strong></span> 
     </span>
     <span class='ocr_line' id='line_1_35' title="bbox 76 3378 1722 3455; baseline 0.001 -19"><span class='ocrx_word' id='word_1_455' title='bbox 76 3378 267 3451; x_wconf 83' lang='lat' dir='ltr'><strong><em>ungnentisin</em></strong></span> <span class='ocrx_word' id='word_1_456' title='bbox 295 3379 349 3437; x_wconf 87' lang='lat' dir='ltr'><strong><em>bac</em></strong></span> <span class='ocrx_word' id='word_1_457' title='bbox 370 3396 471 3451; x_wconf 90' lang='lat' dir='ltr'><strong><em>magna</em></strong></span> <span class='ocrx_word' id='word_1_458' title='bbox 492 3381 578 3440; x_wconf 90' lang='lat' dir='ltr'><strong><em>totius</em></strong></span> <span class='ocrx_word' id='word_1_459' title='bbox 602 3385 696 3440; x_wconf 85' lang='lat' dir='ltr'><strong><em>rnondi</em></strong></span> <span class='ocrx_word' id='word_1_460' title='bbox 723 3385 875 3442; x_wconf 81' lang='lat' dir='ltr'><strong><em>infirmaria</em></strong></span> <span class='ocrx_word' id='word_1_461' title='bbox 927 3383 983 3439; x_wconf 91' lang='lat' dir='ltr'><strong><em>tuis</em></strong></span> <span class='ocrx_word' id='word_1_462' title='bbox 992 3392 1205 3455; x_wconf 85' lang='lat' dir='ltr'><strong><em>persequuntur,</em></strong></span> <span class='ocrx_word' id='word_1_463' title='bbox 1215 3383 1324 3440; x_wconf 73' lang='lat' dir='ltr'><strong><em>desero</em></strong></span> <span class='ocrx_word' id='word_1_464' title='bbox 1336 3394 1383 3439; x_wconf 89' lang='lat' dir='ltr'><strong><em>tuo</em></strong></span> <span class='ocrx_word' id='word_1_465' title='bbox 1394 3400 1468 3440; x_wconf 82' lang='lat' dir='ltr'><strong><em>uario</em></strong></span> <span class='ocrx_word' id='word_1_466' title='bbox 1478 3384 1604 3447; x_wconf 86' lang='lat' dir='ltr'><strong><em>irracniot,</em></strong></span> <span class='ocrx_word' id='word_1_467' title='bbox 1615 3383 1722 3438; x_wconf 82' lang='lat' dir='ltr'><strong><em>salubri</em></strong></span> 
     </span>
     <span class='ocr_line' id='line_1_36' title="bbox 77 3469 1724 3550; baseline 0.004 -25"><span class='ocrx_word' id='word_1_468' title='bbox 77 3469 634 3543; x_wconf 82' lang='lat' dir='ltr'><strong><em>iullrmisetaegrotantibusplena,ollert</em></strong></span> <span class='ocrx_word' id='word_1_469' title='bbox 648 3477 777 3532; x_wconf 88' lang='lat' dir='ltr'><strong><em>omnibus</em></strong></span> <span class='ocrx_word' id='word_1_470' title='bbox 799 3477 873 3550; x_wconf 89' lang='lat' dir='ltr'><strong><em>larga</em></strong></span> <span class='ocrx_word' id='word_1_471' title='bbox 927 3478 1086 3534; x_wconf 81' lang='lat' dir='ltr'><strong><em>tortitudine</em></strong></span> <span class='ocrx_word' id='word_1_472' title='bbox 1100 3478 1250 3536; x_wconf 85' lang='lat' dir='ltr'><strong><em>ostendeus</em></strong></span> <span class='ocrx_word' id='word_1_473' title='bbox 1274 3478 1338 3547; x_wconf 90' lang='lat' dir='ltr'><strong><em>illis,</em></strong></span> <span class='ocrx_word' id='word_1_474' title='bbox 1362 3479 1436 3550; x_wconf 78' lang='lat' dir='ltr'><strong><em>quud</em></strong></span> <span class='ocrx_word' id='word_1_475' title='bbox 1460 3478 1502 3534; x_wconf 90' lang='lat' dir='ltr'><strong><em>eis</em></strong></span> <span class='ocrx_word' id='word_1_476' title='bbox 1529 3478 1653 3536; x_wconf 78' lang='lat' dir='ltr'><strong><em>«duarum</em></strong></span> <span class='ocrx_word' id='word_1_477' title='bbox 1678 3486 1724 3534; x_wconf 82' lang='lat' dir='ltr'><strong><em>est</em></strong></span> 
     </span>
     <span class='ocr_line' id='line_1_37' title="bbox 78 3562 1719 3641; baseline 0.004 -24"><span class='ocrx_word' id='word_1_478' title='bbox 78 3562 192 3633; x_wconf 88' lang='lat' dir='ltr'><strong><em>pietatis</em></strong></span> <span class='ocrx_word' id='word_1_479' title='bbox 205 3563 386 3620; x_wconf 87' lang='lat' dir='ltr'><strong><em>medicamina</em></strong></span> <span class='ocrx_word' id='word_1_480' title='bbox 399 3564 551 3620; x_wconf 87' lang='lat' dir='ltr'><strong><em>secuudum</em></strong></span> <span class='ocrx_word' id='word_1_481' title='bbox 567 3566 677 3625; x_wconf 84' lang='lat' dir='ltr'><strong><em>diuitias</em></strong></span> <span class='ocrx_word' id='word_1_482' title='bbox 699 3569 793 3639; x_wconf 81' lang='lat' dir='ltr'><strong><em>gratiae</em></strong></span> <span class='ocrx_word' id='word_1_483' title='bbox 804 3570 875 3625; x_wconf 87' lang='lat' dir='ltr'><strong><em>diui-</em></strong></span> <span class='ocrx_word' id='word_1_484' title='bbox 926 3577 1022 3626; x_wconf 89' lang='lat' dir='ltr'><strong><em>eontra</em></strong></span> <span class='ocrx_word' id='word_1_485' title='bbox 1037 3587 1047 3620; x_wconf 90' lang='grc' dir='ltr'><strong><em>ι</em></strong></span> <span class='ocrx_word' id='word_1_486' title='bbox 1063 3576 1117 3624; x_wconf 82' lang='lat' dir='ltr'><strong><em>tuas</em></strong></span> <span class='ocrx_word' id='word_1_487' title='bbox 1126 3567 1241 3639; x_wconf 74' lang='lat' dir='ltr'><strong><em>justitiae</em></strong></span> <span class='ocrx_word' id='word_1_488' title='bbox 1254 3588 1264 3622; x_wconf 92' lang='grc' dir='ltr'><strong><em>ι</em></strong></span> <span class='ocrx_word' id='word_1_489' title='bbox 1278 3570 1421 3625; x_wconf 89' lang='lat' dir='ltr'><strong><em>stimulum</em></strong></span> <span class='ocrx_word' id='word_1_490' title='bbox 1438 3570 1582 3627; x_wconf 69' lang='lat' dir='ltr'><strong><em>cabitrare</em></strong></span> <span class='ocrx_word' id='word_1_491' title='bbox 1593 3569 1667 3641; x_wconf 77' lang='lat' dir='ltr'><strong><em>idat.</em></strong></span> <span class='ocrx_word' id='word_1_492' title='bbox 1680 3584 1719 3634; x_wconf 85' lang='lat' dir='ltr'><strong><em>ix,</em></strong></span> 
     </span>
     <span class='ocr_line' id='line_1_38' title="bbox 78 3654 1724 3733; baseline 0.004 -23"><span class='ocrx_word' id='word_1_493' title='bbox 78 3670 134 3722; x_wconf 84' lang='lat' dir='ltr'><strong><em>nac,</em></strong></span> <span class='ocrx_word' id='word_1_494' title='bbox 145 3670 201 3726; x_wconf 85' lang='lat' dir='ltr'><strong><em>qua</em></strong></span> <span class='ocrx_word' id='word_1_495' title='bbox 215 3654 285 3727; x_wconf 90' lang='lat' dir='ltr'><strong><em>pluit</em></strong></span> <span class='ocrx_word' id='word_1_496' title='bbox 297 3670 380 3728; x_wconf 90' lang='lat' dir='ltr'><strong><em>super</em></strong></span> <span class='ocrx_word' id='word_1_497' title='bbox 391 3657 484 3728; x_wconf 78' lang='lat' dir='ltr'><strong><em>justos</em></strong></span> <span class='ocrx_word' id='word_1_498' title='bbox 502 3668 531 3714; x_wconf 89' lang='lat' dir='ltr'><strong><em>et</em></strong></span> <span class='ocrx_word' id='word_1_499' title='bbox 553 3659 681 3722; x_wconf 86' lang='lat' dir='ltr'><strong><em>iniustos.</em></strong></span> <span class='ocrx_word' id='word_1_500' title='bbox 707 3658 784 3717; x_wconf 82' lang='lat' dir='ltr'><strong><em>llam</em></strong></span> <span class='ocrx_word' id='word_1_501' title='bbox 814 3678 873 3717; x_wconf 87' lang='lat' dir='ltr'><strong><em>ma·</em></strong></span> <span class='ocrx_word' id='word_1_502' title='bbox 927 3662 966 3733; x_wconf 77' lang='lat' dir='ltr'><strong><em>bl.</em></strong></span> <span class='ocrx_word' id='word_1_503' title='bbox 981 3679 990 3714; x_wconf 88' lang='grc' dir='ltr'><strong><em>ι</em></strong></span> <span class='ocrx_word' id='word_1_504' title='bbox 1006 3658 1035 3716; x_wconf 89' lang='lat' dir='ltr'><strong><em>Si</em></strong></span> <span class='ocrx_word' id='word_1_505' title='bbox 1046 3660 1119 3715; x_wconf 90' lang='lat' dir='ltr'><strong><em>enirn</em></strong></span> <span class='ocrx_word' id='word_1_506' title='bbox 1132 3668 1159 3715; x_wconf 90' lang='lat' dir='ltr'><strong><em>te</em></strong></span> <span class='ocrx_word' id='word_1_507' title='bbox 1171 3660 1296 3716; x_wconf 90' lang='lat' dir='ltr'><strong><em>odientes</em></strong></span> <span class='ocrx_word' id='word_1_508' title='bbox 1308 3660 1412 3719; x_wconf 88' lang='lat' dir='ltr'><strong><em>inimici</em></strong></span> <span class='ocrx_word' id='word_1_509' title='bbox 1422 3664 1462 3719; x_wconf 89' lang='lat' dir='ltr'><strong><em>toi</em></strong></span> <span class='ocrx_word' id='word_1_510' title='bbox 1474 3677 1529 3718; x_wconf 93' lang='lat' dir='ltr'><strong><em>non</em></strong></span> <span class='ocrx_word' id='word_1_511' title='bbox 1539 3671 1566 3720; x_wconf 86' lang='lat' dir='ltr'><strong><em>te</em></strong></span> <span class='ocrx_word' id='word_1_512' title='bbox 1578 3662 1724 3719; x_wconf 83' lang='lat' dir='ltr'><strong><em>inueniunt</em></strong></span> 
     </span>
     <span class='ocr_line' id='line_1_39' title="bbox 78 3746 1718 3822; baseline 0.003 -18"><span class='ocrx_word' id='word_1_513' title='bbox 78 3762 149 3804; x_wconf 86' lang='lat' dir='ltr'><strong><em>num</em></strong></span> <span class='ocrx_word' id='word_1_514' title='bbox 162 3746 325 3816; x_wconf 78' lang='lat' dir='ltr'><strong><em>penitentes</em></strong></span> <span class='ocrx_word' id='word_1_515' title='bbox 338 3756 366 3803; x_wconf 90' lang='lat' dir='ltr'><strong><em>et</em></strong></span> <span class='ocrx_word' id='word_1_516' title='bbox 377 3750 538 3806; x_wconf 77' lang='lat' dir='ltr'><strong><em>conduentes</em></strong></span> <span class='ocrx_word' id='word_1_517' title='bbox 548 3759 705 3822; x_wconf 84' lang='lat' dir='ltr'><strong><em>peccatores</em></strong></span> <span class='ocrx_word' id='word_1_518' title='bbox 720 3752 873 3816; x_wconf 83' lang='lat' dir='ltr'><strong><em>inueniunt,</em></strong></span> <span class='ocrx_word' id='word_1_519' title='bbox 927 3755 1010 3810; x_wconf 90' lang='lat' dir='ltr'><strong><em>modo</em></strong></span> <span class='ocrx_word' id='word_1_520' title='bbox 1023 3753 1184 3820; x_wconf 82' lang='lat' dir='ltr'><strong><em>salvantem,</em></strong></span> <span class='ocrx_word' id='word_1_521' title='bbox 1199 3767 1289 3822; x_wconf 82' lang='lat' dir='ltr'><strong><em>neque</em></strong></span> <span class='ocrx_word' id='word_1_522' title='bbox 1315 3752 1519 3812; x_wconf 87' lang='lat' dir='ltr'><strong><em>invenientura</em></strong></span> <span class='ocrx_word' id='word_1_523' title='bbox 1536 3764 1563 3810; x_wconf 90' lang='lat' dir='ltr'><strong><em>te</em></strong></span> <span class='ocrx_word' id='word_1_524' title='bbox 1584 3756 1718 3811; x_wconf 84' lang='lat' dir='ltr'><strong><em>salvante.</em></strong></span> 
     </span>
     <span class='ocr_line' id='line_1_40' title="bbox 78 3836 1724 3922; baseline 0.004 -29"><span class='ocrx_word' id='word_1_525' title='bbox 78 3845 109 3893; x_wconf 90' lang='lat' dir='ltr'><strong><em>et</em></strong></span> <span class='ocrx_word' id='word_1_526' title='bbox 118 3838 154 3895; x_wconf 86' lang='lat' dir='ltr'><strong><em>ab</em></strong></span> <span class='ocrx_word' id='word_1_527' title='bbox 167 3836 211 3893; x_wconf 90' lang='lat' dir='ltr'><strong><em>illa</em></strong></span> <span class='ocrx_word' id='word_1_528' title='bbox 222 3838 347 3922; x_wconf 79' lang='lat' dir='ltr'><strong><em>salubres</em></strong></span> <span class='ocrx_word' id='word_1_529' title='bbox 360 3840 510 3897; x_wconf 90' lang='lat' dir='ltr'><strong><em>medicinas</em></strong></span> <span class='ocrx_word' id='word_1_530' title='bbox 521 3843 668 3912; x_wconf 81' lang='lat' dir='ltr'><strong><em>accipiunt.</em></strong></span> <span class='ocrx_word' id='word_1_531' title='bbox 684 3841 798 3912; x_wconf 89' lang='lat' dir='ltr'><strong><em>Superbi</em></strong></span> <span class='ocrx_word' id='word_1_532' title='bbox 810 3861 875 3900; x_wconf 86' lang='lat' dir='ltr'><strong><em>vero</em></strong></span> <span class='ocrx_word' id='word_1_533' title='bbox 928 3843 1048 3899; x_wconf 82' lang='lat' dir='ltr'><strong><em>Tandem</em></strong></span> <span class='ocrx_word' id='word_1_534' title='bbox 1061 3851 1087 3897; x_wconf 87' lang='lat' dir='ltr'><strong><em>te</em></strong></span> <span class='ocrx_word' id='word_1_535' title='bbox 1102 3841 1242 3898; x_wconf 81' lang='lat' dir='ltr'><strong><em>invenient</em></strong></span> <span class='ocrx_word' id='word_1_536' title='bbox 1252 3842 1431 3912; x_wconf 84' lang='lat' dir='ltr'><strong><em>judicantem,</em></strong></span> <span class='ocrx_word' id='word_1_537' title='bbox 1446 3855 1474 3899; x_wconf 84' lang='lat' dir='ltr'><strong><em>et</em></strong></span> <span class='ocrx_word' id='word_1_538' title='bbox 1487 3854 1514 3899; x_wconf 90' lang='lat' dir='ltr'><strong><em>tu</em></strong></span> <span class='ocrx_word' id='word_1_539' title='bbox 1528 3846 1657 3915; x_wconf 85' lang='lat' dir='ltr'><strong><em>judicans</em></strong></span> <span class='ocrx_word' id='word_1_540' title='bbox 1678 3845 1724 3900; x_wconf 90' lang='lat' dir='ltr'><strong><em>in·</em></strong></span> 
     </span>
     <span class='ocr_line' id='line_1_41' title="bbox 79 3933 1721 4008; baseline 0.004 -22"><span class='ocrx_word' id='word_1_541' title='bbox 79 3940 110 3986; x_wconf 89' lang='lat' dir='ltr'><strong><em>et</em></strong></span> <span class='ocrx_word' id='word_1_542' title='bbox 123 3940 284 4004; x_wconf 87' lang='lat' dir='ltr'><strong><em>arrogantes</em></strong></span> <span class='ocrx_word' id='word_1_543' title='bbox 301 3942 457 4003; x_wconf 86' lang='lat' dir='ltr'><strong><em>peccatores</em></strong></span> <span class='ocrx_word' id='word_1_544' title='bbox 485 3935 556 3992; x_wconf 89' lang='lat' dir='ltr'><strong><em>banc</em></strong></span> <span class='ocrx_word' id='word_1_545' title='bbox 583 3951 695 3991; x_wconf 81' lang='lat' dir='ltr'><strong><em>niarium</em></strong></span> <span class='ocrx_word' id='word_1_546' title='bbox 720 3951 773 3990; x_wconf 92' lang='lat' dir='ltr'><strong><em>non</em></strong></span> <span class='ocrx_word' id='word_1_547' title='bbox 797 3937 873 3992; x_wconf 85' lang='lat' dir='ltr'><strong><em>inre·</em></strong></span> <span class='ocrx_word' id='word_1_548' title='bbox 927 3936 1021 3992; x_wconf 86' lang='lat' dir='ltr'><strong><em>venies</em></strong></span> <span class='ocrx_word' id='word_1_549' title='bbox 1035 3949 1083 3991; x_wconf 90' lang='lat' dir='ltr'><strong><em>eos</em></strong></span> <span class='ocrx_word' id='word_1_550' title='bbox 1097 3933 1281 3991; x_wconf 81' lang='lat' dir='ltr'><strong><em>cnaiuinaudo</em></strong></span> <span class='ocrx_word' id='word_1_551' title='bbox 1296 3936 1425 3992; x_wconf 77' lang='lat' dir='ltr'><strong><em>seculum</em></strong></span> <span class='ocrx_word' id='word_1_552' title='bbox 1439 3951 1489 4006; x_wconf 85' lang='lat' dir='ltr'><strong><em>per</em></strong></span> <span class='ocrx_word' id='word_1_553' title='bbox 1503 3937 1603 4008; x_wconf 85' lang='lat' dir='ltr'><strong><em>ignom.</em></strong></span> <span class='ocrx_word' id='word_1_554' title='bbox 1623 3935 1652 3992; x_wconf 92' lang='lat' dir='ltr'><strong><em>ln</em></strong></span> <span class='ocrx_word' id='word_1_555' title='bbox 1663 3952 1721 4007; x_wconf 82' lang='lat' dir='ltr'><strong><em>quo</em></strong></span> 
     </span>
     <span class='ocr_line' id='line_1_42' title="bbox 80 4023 989 4100; baseline 0.006 -22"><span class='ocrx_word' id='word_1_556' title='bbox 80 4023 174 4092; x_wconf 84' lang='lat' dir='ltr'><strong><em>uiuos,</em></strong></span> <span class='ocrx_word' id='word_1_557' title='bbox 195 4039 285 4095; x_wconf 84' lang='lat' dir='ltr'><strong><em>neque</em></strong></span> <span class='ocrx_word' id='word_1_558' title='bbox 310 4025 462 4083; x_wconf 88' lang='lat' dir='ltr'><strong><em>medicinas</em></strong></span> <span class='ocrx_word' id='word_1_559' title='bbox 494 4026 530 4082; x_wconf 88' lang='lat' dir='ltr'><strong><em>ab</em></strong></span> <span class='ocrx_word' id='word_1_560' title='bbox 554 4025 598 4084; x_wconf 92' lang='lat' dir='ltr'><strong><em>illa</em></strong></span> <span class='ocrx_word' id='word_1_561' title='bbox 626 4036 762 4096; x_wconf 79' lang='lat' dir='ltr'><strong><em>quarunt.</em></strong></span> <span class='ocrx_word' id='word_1_562' title='bbox 781 4025 876 4085; x_wconf 82' lang='lat' dir='ltr'><strong><em>Veniet</em></strong></span> <span class='ocrx_word' id='word_1_563' title='bbox 926 4029 989 4100; x_wconf 89' lang='lat' dir='ltr'><strong><em>igne</em></strong></span> 
     </span>
     <span class='ocr_line' id='line_1_43' title="bbox 83 4116 1719 4190; baseline 0.002 -21"><span class='ocrx_word' id='word_1_564' title='bbox 83 4136 95 4169; x_wconf 86' lang='grc' dir='ltr'><strong><em>ι</em></strong></span> <span class='ocrx_word' id='word_1_565' title='bbox 108 4116 170 4173; x_wconf 82' lang='lat' dir='ltr'><strong><em>dics</em></strong></span> <span class='ocrx_word' id='word_1_566' title='bbox 184 4116 241 4184; x_wconf 82' lang='lat' dir='ltr'><strong><em>irae,</em></strong></span> <span class='ocrx_word' id='word_1_567' title='bbox 262 4116 321 4175; x_wconf 85' lang='lat' dir='ltr'><strong><em>dies</em></strong></span> <span class='ocrx_word' id='word_1_568' title='bbox 341 4117 506 4175; x_wconf 79' lang='lat' dir='ltr'><strong><em>calamitatis</em></strong></span> <span class='ocrx_word' id='word_1_569' title='bbox 523 4127 551 4173; x_wconf 89' lang='lat' dir='ltr'><strong><em>et</em></strong></span> <span class='ocrx_word' id='word_1_570' title='bbox 579 4117 696 4174; x_wconf 85' lang='lat' dir='ltr'><strong><em>miseriae</em></strong></span> <span class='ocrx_word' id='word_1_571' title='bbox 710 4119 837 4190; x_wconf 75' lang='lat' dir='ltr'><strong><em>(septais.</em></strong></span> <span class='ocrx_word' id='word_1_572' title='bbox 852 4134 873 4184; x_wconf 85' lang='lat' dir='ltr'><strong><em>i,</em></strong></span> <span class='ocrx_word' id='word_1_573' title='bbox 963 4117 1047 4175; x_wconf 80' lang='lat' dir='ltr'><strong><em>Voss.</em></strong></span> <span class='ocrx_word' id='word_1_574' title='bbox 1063 4118 1107 4176; x_wconf 86' lang='lat' dir='ltr'><strong><em>lu.</em></strong></span> <span class='ocrx_word' id='word_1_575' title='bbox 1121 4118 1208 4174; x_wconf 82' lang='lat' dir='ltr'><strong><em>Panes</em></strong></span> <span class='ocrx_word' id='word_1_576' title='bbox 1218 4133 1260 4175; x_wconf 84' lang='lat' dir='ltr'><strong><em>cos</em></strong></span> <span class='ocrx_word' id='word_1_577' title='bbox 1274 4127 1303 4174; x_wconf 85' lang='lat' dir='ltr'><strong><em>ut</em></strong></span> <span class='ocrx_word' id='word_1_578' title='bbox 1319 4118 1454 4174; x_wconf 80' lang='lat' dir='ltr'><strong><em>clibanum</em></strong></span> <span class='ocrx_word' id='word_1_579' title='bbox 1478 4118 1547 4190; x_wconf 83' lang='lat' dir='ltr'><strong><em>ignis</em></strong></span> <span class='ocrx_word' id='word_1_580' title='bbox 1562 4119 1590 4172; x_wconf 89' lang='lat' dir='ltr'><strong><em>in</em></strong></span> <span class='ocrx_word' id='word_1_581' title='bbox 1605 4128 1719 4188; x_wconf 87' lang='lat' dir='ltr'><strong><em>tempore</em></strong></span> 
     </span>
     <span class='ocr_line' id='line_1_44' title="bbox 80 4206 1724 4283; baseline 0.002 -18"><span class='ocrx_word' id='word_1_582' title='bbox 80 4207 139 4281; x_wconf 73' lang='grc'><strong><em>45),</em></strong></span> <span class='ocrx_word' id='word_1_583' title='bbox 151 4226 162 4260; x_wconf 87' lang='grc' dir='ltr'><strong><em>ι</em></strong></span> <span class='ocrx_word' id='word_1_584' title='bbox 179 4206 238 4265; x_wconf 80' lang='lat' dir='ltr'><strong><em>dies</em></strong></span> <span class='ocrx_word' id='word_1_585' title='bbox 252 4224 352 4281; x_wconf 90' lang='lat' dir='ltr'><strong><em>magna</em></strong></span> <span class='ocrx_word' id='word_1_586' title='bbox 364 4216 393 4265; x_wconf 93' lang='lat' dir='ltr'><strong><em>et</em></strong></span> <span class='ocrx_word' id='word_1_587' title='bbox 405 4225 499 4266; x_wconf 89' lang='lat' dir='ltr'><strong><em>amara</em></strong></span> <span class='ocrx_word' id='word_1_588' title='bbox 511 4211 600 4278; x_wconf 85' lang='lat' dir='ltr'><strong><em>ualde,</em></strong></span> <span class='ocrx_word' id='word_1_589' title='bbox 619 4210 730 4281; x_wconf 83' lang='lat' dir='ltr'><strong><em>quaudo</em></strong></span> <span class='ocrx_word' id='word_1_590' title='bbox 745 4211 804 4267; x_wconf 83' lang='lat' dir='ltr'><strong><em>laceo</em></strong></span> <span class='ocrx_word' id='word_1_591' title='bbox 817 4226 875 4266; x_wconf 92' lang='lat' dir='ltr'><strong><em>ma·</em></strong></span> <span class='ocrx_word' id='word_1_592' title='bbox 927 4211 1014 4267; x_wconf 82' lang='lat' dir='ltr'><strong><em>uultus</em></strong></span> <span class='ocrx_word' id='word_1_593' title='bbox 1029 4213 1079 4269; x_wconf 87' lang='lat' dir='ltr'><strong><em>tui.</em></strong></span> <span class='ocrx_word' id='word_1_594' title='bbox 1094 4211 1127 4267; x_wconf 88' lang='lat' dir='ltr'><strong><em>in</em></strong></span> <span class='ocrx_word' id='word_1_595' title='bbox 1139 4220 1253 4283; x_wconf 82' lang='lat' dir='ltr'><strong><em>tempora</em></strong></span> <span class='ocrx_word' id='word_1_596' title='bbox 1264 4211 1352 4267; x_wconf 79' lang='lat' dir='ltr'><strong><em>nuituis</em></strong></span> <span class='ocrx_word' id='word_1_597' title='bbox 1368 4212 1418 4278; x_wconf 90' lang='lat' dir='ltr'><strong><em>tui,</em></strong></span> <span class='ocrx_word' id='word_1_598' title='bbox 1427 4210 1454 4267; x_wconf 88' lang='lat' dir='ltr'><strong><em>id</em></strong></span> <span class='ocrx_word' id='word_1_599' title='bbox 1477 4219 1519 4268; x_wconf 89' lang='lat' dir='ltr'><strong><em>est</em></strong></span> <span class='ocrx_word' id='word_1_600' title='bbox 1533 4211 1724 4268; x_wconf 77' lang='lat' dir='ltr'><strong><em>vultuositatis</em></strong></span> 
     </span>
     <span class='ocr_line' id='line_1_45' title="bbox 79 4301 1721 4377; baseline 0 -20"><span class='ocrx_word' id='word_1_601' title='bbox 79 4316 145 4370; x_wconf 87' lang='lat' dir='ltr'><strong><em>uus,</em></strong></span> <span class='ocrx_word' id='word_1_602' title='bbox 159 4316 221 4372; x_wconf 87' lang='lat' dir='ltr'><strong><em>quac</em></strong></span> <span class='ocrx_word' id='word_1_603' title='bbox 235 4301 318 4359; x_wconf 90' lang='lat' dir='ltr'><strong><em>modo</em></strong></span> <span class='ocrx_word' id='word_1_604' title='bbox 336 4311 379 4359; x_wconf 87' lang='lat' dir='ltr'><strong><em>est</em></strong></span> <span class='ocrx_word' id='word_1_605' title='bbox 396 4301 537 4358; x_wconf 87' lang='lat' dir='ltr'><strong><em>lenissima</em></strong></span> <span class='ocrx_word' id='word_1_606' title='bbox 552 4311 679 4359; x_wconf 87' lang='lat' dir='ltr'><strong><em>contactu</em></strong></span> <span class='ocrx_word' id='word_1_607' title='bbox 696 4303 872 4371; x_wconf 79' lang='lat' dir='ltr'><strong><em>suavissimo,</em></strong></span> <span class='ocrx_word' id='word_1_608' title='bbox 926 4314 990 4371; x_wconf 79' lang='lat' dir='ltr'><strong><em>mae,</em></strong></span> <span class='ocrx_word' id='word_1_609' title='bbox 1004 4304 1116 4377; x_wconf 88' lang='lat' dir='ltr'><strong><em>quando</em></strong></span> <span class='ocrx_word' id='word_1_610' title='bbox 1131 4304 1222 4360; x_wconf 84' lang='lat' dir='ltr'><strong><em>vultos</em></strong></span> <span class='ocrx_word' id='word_1_611' title='bbox 1234 4313 1308 4368; x_wconf 86' lang='lat' dir='ltr'><strong><em>tuus,</em></strong></span> <span class='ocrx_word' id='word_1_612' title='bbox 1323 4319 1397 4359; x_wconf 91' lang='lat' dir='ltr'><strong><em>nanc</em></strong></span> <span class='ocrx_word' id='word_1_613' title='bbox 1411 4303 1556 4373; x_wconf 86' lang='lat' dir='ltr'><strong><em>propitius,</em></strong></span> <span class='ocrx_word' id='word_1_614' title='bbox 1577 4302 1721 4373; x_wconf 87' lang='lat' dir='ltr'><strong><em>apparebit</em></strong></span> 
     </span>
     <span class='ocr_line' id='line_1_46' title="bbox 80 4393 1719 4466; baseline 0.002 -19"><span class='ocrx_word' id='word_1_615' title='bbox 80 4407 156 4448; x_wconf 87' lang='lat' dir='ltr'><strong><em>nuuc</em></strong></span> <span class='ocrx_word' id='word_1_616' title='bbox 167 4401 287 4449; x_wconf 86' lang='lat' dir='ltr'><strong><em>tractans</em></strong></span> <span class='ocrx_word' id='word_1_617' title='bbox 297 4393 411 4452; x_wconf 86' lang='lat' dir='ltr'><strong><em>uulnera</em></strong></span> <span class='ocrx_word' id='word_1_618' title='bbox 421 4401 450 4450; x_wconf 89' lang='lat' dir='ltr'><strong><em>et</em></strong></span> <span class='ocrx_word' id='word_1_619' title='bbox 460 4394 551 4450; x_wconf 91' lang='lat' dir='ltr'><strong><em>ulcera</em></strong></span> <span class='ocrx_word' id='word_1_620' title='bbox 565 4395 765 4464; x_wconf 78' lang='lat' dir='ltr'><strong><em>poenitentium,</em></strong></span> <span class='ocrx_word' id='word_1_621' title='bbox 778 4406 873 4454; x_wconf 88' lang='lat' dir='ltr'><strong><em>contra</em></strong></span> <span class='ocrx_word' id='word_1_622' title='bbox 892 4408 912 4462; x_wconf 86' lang='lat' dir='ltr'><strong><em>u</em></strong></span> <span class='ocrx_word' id='word_1_623' title='bbox 928 4399 1067 4455; x_wconf 67' lang='lat' dir='ltr'><strong><em>nocibilis.</em></strong></span> <span class='ocrx_word' id='word_1_624' title='bbox 1080 4398 1166 4454; x_wconf 82' lang='lat' dir='ltr'><strong><em>Poncs</em></strong></span> <span class='ocrx_word' id='word_1_625' title='bbox 1181 4413 1224 4453; x_wconf 86' lang='lat' dir='ltr'><strong><em>cos</em></strong></span> <span class='ocrx_word' id='word_1_626' title='bbox 1239 4406 1271 4452; x_wconf 89' lang='lat' dir='ltr'><strong><em>ut</em></strong></span> <span class='ocrx_word' id='word_1_627' title='bbox 1292 4396 1425 4452; x_wconf 85' lang='lat' dir='ltr'><strong><em>clibanum</em></strong></span> <span class='ocrx_word' id='word_1_628' title='bbox 1454 4397 1531 4466; x_wconf 84' lang='lat' dir='ltr'><strong><em>iguis,</em></strong></span> <span class='ocrx_word' id='word_1_629' title='bbox 1547 4406 1578 4452; x_wconf 86' lang='lat' dir='ltr'><strong><em>uc</em></strong></span> <span class='ocrx_word' id='word_1_630' title='bbox 1598 4395 1646 4452; x_wconf 92' lang='lat' dir='ltr'><strong><em>toti</em></strong></span> <span class='ocrx_word' id='word_1_631' title='bbox 1674 4410 1719 4450; x_wconf 83' lang='lat' dir='ltr'><strong><em>aa·</em></strong></span> 
     </span>
     <span class='ocr_line' id='line_1_47' title="bbox 80 4481 1721 4559; baseline 0.003 -23"><span class='ocrx_word' id='word_1_632' title='bbox 80 4481 287 4553; x_wconf 71' lang='lat' dir='ltr'><strong><em>impenitentes</em></strong></span> <span class='ocrx_word' id='word_1_633' title='bbox 303 4483 457 4540; x_wconf 89' lang='lat' dir='ltr'><strong><em>armabitur</em></strong></span> <span class='ocrx_word' id='word_1_634' title='bbox 477 4483 570 4555; x_wconf 82' lang='lat' dir='ltr'><strong><em>gladio</em></strong></span> <span class='ocrx_word' id='word_1_635' title='bbox 592 4486 764 4553; x_wconf 89' lang='lat' dir='ltr'><strong><em>acutissimo,</em></strong></span> <span class='ocrx_word' id='word_1_636' title='bbox 785 4487 875 4559; x_wconf 83' lang='lat' dir='ltr'><strong><em>gladio</em></strong></span> <span class='ocrx_word' id='word_1_637' title='bbox 926 4490 1203 4557; x_wconf 87' lang='lat' dir='ltr'><strong><em>deantintriusccus;</em></strong></span> <span class='ocrx_word' id='word_1_638' title='bbox 1220 4498 1302 4558; x_wconf 83' lang='lat' dir='ltr'><strong><em>atque</em></strong></span> <span class='ocrx_word' id='word_1_639' title='bbox 1317 4496 1348 4544; x_wconf 90' lang='lat' dir='ltr'><strong><em>ut</em></strong></span> <span class='ocrx_word' id='word_1_640' title='bbox 1370 4485 1453 4543; x_wconf 90' lang='lat' dir='ltr'><strong><em>etiam</em></strong></span> <span class='ocrx_word' id='word_1_641' title='bbox 1476 4488 1591 4544; x_wconf 88' lang='lat' dir='ltr'><strong><em>ardeant</em></strong></span> <span class='ocrx_word' id='word_1_642' title='bbox 1615 4487 1721 4542; x_wconf 83' lang='lat' dir='ltr'><strong><em>extrica-</em></strong></span> 
     </span>
     <span class='ocr_line' id='line_1_48' title="bbox 80 4574 1719 4650; baseline 0.001 -18"><span class='ocrx_word' id='word_1_643' title='bbox 80 4576 126 4632; x_wconf 88' lang='lat' dir='ltr'><strong><em>bis</em></strong></span> <span class='ocrx_word' id='word_1_644' title='bbox 139 4583 231 4632; x_wconf 90' lang='lat' dir='ltr'><strong><em>acuto.</em></strong></span> <span class='ocrx_word' id='word_1_645' title='bbox 251 4574 329 4633; x_wconf 89' lang='lat' dir='ltr'><strong><em>Tunc</em></strong></span> <span class='ocrx_word' id='word_1_646' title='bbox 339 4576 367 4632; x_wconf 88' lang='lat' dir='ltr'><strong><em>in</em></strong></span> <span class='ocrx_word' id='word_1_647' title='bbox 381 4576 527 4648; x_wconf 89' lang='lat' dir='ltr'><strong><em>splendore</em></strong></span> <span class='ocrx_word' id='word_1_648' title='bbox 541 4577 707 4648; x_wconf 73' lang='lat' dir='ltr'><strong><em>fulgurantis</em></strong></span> <span class='ocrx_word' id='word_1_649' title='bbox 720 4579 817 4645; x_wconf 80' lang='lat' dir='ltr'><strong><em>bastae,</em></strong></span> <span class='ocrx_word' id='word_1_650' title='bbox 829 4581 875 4650; x_wconf 83' lang='lat' dir='ltr'><strong><em>ju·</em></strong></span> <span class='ocrx_word' id='word_1_651' title='bbox 926 4598 1018 4648; x_wconf 71' lang='lat' dir='ltr'><strong><em>meos,</em></strong></span> <span class='ocrx_word' id='word_1_652' title='bbox 1033 4581 1161 4636; x_wconf 76' lang='lat' dir='ltr'><strong><em>dominus</em></strong></span> <span class='ocrx_word' id='word_1_653' title='bbox 1176 4581 1202 4634; x_wconf 90' lang='lat' dir='ltr'><strong><em>in</em></strong></span> <span class='ocrx_word' id='word_1_654' title='bbox 1212 4581 1254 4634; x_wconf 85' lang='lat' dir='ltr'><strong><em>ira</em></strong></span> <span class='ocrx_word' id='word_1_655' title='bbox 1265 4595 1315 4635; x_wconf 86' lang='lat' dir='ltr'><strong><em>suo</em></strong></span> <span class='ocrx_word' id='word_1_656' title='bbox 1336 4580 1504 4636; x_wconf 79' lang='lat' dir='ltr'><strong><em>conturbabit</em></strong></span> <span class='ocrx_word' id='word_1_657' title='bbox 1519 4596 1574 4646; x_wconf 89' lang='lat' dir='ltr'><strong><em>cos,</em></strong></span> <span class='ocrx_word' id='word_1_658' title='bbox 1593 4590 1617 4633; x_wconf 87' lang='lat' dir='ltr'><strong><em>et</em></strong></span> <span class='ocrx_word' id='word_1_659' title='bbox 1638 4579 1719 4634; x_wconf 85' lang='lat' dir='ltr'><strong><em>deae·-</em></strong></span> 
     </span>
     <span class='ocr_line' id='line_1_49' title="bbox 80 4667 1301 4744; baseline 0.003 -20"><span class='ocrx_word' id='word_1_660' title='bbox 80 4667 188 4726; x_wconf 85' lang='lat' dir='ltr'><strong><em>dicialis</em></strong></span> <span class='ocrx_word' id='word_1_661' title='bbox 203 4668 308 4726; x_wconf 88' lang='lat' dir='ltr'><strong><em>scilieet</em></strong></span> <span class='ocrx_word' id='word_1_662' title='bbox 333 4670 484 4737; x_wconf 84' lang='lat' dir='ltr'><strong><em>sententiae,</em></strong></span> <span class='ocrx_word' id='word_1_663' title='bbox 501 4685 556 4727; x_wconf 92' lang='lat' dir='ltr'><strong><em>non</em></strong></span> <span class='ocrx_word' id='word_1_664' title='bbox 577 4672 630 4726; x_wconf 90' lang='lat' dir='ltr'><strong><em>erit</em></strong></span> <span class='ocrx_word' id='word_1_665' title='bbox 653 4672 700 4742; x_wconf 85' lang='lat' dir='ltr'><strong><em>qui</em></strong></span> <span class='ocrx_word' id='word_1_666' title='bbox 729 4688 759 4729; x_wconf 88' lang='lat' dir='ltr'><strong><em>se</em></strong></span> <span class='ocrx_word' id='word_1_667' title='bbox 786 4675 874 4744; x_wconf 88' lang='lat' dir='ltr'><strong><em>possit</em></strong></span> <span class='ocrx_word' id='word_1_668' title='bbox 926 4674 996 4729; x_wconf 82' lang='lat' dir='ltr'><strong><em>rabit</em></strong></span> <span class='ocrx_word' id='word_1_669' title='bbox 1011 4670 1054 4730; x_wconf 81' lang='lat' dir='ltr'><strong><em>cos</em></strong></span> <span class='ocrx_word' id='word_1_670' title='bbox 1070 4675 1149 4744; x_wconf 75' lang='lat' dir='ltr'><strong><em>ipsuis.</em></strong></span> <span class='ocrx_word' id='word_1_671' title='bbox 1299 4673 1301 4677; x_wconf 71' lang='lat'>‘</span> 
     </span>
     <span class='ocr_line' id='line_1_50' title="bbox 80 4760 1719 4838; baseline 0.003 -22"><span class='ocrx_word' id='word_1_672' title='bbox 80 4760 261 4827; x_wconf 86' lang='lat' dir='ltr'><strong><em>abscondere,</em></strong></span> <span class='ocrx_word' id='word_1_673' title='bbox 279 4762 343 4832; x_wconf 86' lang='lat' dir='ltr'><strong><em>quia</em></strong></span> <span class='ocrx_word' id='word_1_674' title='bbox 358 4762 452 4818; x_wconf 81' lang='lat' dir='ltr'><strong><em>desua</em></strong></span> <span class='ocrx_word' id='word_1_675' title='bbox 461 4762 563 4833; x_wconf 86' lang='lat' dir='ltr'><strong><em>judicis</em></strong></span> <span class='ocrx_word' id='word_1_676' title='bbox 574 4762 738 4822; x_wconf 75' lang='lat' dir='ltr'><strong><em>viridicantis</em></strong></span> <span class='ocrx_word' id='word_1_677' title='bbox 752 4774 818 4822; x_wconf 89' lang='lat' dir='ltr'><strong><em>tunc</em></strong></span> <span class='ocrx_word' id='word_1_678' title='bbox 832 4767 874 4821; x_wconf 91' lang='lat' dir='ltr'><strong><em>in-</em></strong></span> <span class='ocrx_word' id='word_1_679' title='bbox 963 4765 1110 4823; x_wconf 89' lang='lat' dir='ltr'><strong><em>Sciendum</em></strong></span> <span class='ocrx_word' id='word_1_680' title='bbox 1125 4766 1250 4837; x_wconf 80' lang='lat' dir='ltr'><strong><em>estquod</em></strong></span> <span class='ocrx_word' id='word_1_681' title='bbox 1268 4781 1365 4823; x_wconf 86' lang='lat' dir='ltr'><strong><em>omues</em></strong></span> <span class='ocrx_word' id='word_1_682' title='bbox 1379 4766 1499 4837; x_wconf 86' lang='lat' dir='ltr'><strong><em>reprobi,</em></strong></span> <span class='ocrx_word' id='word_1_683' title='bbox 1517 4766 1564 4838; x_wconf 84' lang='lat' dir='ltr'><strong><em>qui</em></strong></span> <span class='ocrx_word' id='word_1_684' title='bbox 1578 4780 1612 4822; x_wconf 83' lang='lat' dir='ltr'><strong><em>ex</em></strong></span> <span class='ocrx_word' id='word_1_685' title='bbox 1625 4763 1719 4821; x_wconf 86' lang='lat' dir='ltr'><strong><em>animo</em></strong></span> 
     </span>
     <span class='ocr_line' id='line_1_51' title="bbox 79 4853 1717 4930; baseline 0.001 -20"><span class='ocrx_word' id='word_1_686' title='bbox 79 4853 173 4912; x_wconf 82' lang='lat' dir='ltr'><strong><em>ueniet</em></strong></span> <span class='ocrx_word' id='word_1_687' title='bbox 189 4869 297 4921; x_wconf 89' lang='lat' dir='ltr'><strong><em>omues,</em></strong></span> <span class='ocrx_word' id='word_1_688' title='bbox 312 4856 360 4925; x_wconf 87' lang='lat' dir='ltr'><strong><em>qui</em></strong></span> <span class='ocrx_word' id='word_1_689' title='bbox 375 4871 438 4911; x_wconf 89' lang='lat' dir='ltr'><strong><em>eum</em></strong></span> <span class='ocrx_word' id='word_1_690' title='bbox 456 4856 583 4924; x_wconf 85' lang='lat' dir='ltr'><strong><em>odorum,</em></strong></span> <span class='ocrx_word' id='word_1_691' title='bbox 598 4858 701 4928; x_wconf 83' lang='lat' dir='ltr'><strong><em>quique</em></strong></span> <span class='ocrx_word' id='word_1_692' title='bbox 723 4859 874 4916; x_wconf 86' lang='lat' dir='ltr'><strong><em>medicinas</em></strong></span> <span class='ocrx_word' id='word_1_693' title='bbox 926 4859 1008 4916; x_wconf 90' lang='lat' dir='ltr'><strong><em>simul</em></strong></span> <span class='ocrx_word' id='word_1_694' title='bbox 1022 4868 1050 4914; x_wconf 89' lang='lat' dir='ltr'><strong><em>et</em></strong></span> <span class='ocrx_word' id='word_1_695' title='bbox 1062 4874 1144 4913; x_wconf 88' lang='lat' dir='ltr'><strong><em>earne</em></strong></span> <span class='ocrx_word' id='word_1_696' title='bbox 1155 4869 1347 4928; x_wconf 85' lang='lat' dir='ltr'><strong><em>peccaverunt,</em></strong></span> <span class='ocrx_word' id='word_1_697' title='bbox 1363 4858 1418 4915; x_wconf 92' lang='lat' dir='ltr'><strong><em>illic</em></strong></span> <span class='ocrx_word' id='word_1_698' title='bbox 1429 4860 1457 4914; x_wconf 93' lang='lat' dir='ltr'><strong><em>in</em></strong></span> <span class='ocrx_word' id='word_1_699' title='bbox 1470 4858 1561 4914; x_wconf 84' lang='lat' dir='ltr'><strong><em>auium</em></strong></span> <span class='ocrx_word' id='word_1_700' title='bbox 1572 4858 1675 4930; x_wconf 90' lang='lat' dir='ltr'><strong><em>pariter</em></strong></span> <span class='ocrx_word' id='word_1_701' title='bbox 1690 4867 1717 4913; x_wconf 91' lang='lat' dir='ltr'><strong><em>et</em></strong></span> 
     </span>
     <span class='ocr_line' id='line_1_52' title="bbox 80 4945 1718 5019; baseline 0.002 -19"><span class='ocrx_word' id='word_1_702' title='bbox 80 4945 304 5019; x_wconf 86' lang='lat' dir='ltr'><strong><em>ipsiusrccipece</em></strong></span> <span class='ocrx_word' id='word_1_703' title='bbox 318 4949 473 5006; x_wconf 88' lang='lat' dir='ltr'><strong><em>noluerunt.</em></strong></span> <span class='ocrx_word' id='word_1_704' title='bbox 501 4947 581 5016; x_wconf 80' lang='lat' dir='ltr'><strong><em>Quod</em></strong></span> <span class='ocrx_word' id='word_1_705' title='bbox 601 4949 780 5007; x_wconf 87' lang='lat' dir='ltr'><strong><em>considerans</em></strong></span> <span class='ocrx_word' id='word_1_706' title='bbox 806 4950 874 5007; x_wconf 82' lang='lat' dir='ltr'><strong><em>Pro-</em></strong></span> <span class='ocrx_word' id='word_1_707' title='bbox 924 4964 1007 5006; x_wconf 85' lang='lat' dir='ltr'><strong><em>carne</em></strong></span> <span class='ocrx_word' id='word_1_708' title='bbox 1020 4948 1231 5005; x_wconf 81' lang='lat' dir='ltr'><strong><em>cruciabuntur.&#39;</em></strong></span> <span class='ocrx_word' id='word_1_709' title='bbox 1254 4949 1387 5005; x_wconf 84' lang='lat' dir='ltr'><strong><em>Clibanus</em></strong></span> <span class='ocrx_word' id='word_1_710' title='bbox 1410 4964 1529 5019; x_wconf 80' lang='lat' dir='ltr'><strong><em>nonique</em></strong></span> <span class='ocrx_word' id='word_1_711' title='bbox 1551 4948 1718 5004; x_wconf 85' lang='lat' dir='ltr'><strong><em>intrinsecus</em></strong></span> 
     </span>
     <span class='ocr_line' id='line_1_53' title="bbox 78 5038 1715 5113; baseline 0.001 -20"><span class='ocrx_word' id='word_1_712' title='bbox 78 5038 162 5110; x_wconf 87' lang='lat' dir='ltr'><strong><em>pheta</em></strong></span> <span class='ocrx_word' id='word_1_713' title='bbox 172 5040 338 5097; x_wconf 89' lang='lat' dir='ltr'><strong><em>nunodicit:</em></strong></span> <span class='ocrx_word' id='word_1_714' title='bbox 571 5077 576 5084; x_wconf 77' lang='lat'><strong><em>,</em></strong></span> <span class='ocrx_word' id='word_1_715' title='bbox 925 5040 1022 5109; x_wconf 61' lang='lat' dir='ltr'><strong><em>arden</em></strong></span> <span class='ocrx_word' id='word_1_716' title='bbox 1039 5042 1062 5097; x_wconf 91' lang='lat' dir='ltr'><strong><em>is</em></strong></span> <span class='ocrx_word' id='word_1_717' title='bbox 1079 5055 1153 5108; x_wconf 83' lang='lat' dir='ltr'><strong><em>uero,</em></strong></span> <span class='ocrx_word' id='word_1_718' title='bbox 1166 5042 1212 5113; x_wconf 83' lang='lat' dir='ltr'><strong><em>qui</em></strong></span> <span class='ocrx_word' id='word_1_719' title='bbox 1227 5044 1263 5099; x_wconf 87' lang='lat' dir='ltr'><strong><em>ab</em></strong></span> <span class='ocrx_word' id='word_1_720' title='bbox 1276 5043 1335 5113; x_wconf 83' lang='lat' dir='ltr'><strong><em>igne</em></strong></span> <span class='ocrx_word' id='word_1_721' title='bbox 1348 5043 1506 5106; x_wconf 82' lang='lat' dir='ltr'><strong><em>devoratur,</em></strong></span> <span class='ocrx_word' id='word_1_722' title='bbox 1520 5042 1555 5097; x_wconf 92' lang='lat' dir='ltr'><strong><em>ab</em></strong></span> <span class='ocrx_word' id='word_1_723' title='bbox 1584 5040 1715 5097; x_wconf 74' lang='lat' dir='ltr'><strong><em>catenosi</em></strong></span> 
     </span>
     <span class='ocr_line' id='line_1_54' title="bbox 116 5129 1716 5208; baseline -0.001 -21"><span class='ocrx_word' id='word_1_724' title='bbox 116 5129 202 5188; x_wconf 75' lang='lat' dir='ltr'><strong><em>Vsus.</em></strong></span> <span class='ocrx_word' id='word_1_725' title='bbox 217 5133 244 5189; x_wconf 84' lang='lat'><strong><em>9.</em></strong></span> <span class='ocrx_word' id='word_1_726' title='bbox 262 5132 419 5190; x_wconf 74' lang='lat' dir='ltr'><strong><em>istumistun</em></strong></span> <span class='ocrx_word' id='word_1_727' title='bbox 433 5152 526 5191; x_wconf 86' lang='lat' dir='ltr'><strong><em>monus</em></strong></span> <span class='ocrx_word' id='word_1_728' title='bbox 541 5147 589 5191; x_wconf 87' lang='lat' dir='ltr'><strong><em>tuo</em></strong></span> <span class='ocrx_word' id='word_1_729' title='bbox 610 5139 732 5193; x_wconf 85' lang='lat' dir='ltr'><strong><em>omnibus</em></strong></span> <span class='ocrx_word' id='word_1_730' title='bbox 756 5137 872 5192; x_wconf 87' lang='lat' dir='ltr'><strong><em>inimicis</em></strong></span> <span class='ocrx_word' id='word_1_731' title='bbox 925 5134 1021 5206; x_wconf 86' lang='lat' dir='ltr'><strong><em>incipit</em></strong></span> <span class='ocrx_word' id='word_1_732' title='bbox 1030 5144 1107 5205; x_wconf 88' lang='lat' dir='ltr'><strong><em>parte</em></strong></span> <span class='ocrx_word' id='word_1_733' title='bbox 1118 5137 1298 5193; x_wconf 82' lang='lat' dir='ltr'><strong><em>concremari.</em></strong></span> <span class='ocrx_word' id='word_1_734' title='bbox 1311 5135 1347 5193; x_wconf 90' lang='lat' dir='ltr'><strong><em>Ut</em></strong></span> <span class='ocrx_word' id='word_1_735' title='bbox 1356 5152 1422 5208; x_wconf 88' lang='lat' dir='ltr'><strong><em>crgo</em></strong></span> <span class='ocrx_word' id='word_1_736' title='bbox 1436 5151 1513 5192; x_wconf 89' lang='lat' dir='ltr'><strong><em>sacra</em></strong></span> <span class='ocrx_word' id='word_1_737' title='bbox 1539 5133 1648 5205; x_wconf 83' lang='lat' dir='ltr'><strong><em>eloquia</em></strong></span> <span class='ocrx_word' id='word_1_738' title='bbox 1671 5147 1716 5187; x_wconf 88' lang='lat' dir='ltr'><strong><em>ar-</em></strong></span> 
     </span>
     <span class='ocr_line' id='line_1_55' title="bbox 80 5224 1714 5299; baseline 0 -23"><span class='ocrx_word' id='word_1_739' title='bbox 80 5224 279 5281; x_wconf 64' lang='lat' dir='ltr'><strong><em>scindentem</em></strong></span> <span class='ocrx_word' id='word_1_740' title='bbox 294 5234 341 5281; x_wconf 87' lang='lat' dir='ltr'><strong><em>tau</em></strong></span> <span class='ocrx_word' id='word_1_741' title='bbox 355 5226 566 5283; x_wconf 84' lang='lat' dir='ltr'><strong><em>inueniatomrus</em></strong></span> <span class='ocrx_word' id='word_1_742' title='bbox 588 5229 634 5299; x_wconf 82' lang='lat' dir='ltr'><strong><em>qai</em></strong></span> <span class='ocrx_word' id='word_1_743' title='bbox 649 5239 674 5283; x_wconf 86' lang='lat' dir='ltr'><strong><em>tc</em></strong></span> <span class='ocrx_word' id='word_1_744' title='bbox 683 5228 805 5284; x_wconf 84' lang='lat' dir='ltr'><strong><em>oderunt.</em></strong></span> <span class='ocrx_word' id='word_1_745' title='bbox 817 5226 874 5284; x_wconf 90' lang='lat' dir='ltr'><strong><em>Nos</em></strong></span> <span class='ocrx_word' id='word_1_746' title='bbox 924 5227 990 5284; x_wconf 86' lang='lat' dir='ltr'><strong><em>deae</em></strong></span> <span class='ocrx_word' id='word_1_747' title='bbox 1002 5235 1029 5284; x_wconf 90' lang='lat' dir='ltr'><strong><em>et</em></strong></span> <span class='ocrx_word' id='word_1_748' title='bbox 1038 5228 1158 5285; x_wconf 74' lang='lat' dir='ltr'><strong><em>catenus</em></strong></span> <span class='ocrx_word' id='word_1_749' title='bbox 1170 5237 1198 5285; x_wconf 90' lang='lat' dir='ltr'><strong><em>et</em></strong></span> <span class='ocrx_word' id='word_1_750' title='bbox 1211 5228 1327 5285; x_wconf 86' lang='lat' dir='ltr'><strong><em>interius</em></strong></span> <span class='ocrx_word' id='word_1_751' title='bbox 1339 5228 1470 5299; x_wconf 84' lang='lat' dir='ltr'><strong><em>reprobos</em></strong></span> <span class='ocrx_word' id='word_1_752' title='bbox 1483 5228 1714 5290; x_wconf 80' lang='lat' dir='ltr'><strong><em>demonstrarent,</em></strong></span> 
     </span>
     <span class='ocr_line' id='line_1_56' title="bbox 81 5315 1714 5393; baseline -0.001 -21"><span class='ocrx_word' id='word_1_753' title='bbox 81 5331 194 5390; x_wconf 84' lang='lat' dir='ltr'><strong><em>quoque</em></strong></span> <span class='ocrx_word' id='word_1_754' title='bbox 210 5335 274 5375; x_wconf 87' lang='lat' dir='ltr'><strong><em>cum</em></strong></span> <span class='ocrx_word' id='word_1_755' title='bbox 301 5318 437 5390; x_wconf 85' lang='lat' dir='ltr'><strong><em>Propheta</em></strong></span> <span class='ocrx_word' id='word_1_756' title='bbox 465 5330 493 5376; x_wconf 88' lang='lat' dir='ltr'><strong><em>et</em></strong></span> <span class='ocrx_word' id='word_1_757' title='bbox 514 5319 660 5377; x_wconf 88' lang='lat' dir='ltr'><strong><em>Psalmista</em></strong></span> <span class='ocrx_word' id='word_1_758' title='bbox 686 5320 827 5390; x_wconf 89' lang='lat' dir='ltr'><strong><em>psallendo</em></strong></span> <span class='ocrx_word' id='word_1_759' title='bbox 838 5336 873 5375; x_wconf 82' lang='lat' dir='ltr'><strong><em>ex</em></strong></span> <span class='ocrx_word' id='word_1_760' title='bbox 925 5334 973 5377; x_wconf 86' lang='lat' dir='ltr'><strong><em>eos</em></strong></span> <span class='ocrx_word' id='word_1_761' title='bbox 985 5329 1013 5376; x_wconf 90' lang='lat' dir='ltr'><strong><em>et</em></strong></span> <span class='ocrx_word' id='word_1_762' title='bbox 1035 5320 1071 5377; x_wconf 89' lang='lat' dir='ltr'><strong><em>ab</em></strong></span> <span class='ocrx_word' id='word_1_763' title='bbox 1081 5322 1145 5393; x_wconf 90' lang='lat' dir='ltr'><strong><em>igne</em></strong></span> <span class='ocrx_word' id='word_1_764' title='bbox 1154 5321 1292 5389; x_wconf 85' lang='lat' dir='ltr'><strong><em>deuorari,</em></strong></span> <span class='ocrx_word' id='word_1_765' title='bbox 1302 5329 1329 5377; x_wconf 88' lang='lat' dir='ltr'><strong><em>et</em></strong></span> <span class='ocrx_word' id='word_1_766' title='bbox 1342 5322 1414 5378; x_wconf 90' lang='lat' dir='ltr'><strong><em>sicut</em></strong></span> <span class='ocrx_word' id='word_1_767' title='bbox 1427 5319 1566 5375; x_wconf 87' lang='lat' dir='ltr'><strong><em>clibanum</em></strong></span> <span class='ocrx_word' id='word_1_768' title='bbox 1591 5315 1655 5388; x_wconf 92' lang='lat' dir='ltr'><strong><em>poni</em></strong></span> <span class='ocrx_word' id='word_1_769' title='bbox 1672 5324 1714 5371; x_wconf 89' lang='lat' dir='ltr'><strong><em>te·</em></strong></span> 
     </span>
     <span class='ocr_line' id='line_1_57' title="bbox 81 5409 1716 5485; baseline -0.002 -19"><span class='ocrx_word' id='word_1_770' title='bbox 81 5409 202 5466; x_wconf 87' lang='lat' dir='ltr'><strong><em>medulla</em></strong></span> <span class='ocrx_word' id='word_1_771' title='bbox 213 5411 304 5468; x_wconf 87' lang='lat' dir='ltr'><strong><em>cordis</em></strong></span> <span class='ocrx_word' id='word_1_772' title='bbox 317 5412 459 5468; x_wconf 89' lang='lat' dir='ltr'><strong><em>dicamus:</em></strong></span> <span class='ocrx_word' id='word_1_773' title='bbox 473 5413 497 5468; x_wconf 88' lang='lat' dir='ltr'><strong><em>ll</em></strong></span> <span class='ocrx_word' id='word_1_774' title='bbox 509 5411 564 5468; x_wconf 82' lang='lat' dir='ltr'><strong><em>ilex</em></strong></span> <span class='ocrx_word' id='word_1_775' title='bbox 580 5414 723 5480; x_wconf 85' lang='lat' dir='ltr'><strong><em>altissime,</em></strong></span> <span class='ocrx_word' id='word_1_776' title='bbox 736 5413 783 5483; x_wconf 85' lang='lat' dir='ltr'><strong><em>qui</em></strong></span> <span class='ocrx_word' id='word_1_777' title='bbox 800 5428 872 5469; x_wconf 90' lang='lat' dir='ltr'><strong><em>nunc</em></strong></span> <span class='ocrx_word' id='word_1_778' title='bbox 924 5420 1042 5480; x_wconf 76' lang='lat' dir='ltr'><strong><em>mantua,</em></strong></span> <span class='ocrx_word' id='word_1_779' title='bbox 1056 5422 1087 5469; x_wconf 92' lang='grc' dir='ltr'><strong><em>ιιι</em></strong></span> <span class='ocrx_word' id='word_1_780' title='bbox 1101 5428 1149 5483; x_wconf 90' lang='lat' dir='ltr'><strong><em>par</em></strong></span> <span class='ocrx_word' id='word_1_781' title='bbox 1167 5414 1256 5485; x_wconf 90' lang='lat' dir='ltr'><strong><em>iguem</em></strong></span> <span class='ocrx_word' id='word_1_782' title='bbox 1272 5413 1429 5469; x_wconf 86' lang='lat' dir='ltr'><strong><em>crucientur</em></strong></span> <span class='ocrx_word' id='word_1_783' title='bbox 1441 5411 1467 5466; x_wconf 92' lang='lat' dir='ltr'><strong><em>in</em></strong></span> <span class='ocrx_word' id='word_1_784' title='bbox 1482 5425 1607 5482; x_wconf 88' lang='lat' dir='ltr'><strong><em>corpore,</em></strong></span> <span class='ocrx_word' id='word_1_785' title='bbox 1623 5416 1652 5463; x_wconf 90' lang='lat' dir='ltr'><strong><em>et</em></strong></span> <span class='ocrx_word' id='word_1_786' title='bbox 1667 5423 1716 5478; x_wconf 87' lang='lat' dir='ltr'><strong><em>per</em></strong></span> 
     </span>
     <span class='ocr_line' id='line_1_58' title="bbox 81 5499 1714 5575; baseline 0.001 -21"><span class='ocrx_word' id='word_1_787' title='bbox 81 5499 112 5554; x_wconf 91' lang='lat' dir='ltr'><strong><em>io</em></strong></span> <span class='ocrx_word' id='word_1_788' title='bbox 131 5499 319 5558; x_wconf 88' lang='lat' dir='ltr'><strong><em>misericordia</em></strong></span> <span class='ocrx_word' id='word_1_789' title='bbox 335 5516 390 5558; x_wconf 90' lang='lat' dir='ltr'><strong><em>non</em></strong></span> <span class='ocrx_word' id='word_1_790' title='bbox 406 5503 600 5572; x_wconf 81' lang='lat' dir='ltr'><strong><em>commoveris,</em></strong></span> <span class='ocrx_word' id='word_1_791' title='bbox 612 5504 660 5575; x_wconf 85' lang='lat' dir='ltr'><strong><em>qui</em></strong></span> <span class='ocrx_word' id='word_1_792' title='bbox 684 5519 758 5560; x_wconf 90' lang='lat' dir='ltr'><strong><em>nune</em></strong></span> <span class='ocrx_word' id='word_1_793' title='bbox 781 5504 872 5559; x_wconf 90' lang='lat' dir='ltr'><strong><em>omni·</em></strong></span> <span class='ocrx_word' id='word_1_794' title='bbox 924 5505 1047 5561; x_wconf 85' lang='lat' dir='ltr'><strong><em>dolorem</em></strong></span> <span class='ocrx_word' id='word_1_795' title='bbox 1062 5505 1177 5560; x_wconf 90' lang='lat' dir='ltr'><strong><em>ardeant</em></strong></span> <span class='ocrx_word' id='word_1_796' title='bbox 1189 5506 1215 5558; x_wconf 90' lang='lat' dir='ltr'><strong><em>in</em></strong></span> <span class='ocrx_word' id='word_1_797' title='bbox 1228 5515 1327 5561; x_wconf 84' lang='lat' dir='ltr'><strong><em>merite.</em></strong></span> <span class='ocrx_word' id='word_1_798' title='bbox 1346 5504 1378 5558; x_wconf 89' lang='lat' dir='ltr'><strong><em>in</em></strong></span> <span class='ocrx_word' id='word_1_799' title='bbox 1396 5511 1510 5573; x_wconf 79' lang='lat' dir='ltr'><strong><em>tempore</em></strong></span> <span class='ocrx_word' id='word_1_800' title='bbox 1523 5501 1615 5572; x_wconf 85' lang='lat' dir='ltr'><strong><em>itaque</em></strong></span> <span class='ocrx_word' id='word_1_801' title='bbox 1626 5499 1714 5555; x_wconf 85' lang='lat' dir='ltr'><strong><em>uultus</em></strong></span> 
     </span>
     <span class='ocr_line' id='line_1_59' title="bbox 83 5593 1717 5665; baseline -0.001 -17"><span class='ocrx_word' id='word_1_802' title='bbox 83 5593 136 5649; x_wconf 84' lang='lat' dir='ltr'><strong><em>bus</em></strong></span> <span class='ocrx_word' id='word_1_803' title='bbox 152 5593 317 5649; x_wconf 84' lang='lat' dir='ltr'><strong><em>medicinam</em></strong></span> <span class='ocrx_word' id='word_1_804' title='bbox 331 5595 459 5665; x_wconf 84' lang='lat' dir='ltr'><strong><em>porrigis,</em></strong></span> <span class='ocrx_word' id='word_1_805' title='bbox 476 5604 506 5648; x_wconf 89' lang='lat' dir='ltr'><strong><em>ut</em></strong></span> <span class='ocrx_word' id='word_1_806' title='bbox 530 5596 679 5651; x_wconf 86' lang='lat' dir='ltr'><strong><em>inucrriotur</em></strong></span> <span class='ocrx_word' id='word_1_807' title='bbox 709 5611 802 5651; x_wconf 82' lang='lat' dir='ltr'><strong><em>morsus</em></strong></span> <span class='ocrx_word' id='word_1_808' title='bbox 827 5606 873 5650; x_wconf 89' lang='lat' dir='ltr'><strong><em>tuo</em></strong></span> <span class='ocrx_word' id='word_1_809' title='bbox 925 5594 1033 5651; x_wconf 85' lang='lat' dir='ltr'><strong><em>Domini</em></strong></span> <span class='ocrx_word' id='word_1_810' title='bbox 1050 5595 1143 5665; x_wconf 80' lang='lat' dir='ltr'><strong><em>injurati</em></strong></span> <span class='ocrx_word' id='word_1_811' title='bbox 1160 5611 1256 5651; x_wconf 75' lang='lat' dir='ltr'><strong><em>omnies</em></strong></span> <span class='ocrx_word' id='word_1_812' title='bbox 1273 5605 1299 5650; x_wconf 84' lang='lat' dir='ltr'><strong><em>et</em></strong></span> <span class='ocrx_word' id='word_1_813' title='bbox 1312 5605 1343 5651; x_wconf 88' lang='lat' dir='ltr'><strong><em>ot</em></strong></span> <span class='ocrx_word' id='word_1_814' title='bbox 1363 5595 1488 5651; x_wconf 87' lang='lat' dir='ltr'><strong><em>clibanos</em></strong></span> <span class='ocrx_word' id='word_1_815' title='bbox 1515 5601 1664 5665; x_wconf 88' lang='lat' dir='ltr'><strong><em>ponuntur,</em></strong></span> <span class='ocrx_word' id='word_1_816' title='bbox 1688 5599 1717 5650; x_wconf 82' lang='lat' dir='ltr'><strong><em>ct</em></strong></span> 
     </span>
     <span class='ocr_line' id='line_1_60' title="bbox 83 5683 1725 5760; baseline 0 -19"><span class='ocrx_word' id='word_1_817' title='bbox 83 5687 225 5743; x_wconf 85' lang='lat' dir='ltr'><strong><em>lenissima</em></strong></span> <span class='ocrx_word' id='word_1_818' title='bbox 252 5686 371 5743; x_wconf 79' lang='lat' dir='ltr'><strong><em>ominibus</em></strong></span> <span class='ocrx_word' id='word_1_819' title='bbox 401 5687 517 5744; x_wconf 87' lang='lat' dir='ltr'><strong><em>inimicis</em></strong></span> <span class='ocrx_word' id='word_1_820' title='bbox 544 5689 607 5757; x_wconf 89' lang='lat' dir='ltr'><strong><em>tuis,</em></strong></span> <span class='ocrx_word' id='word_1_821' title='bbox 638 5697 669 5743; x_wconf 89' lang='lat' dir='ltr'><strong><em>ut</em></strong></span> <span class='ocrx_word' id='word_1_822' title='bbox 694 5703 728 5743; x_wconf 81' lang='lat' dir='ltr'><strong><em>ex</em></strong></span> <span class='ocrx_word' id='word_1_823' title='bbox 752 5687 872 5745; x_wconf 88' lang='lat' dir='ltr'><strong><em>inimicis</em></strong></span> <span class='ocrx_word' id='word_1_824' title='bbox 925 5689 960 5744; x_wconf 90' lang='lat' dir='ltr'><strong><em>ab</em></strong></span> <span class='ocrx_word' id='word_1_825' title='bbox 975 5686 1036 5760; x_wconf 89' lang='lat' dir='ltr'><strong><em>igne</em></strong></span> <span class='ocrx_word' id='word_1_826' title='bbox 1049 5683 1230 5754; x_wconf 64' lang='lat' dir='ltr'><strong><em>decorantem</em></strong></span> <span class='ocrx_word' id='word_1_827' title='bbox 1249 5687 1312 5758; x_wconf 82' lang='lat' dir='ltr'><strong><em>quala</em></strong></span> <span class='ocrx_word' id='word_1_828' title='bbox 1338 5696 1484 5758; x_wconf 87' lang='lat' dir='ltr'><strong><em>apparente</em></strong></span> <span class='ocrx_word' id='word_1_829' title='bbox 1503 5686 1725 5758; x_wconf 68' lang='lat' dir='ltr'><strong><em>iudicecuma·</em></strong></span> 
     </span>
    </p>
   </div>
   <div class='ocr_carea' id='block_1_3' title="bbox 0 0 1915 6000">
    <p class='ocr_par' dir='ltr' id='par_1_3' title="bbox 0 0 1915 6000">
     <span class='ocr_line' id='line_1_61' title="bbox 0 0 1915 6000; baseline 0 0"><span class='ocrx_word' id='word_1_830' title='bbox 0 0 1915 6000; x_wconf 95' lang='lat' dir='ltr'><strong><em> </em></strong></span> 
     </span>
    </p>
   </div>
  </div>
 </body>
</html>
