3817 6000
103 218 160 277 519
680 220 946 284 buccunianum
965 218 1003 273 ἶ-
1021 229 1088 288 utu.
1108 231 1179 291 xiii.
1700 245 1755 305 890

103 336 152 392 tia
163 335 193 391 iu
205 327 399 406 judicio'rclut
412 334 440 391 in
454 341 550 393 astam
558 335 699 404 claruerit,
710 340 847 397 mendicat
861 341 904 397 ri·
919 351 941 411 A
955 344 1107 414 reducitur,
1116 356 1148 402 ut
1157 354 1262 415 sancta,
1283 347 1341 421 jaro
1354 365 1418 408 curn
1430 366 1511 429 agere
1523 369 1578 411 non
1592 354 1675 425 valet,
1691 374 1755 417 sen·

103 438 176 498 um,
189 430 306 486 sednon
320 429 431 502 achpit,
452 427 642 502 quiapropter
657 428 730 483 illam
745 429 817 487 bona
841 446 907 503 ope-
958 435 1018 505 tiat,
1031 447 1060 494 et
1071 447 1176 497 rectum
1188 443 1262 512 quud
1275 448 1352 516 sequi
1373 446 1467 502 debuit
1486 463 1519 504 ex
1534 452 1684 520 torpedinis
1696 469 1755 511 suae

102 523 163 579 rari
182 522 357 594 contempsit.
958 544 1037 599 poeutt
1051 541 1208 603 cognuscat.
1223 532 1301 591 Unde
1311 537 1381 595 bene
1395 553 1444 609 pcr
1453 540 1614 611 propbetanr
1629 542 1751 602 dicitur:

243 613 250 621 '
395 609 512 669 CAPUT
524 608 619 667 xliii.
959 619 1094 694 congrega
1108 641 1154 699 eos
1175 628 1254 698 guasi
1270 644 1372 700 gregem
1387 629 1423 683 ou
1450 631 1596 700 uictiruuur,
1611 644 1635 690 et
1650 638 1754 692 curreti-

434 720 468 759 ns
488 718 581 758 ursus.
957 711 1009 782 fica
1035 730 1078 767 eos
1103 716 1131 770 in
1149 717 1192 770 die
1208 719 1349 775 occisionis
1365 719 1433 790 (ier.
1450 738 1499 789 ru,
1518 724 1557 795 5).
1581 725 1608 779 ln
1623 727 1667 783 dic
1679 730 1753 785 enirn

148 795 232 869 (751)
258 794 364 852 lliemrs
383 795 495 851 nomine
520 794 574 849 uita
590 808 712 864 praesens
735 794 905 867 designatur,
957 802 1105 859 occisionis
1129 808 1335 865 sanctificantur
1350 812 1467 882 reprobi,
1481 815 1544 884 quia
1567 826 1632 872 turne
1656 827 1751 877 sancta

104 889 178 946 sicul
189 904 241 961 per
254 887 316 944 Elii!
331 889 365 945 de
376 887 492 943 θθῐῦῑῆθ
504 887 606 944 dicim?
620 905 627 942 ἒ
642 887 694 953 0¹²5
704 888 829 958 lifst’oel’i'i
840 888 905 956 ”ivis
956 908 1018 964 quae
1028 894 1179 952 debuerant
1189 914 1269 970 agere
1290 902 1422 971 sentiunt,
1439 919 1502 959 cum
1517 906 1598 977 digua
1610 910 1752 977 prauitatis

103 982 292 1038 atdcscerrdut
304 982 444 1037 interram
456 979 529 1053 (iub.
542 995 646 1046 xxxvtr,
659 978 698 1051 6).
728 972 832 1037 ilicinis
845 980 906 1052 plu·
957 998 1014 1040 suae
1040 987 1173 1057 supplicia
1195 989 1253 1060 Iam
1282 991 1419 1048 declicare
1443 1010 1497 1049 niun
1528 1009 1654 1066 possunt.
1681 1001 1751 1070 Quia

103 1074 169 1133 riIs.
185 1071 283 1130 Hiems
309 1071 504 1146 mquippe
525 1078 567 1128 est
582 1071 637 1127 rita
662 1086 783 1143 praesens
805 1073 832 1127 iu
851 1087 905 1143 qun
956 1081 1047 1129 autem
1059 1078 1268 1146 praedicationes
1285 1093 1387 1139 sunctae
1404 1100 1467 1140 eum
1488 1086 1544 1142 uita
1570 1094 1708 1160 praesenti,
1724 1094 1752 1150 id

103 1182 156 1221 uos
167 1164 223 1221 etsi
242 1164 300 1235 jaun
315 1179 378 1234 spes
391 1163 426 1217 ad
449 1177 567 1233 superna
587 1163 679 1235 crigit,
700 1162 790 1219 adbuc
814 1173 905 1218 tamen
955 1172 998 1219 cst
1025 1166 1126 1237 pluviae
1155 1186 1218 1225 curn
1248 1172 1339 1228 bieme
1359 1178 1517 1242 cessabunt,
1543 1189 1617 1236 recte
1640 1186 1751 1242 exeunti

102 1255 288 1311 ruortalitatis
302 1262 403 1309 nostru
423 1250 539 1325 lrigidus
555 1261 651 1325 torpor
675 1254 813 1326 astringit,
840 1256 904 1325 quia
955 1257 1142 1330 anirnaeatquc
1152 1262 1185 1316 ad
1197 1267 1397 1321 aternaaestiua
1405 1271 1560 1339 properanti
1573 1270 1672 1345 spousi
1684 1290 1752 1332 roca

102 1348 242 1419 scriptum
255 1355 320 1402 esi:
340 1344 441 1416 Corpus
470 1344 540 1416 quod
563 1347 754 1415 corrumpitur,
778 1357 904 1417 aggravat
956 1350 1227 1409 stradeutisdicitur:
1254 1353 1348 1428 Surge,
1370 1365 1603 1430 properaturum
1622 1382 1690 1434 meu,
1706 1383 1751 1422 ce·

100 1439 227 1491 citimum
236 1447 262 1491 ct
270 1435 395 1506 deprimit
407 1443 512 1489 terreno
523 1432 686 1488 inhabitatio
700 1450 806 1488 sensum
819 1435 905 1490 multu
956 1441 1047 1497 lumba
1070 1460 1140 1512 urea,
1154 1446 1272 1516 {armore
1287 1465 1356 1517 meu,
1371 1460 1397 1504 et
1416 1454 1483 1507 aerii.
1497 1452 1561 1509 dam
1574 1458 1645 1511 enim
1667 1458 1750 1517 ptem,

101 1530 269 1600 cogitantem
284 1525 362 1599 (Sap.
377 1542 416 1595 η,
439 1525 495 1596 15).
522 1523 609 1581 IIublil
621 1532 713 1579 aulem
731 1524 789 1581 baec
813 1524 902 1581 hiems
955 1537 1074 1604 transiit,
1089 1537 1172 1592 imber
1186 1539 1262 1608 odiit,
1276 1551 1300 1595 et
1318 1544 1425 1598 recessit
1443 1546 1534 1615 (Ceut.
1550 1563 1581 1614 u,
1594 1549 1650 1619 10).
1663 1548 1751 1608 'Iran-

100 1621 224 1692 plurias,
254 1627 391 1676 recturum
418 1616 514 1688 procul
537 1615 622 1673 dubio
636 1615 851 1687 praedicationes.
866 1614 906 1673 be
957 1637 1054 1682 scunte
1068 1628 1170 1700 qqupe
1189 1630 1278 1686 bieme
1295 1632 1382 1689 imber
1407 1637 1518 1701 recedit,
1531 1640 1607 1710 qrria,
1620 1655 1682 1696 eum
1694 1643 1750 1699 uita

100 1713 207 1785 quibus
219 1712 345 1768 uidelicet
358 1710 458 1782 pluviiS
472 1724 520 1780 per
533 1707 645 1781 Moysen
667 1707 766 1764 (licitur
781 1727 788 1763 ι
801 1707 904 1779 Exupe-
917 1756 940 1814 B
953 1730 1075 1785 praesens
1088 1720 1229 1792 peragitur
1256 1722 1284 1776 in
1300 1738 1354 1793 qua
1386 1739 1437 1781 nos
1454 1727 1614 1797 Ignorantia
1642 1731 1749 1799 nubilo,

100 1806 291 1860 ctecturricut
307 1802 399 1875 pluuia
423 1801 557 1873 cloquium
579 1817 677 1869 areum,
702 1811 728 1856 ct
743 1801 901 1857 descendunt
955 1806 1047 1863 caruis
1061 1811 1247 1880 corruptibsslis
1262 1820 1356 1883 torpor
1387 1817 1543 1885 strinxerat,
1559 1834 1641 1875 omne
1667 1822 1751 1878 ruini-

98 1897 172 1953 sicut
198 1913 244 1951 roc
269 1893 347 1951 ucria
361 1910 420 1949 urea
436 1892 526 1966 (Deul-
545 1908 632 1962 mli,
651 1891 691 1963 Ξ).
706 1891 754 1948 IIae
770 1892 901 1947 nimirum
955 1899 1068 1954 sterium
1091 1902 1291 1971 predicationis
1315 1917 1416 1963 cessat.
1438 1907 1548 1966 Clarius
1570 1912 1671 1982 quippe
1699 1928 1748 1984 per

97 1988 203 2059 pluviae
214 1988 298 2044 biemi
309 1994 473 2059 congruunt,
484 1994 578 2042 estate
588 1985 828 2057 cessabunt,quia,
837 2000 901 2043 cutu
955 2002 1007 2043 nos
1017 1997 1083 2046 tunc
1103 1991 1256 2051 ridebimus
1276 1995 1328 2051 boc
1342 1998 1415 2067 quod
1430 2008 1601 2069 sanctorum,
1614 2018 1687 2059 nunc
1698 2019 1749 2060 ro·

96 2099 176 2140 nunc
201 2081 356 2140 carnaIInm
381 2081 468 2138 oculis
491 2080 548 2136 rita
576 2079 698 2136 coelcstis
717 2077 897 2134 absconditur
954 2081 1033 2137 cibus
1047 2083 1192 2140 obscurius
1208 2086 1345 2144 audimus.
1371 2088 1498 2161 Praecipit
1520 2107 1587 2165 ergo
1612 2093 1747 2154 Dominus

97 2189 218 2231 neem
238 2184 282 2232 est
309 2181 340 2229 ut
361 2161 520 2230 sancturuIn
552 2172 633 2229 nobis
660 2172 901 2243 praedicationibus
954 2173 1047 2229 nister
1063 2175 1159 2232 bicinis
1173 2178 1282 2248 pluuiis,
1296 2181 1365 2236 utin
1378 2191 1479 2238 terram
1491 2184 1667 2255 descendant,
1682 2187 1750 2246 duur

98 2268 251 2340 irrogetur.
273 2265 342 2323 Cum
354 2281 419 2323 uero
432 2266 525 2323 aterni
534 2264 632 2336 judicii
654 2273 737 2321 aestus
751 2265 901 2321 incandue-
952 2267 1119 2337 aspiratione
1138 2271 1225 2325 sancti
1239 2269 1359 2342 Spiritus
1371 2289 1420 2342 pru
1435 2276 1604 2346 corrigendis
1623 2289 1749 2348 peceato-

97 2359 147 2427 rit,
166 2358 263 2415 nullus
278 2358 362 2414 rerba
376 2356 583 2429 praedicantium
597 2355 753 2412 necessaria
775 2356 899 2412 tuncba·
952 2358 1031 2413 ribus
1045 2360 1128 2418 corda
1143 2372 1302 2419 sanctoruni
1314 2366 1347 2421 ad
1369 2365 1552 2423 ministerium
1575 2369 1748 2439 praedieatIo-

97 2448 186 2506 lrcbit.
203 2448 276 2520 Quia
289 2449 416 2507 ueniente
432 2446 528 2506 ludios
554 2447 655 2505 adcor
681 2462 763 2503 suum
781 2453 899 2518 quisquc
952 2449 996 2504 nis
1010 2450 1147 2510 humiliat.
1238 2522 1241 2532 1
1484 2440 1490 2457 ”’

391 2786 625 2879 INCIPIT
659 2782 840 2875 LIBER
877 2782 1141 2929 DECIIIIUS
1176 2787 1459 2880 TERTIUS.

911 3105 917 3114 ι

307 3138 690 3214 meracissimum.
914 3147 986 3210 cad
1021 3151 1173 3221 spiritualis
1202 3154 1299 3225 patria
1333 3156 1448 3215 aedilicia
1482 3175 1600 3232 superna
1632 3165 1745 3241 collige-

404 3247 439 3289 ur
457 3248 594 3290 crrrrurrr.
952 3250 1023 3296 rent.

97 3329 133 3386 Iu
142 3327 293 3400 Scriptura
314 3342 394 3381 sucro
418 3342 479 3379 cunt
499 3325 591 3380 ciuitas
617 3324 793 3396 singulariter
817 3327 897 3398 poni·
941 3403 946 3410 ἱ
987 3331 1063 3406 (155)
1082 3334 1208 3394 Ciuitatis
1227 3353 1339 3396 nomme
1357 3354 1451 3400 sancta
1477 3344 1599 3404 Ecclesia
1617 3350 1745 3425 designa·

132 3415 193 3526 ἵεν)
192 3395 625 3538 ὣ1)1223ὧξῗο*“ἑηξκῖἶλ
627 3396 897 3538 gfjsssslg'dlgufflf
951 3432 1016 3493 tur,
1052 3427 1125 3485 sicut
1159 3445 1208 3501 per
1240 3430 1387 3491 ieremiam
1416 3439 1577 3510 prophetam
1605 3443 1707 3500 dicitur
1735 3465 1743 3503 ι

132 3543 204 3597 Cum
218 3557 279 3594 cero
298 3537 439 3609 pluraliter
453 3536 573 3592 ciuitates
589 3536 724 3603 dicuutur,
749 3537 895 3608 aliquando
949 3517 1143 3590 AElii'fi‘aiimr
1156 3524 1250 3579 ‘iiiia‘
1267 3525 1745 3611 ⁰⁰¹¹15’100‘W011‘1'10’120IW‘

135 3611 268 3666 Ecclesia
281 3609 383 3679 fideles,
399 3605 544 3678 aliquunde
561 3609 732 3678 cogitationes
753 3625 896 3681 prucorum
949 3610 985 3664 ud
1001 3620 1107 3681 portum
1120 3615 1212 3686 unguii
1224 3627 1250 3672 ct
1270 3617 1354 3674 exibit
1373 3622 1447 3677 ultra
1469 3640 1590 3681 normam
1612 3625 1745 3687 mensurae

132 3681 335 3751 intelliguntur.
948 3701 1017 3774 (ier.
1044 3721 1131 3775 uxr,
1155 3706 1217 3779 58).
1248 3710 1394 3768 Civitatem
1422 3715 1525 3787 quippe
1543 3733 1606 3776 esse
1633 3720 1744 3779 liomini

132 3792 215 3865 (752)
242 3787 490 3845 Ciuitatisuominc
503 3787 623 3844 coelestis
640 3787 728 3860 patria
754 3788 892 3861 signatur,
947 3802 1072 3849 sanctam
1093 3795 1243 3853 Ecclesiam
1260 3800 1353 3857 nullus
1369 3802 1489 3874 ignorat.
1513 3803 1653 3865 llananeei
1677 3826 1746 3868 reru

96 3884 172 3940 sicut
186 3897 239 3953 per
254 3879 430 3935 Salomonem
445 3877 548 3934 dicitur
563 3896 571 3933 ι
587 3876 727 3949 Sapientia
751 3878 893 3950 edificans
947 3881 998 3937 liei
1024 3884 1113 3956 gratia
1135 3884 1340 3957 interpretatur.
1357 3889 1386 3946 ln
1406 3893 1506 3963 angulo
1528 3906 1620 3953 autem
1642 3897 1743 3970 duplex

96 3979 148 4032 ribi
159 3977 282 4040 domurn,
296 3973 396 4027 eccidit
405 3971 457 4027 sibi
469 3970 604 4025 columnus
617 3981 732 4042 tepuere,
746 3969 894 4042 immolauit
946 3975 1037 4046 paries
1049 3975 1183 4048 Iungitur.
1200 3978 1303 4037 Civitas
1313 3985 1390 4055 :crgo
1408 3982 1516 4041 Domini
1529 4003 1545 4044 a
1562 3997 1638 4052 turre
1651 3990 1745 4049 diana.

96 4073 235 4137 uictimas,
252 4069 360 4123 miscuit
387 4067 489 4132 uiuum,
507 4067 798 4137 progressionarium
819 4067 893 4131 misit
946 4069 1008 4125 neci
1029 4085 1118 4141 usque
1141 4071 1175 4128 ad
1203 4082 1311 4144 portant
1333 4076 1427 4148 anguli
1456 4077 1588 4136 aedidcari
1615 4083 1744 4153 perhibe·

95 4164 290 4221 uuciliussuus
307 4167 468 4215 utrocurerrt
487 4158 892 4224 udurcemetrnoeuiuciuitatis
945 4169 993 4216 tur
1019 4163 1111 4233 :quia
1128 4173 1224 4222 sarreia
1242 4164 1364 4223 Ecclesia
1385 4183 1401 4224 a
1423 4168 1588 4228 celsitudine
1615 4189 1742 4246 supernae

96 4255 296 4330 (Proerna).
311 4252 526 4320 liectcuamquc
540 4249 639 4306 dumus
653 4249 793 4321 sapientiae
804 4248 895 4307 Eccie·
946 4254 1042 4323 gratiae
1070 4255 1205 4313 inchoans
1231 4272 1321 4329 usque
1344 4260 1378 4316 ad
1405 4259 1560 4333 ingressum
1585 4270 1742 4338 susceptio-

96 4350 139 4406 sia
154 4355 282 4403 tumtur.
306 4344 373 4412 Quae
389 4351 491 4414 septem
507 4342 653 4400 columnas
677 4340 780 4397 excidit
801 4359 809 4398 a
827 4342 892 4413 qula
946 4359 1064 4416 benique
1078 4347 1250 4404 construitur
1261 4349 1440 4423 virorumque
1455 4355 1620 4425 populorum
1633 4356 1742 4415 Iudaici

96 4442 134 4497 ab
148 4454 246 4494 amore
260 4438 402 4509 praesentis
414 4435 508 4492 saeculi
519 4434 672 4505 disjunctas
684 4433 719 4490 ad
729 4435 892 4505 portandam
944 4436 1081 4504 uidelicet,
1096 4448 1178 4512 atque
1200 4441 1320 4513 gentilis.
1344 4441 1398 4500 Sed
1410 4445 1482 4515 gqnia
1498 4445 1528 4502 ln
1552 4463 1585 4504 ea
1598 4460 1741 4507 crescente

96 4532 225 4605 ejusdem
244 4530 374 4587 Ecclesia
400 4526 532 4584 lubricam
558 4535 664 4583 mentes
686 4526 892 4597 predicantium
907 4506 931 4563 D
944 4526 1123 4585 multitudine
1139 4521 1224 4587 etiam
1250 4533 1362 4603 reprobi
1384 4534 1568 4608 colliguntur,
1583 4548 1646 4611 apte
1672 4541 1740 4599 snb-

96 4625 197 4683 erexit.
207 4622 275 4692 Quae
283 4638 374 4693 prueu
385 4621 458 4693 quud
468 4620 644 4694 periecIIonIs
654 4620 756 4677 uirtute
769 4621 893 4678 subnixae
944 4619 1039 4676 ditur:
1052 4618 1269 4679 Eteriiitultra
1283 4640 1404 4680 mamam
1419 4643 1561 4697 maura,
1570 4631 1636 4703 quia
1651 4649 1742 4706 usque

96 4728 178 4784 sunt,
195 4717 352 4789 septenario
364 4730 480 4773 numero
493 4716 645 4787 signantur.
665 4713 747 4787 548
764 4714 892 4773 immola·
944 4710 1033 4768 adeos
1041 4714 1324 4784 quoqueextenditur,
1332 4716 1380 4788 qui
1391 4731 1516 4775 normam
1527 4720 1641 4792 justitia
1649 4731 1741 4782 trans·

95 4812 136 4865 rii
147 4809 273 4865 uictimas
288 4823 296 4860 :
310 4807 375 4878 quia
388 4807 471 4862 ritant
482 4803 689 4878 predicantium
703 4807 816 4862 mactari
830 4822 893 4880 per·
943 4812 1041 4860 euntes
1069 4803 1142 4860 intra
1173 4821 1311 4863 mensura
1342 4806 1464 4865 coelestIs
1502 4827 1649 4872 numerum
1682 4832 1740 4875 nou

94 4903 240 4958 secutione
251 4900 386 4970 permIsit.
403 4897 505 4954 linurn
520 4897 641 4966 miscuit,
658 4897 723 4969 quia
740 4898 892 4959 diuinitatis
942 4904 1018 4952 sunt.
1196 4890 1201 4896 ’

94 5002 124 5050 ct
136 4991 317 5049 humanitatis
332 5005 390 5048 suae
400 4990 503 5061 pariter
518 4989 598 5046 nubis
611 5003 712 5046 arcana
723 4990 889 5061 praedicarit.
980 4986 1055 5060 (151)
1066 4987 1193 5045 Ciuitatis
1204 4991 1315 5047 nomine
1327 4992 1419 5050 anima
1431 4993 1552 5062 bumana
1565 4996 1738 5071 designatur,

91 5085 220 5144 Ilerrsam
237 5090 349 5154 quoque
368 5081 525 5155 proposuit,
543 5081 608 5152 quia
633 5078 783 5151 Scripturas
805 5097 892 5140 sacrae
941 5080 1014 5138 sicut
1025 5095 1074 5151 per
1095 5082 1256 5151 propheram
1276 5081 1411 5143 Dominus
1423 5095 1495 5159 'quae
1515 5089 1604 5147 iratus
1629 5091 1737 5159 iecerit,

90 5177 177 5235 nobis
191 5175 292 5247 pabula
305 5174 452 5245 operiendo
473 5173 646 5245 praepararit.
671 5171 794 5229 Ancillas
807 5174 891 5231 etiam
942 5187 1060 5228 narrans
1072 5172 1140 5229 dicit
1154 5191 1161 5228 :
1179 5171 1243 5229 Pici
1257 5191 1337 5245 super
1349 5177 1483 5232 ciuitatem
1497 5194 1597 5246 unum,
1619 5190 1647 5235 et
1660 5197 1739 5252 super

91 5282 161 5325 suas
175 5266 269 5332 misit,
297 5280 359 5335 quae
381 5264 416 5319 ad
440 5279 532 5320 arcem
548 5278 600 5320 nos
614 5271 697 5334 atque
714 5262 749 5319 ad
771 5263 890 5322 civitatis
941 5263 1200 5335 ulteramnonpiui.
1222 5265 1293 5323 Pura
1308 5284 1361 5323 unu
1379 5269 1514 5340 compluta
1535 5281 1600 5341 est,
1624 5280 1650 5327 et
1674 5288 1738 5342 pura

91 5357 201 5415 muenia
233 5363 364 5412 vocarent
395 5372 403 5411 a
435 5354 500 5426 quin
534 5354 730 5426 predicatores
768 5353 891 5413 infirmos
941 5371 1000 5427 gua
1027 5356 1161 5428 ceurpiutu
1191 5374 1250 5429 arun¹
1270 5367 1320 5425 est,
1341 5361 1415 5413 aruit
1441 5361 1533 5433 (durrus
1553 5353 1590 5431 rr,
1608 5361 1646 5434 7).
1666 5361 1737 5436 Cuur

91 5451 274 5522 abiectosque
303 5448 405 5505 habere
430 5447 557 5518 studuit,
587 5449 635 5520 qui
661 5448 755 5507 lideles
774 5449 892 5524 populus
940 5460 1044 5510 sauctae
1071 5452 1272 5512 exhortationis
1306 5452 1391 5510 rerba
1411 5453 1465 5510 alia
1490 5470 1568 5512 meus
1596 5456 1735 5530 suscipit,

128 5592 207 5665 (151)
226 5589 266 5646 Ex
288 5590 335 5647 lib.
353 5607 428 5647 xrru
449 5588 689 5661 titubemus,
705 5590 750 5649 it.
979 5586 1170 5658 (755))111111.
1187 5604 1240 5644 xrr
1252 5587 1280 5669 in
1292 5585 1344 5643 lob
1362 5603 1423 5658 cap.
1437 5602 1497 5656 rrrr,
1514 5590 1558 5646 li.

127 5662 207 5736 (752)
222 5659 263 5717 lix
277 5661 326 5719 lib.
342 5678 430 5719 xuxrn
442 5661 471 5719 iu
488 5661 540 5718 Iob
553 5676 614 5733 cap.
631 5678 676 5719 ru.
979 5660 1055 5731 (151)
1069 5658 1109 5713 Er
1121 5660 1196 5715 bom.
1213 5657 1247 5713 iu
1261 5673 1289 5713 rn
1302 5657 1485 5726 Ezccb.,ante
1497 5661 1572 5718 med.
