3817 6000
183 274 315 330 1461

745 277 1302 338 santumnium!
1342 281 1409 337 ΙΝ
1448 280 1789 339 PSALMOS.
1828 314 1899 324 —
1933 283 2117 340 PARS
2153 283 2243 340 tv,
2285 315 2352 325 -—-
2392 283 2589 340 PSAL.
2630 285 2874 341 xxxix.

3279 294 3421 349 1462

180 387 502 459 pugnatoris
551 388 827 458 alacritas,
877 391 932 447 in
983 393 1170 463 pueris
1201 409 1264 451 ac
1301 395 1553 466 puellulis
1595 394 1750 451 beata
1779 399 1827 457 Α
1928 395 2084 465 Quod
2114 413 2214 469 ego
2243 395 2414 453 David
2461 396 2715 467 psallens,
2762 398 2847 453 vel
2886 399 3157 469 poenitens
3211 415 3339 474 opto
3362 409 3416 461 in

184 476 360 533 sancti
413 478 649 550 Spiritus
691 480 990 539 honoretur
1020 486 1285 542 munditia
1309 496 1365 542 et
1402 488 1740 559 simplicitas,

182 570 445 627 Colamus
481 587 605 628 eum
643 572 974 644 jejunantes,
1001 587 1243 645 orantes,
1293 588 1349 636 et
1375 579 1747 652 eleemosynas

183 659 449 720 facientes
499 665 773 721 nesciente
811 668 1035 724 sinistra
1071 671 1203 740 quid
1233 670 1395 727 iaciat
1422 671 1665 738 dextera,
1690 682 1751 729 ut

182 767 292 808 non
322 754 485 825 huius
507 757 716 825 mundi,
753 759 848 815 sed
871 760 1043 819 solius
1077 763 1205 818 trini
1236 762 1332 819 Dei
1356 773 1601 836 captetur
1626 782 1750 837 gra-

182 845 260 899 tia
284 861 380 916 per
401 846 516 906 haec
532 848 636 905 tria
665 851 977 909 christianae
991 854 1269 927 religionis
1292 858 1575 926 exercitia,
1591 857 1751 914 Patre

182 953 294 994 non
337 939 618 997 incarnato
667 945 1003 1015 approbante
1047 957 1294 1004 nostrum
1316 949 1605 1020 jejunium,
1638 967 1750 1022 quo

184 1045 484 1103 purgamur
510 1048 542 1088 a
566 1032 696 1090 l‘aece
714 1037 1018 1094 carnalium
1048 1039 1466 1109 desideriorum,
1494 1041 1631 1098 Filio
1661 1044 1748 1098 iu·

185 1131 406 1179 carnato
450 1126 783 1196 suscipiente
832 1127 886 1183 in
918 1144 1032 1185 suae
1073 1129 1258 1186 carnis
1289 1131 1628 1188 thuribulum
1652 1150 1750 1190 no-

185 1224 310 1271 strae
363 1217 626 1273 orationis
675 1218 981 1286 incensum,
1025 1218 1230 1290 Spiritu
1275 1231 1486 1291 sancto,
1517 1223 1610 1295 qui
1667 1234 1751 1282 est

183 1306 470 1364 amborum
500 1309 760 1375 charitas,
791 1321 1104 1383 acceptante
1132 1322 1346 1370 nostras
1376 1315 1748 1390 eleemosynas

182 1413 293 1456 non
310 1416 376 1456 ex
404 1400 623 1458 tristitia
643 1404 724 1460 vel
749 1405 1087 1474 necessitate,
1112 1406 1207 1463 sed
1224 1422 1291 1463 ex
1315 1408 1589 1467 hilaritate
1614 1412 1748 1469 cha-

183 1491 401 1548 ritativa
426 1493 604 1551 datas.

253 1584 514 1644 Colamus
540 1587 743 1644 trinum
776 1589 949 1647 Deum
994 1592 1052 1647 in
1088 1602 1278 1650 nostro
1306 1595 1510 1665 pariter
1529 1596 1746 1668 eloquio

181 1684 237 1732 et
261 1678 500 1734 silentio.
530 1677 666 1736 Nam
694 1679 853 1737 Pater
880 1681 1037 1751 dixit,
1067 1694 1121 1739 et
1146 1682 1291 1741 facta
1318 1696 1447 1743 suut
1479 1689 1580 1744 ista
1623 1704 1744 1744 om-

1851 504 1941 544 me
1967 488 2248 560 compleri.
2272 486 2563 559 Propterea
2587 503 2696 543 non
2722 504 2887 545 unam
2916 507 3206 563 personam
3236 493 3419 553 Trini-

1853 581 2001 646 tatis,
2058 580 2153 636 sed
2194 588 2363 635 totam
2392 579 2711 636 Trinitatem
2758 583 2954 640 invoco
2996 585 3185 641 dicens
3217 587 3417 642 :Com-

1849 670 2058 742 ptaceat
2090 671 2204 736 tibi,
2233 669 2471 726 Domine.
2526 672 2894 745 Complaceat,
2930 674 2985 729 id
3006 684 3088 731 est
3118 675 3279 732 simul
3303 678 3420 748 pla-

1851 771 1971 818 ceat
2007 762 2261 817 omnibus
2285 762 2482 828 tribuS‚
2516 765 2609 835 qui
2651 773 2763 820 tres
2797 781 2969 820 unum
2996 774 3145 834 sunt,
3178 777 3237 822 ut
3261 780 3419 824 eruat

1852 870 1883 910 a
1909 853 2091 919 malis,
2121 868 2246 925 quae
2273 868 2381 908 non
2428 856 2742 926 expediunt,
2778 857 2864 912 vel
2907 857 3052 929 quod
3116 859 3274 930 pejus
3310 868 3416 926 est,

1853 946 2156 1017 impediunt
2171 961 2259 1001 me
2281 962 2317 1000 a
2343 962 2472 1002 vero
2496 948 2642 1004 cultu
2668 965 2897 1006 summae
2923 949 3228 1018 TrinitatiS,
3253 960 3419 1024 atque

1851 1037 2076 1107 adiuvet*
2107 1037 2163 1091 in
2213 1036 2373 1092 bonis
2428 1037 2686 1108 operibus
2717 1046 2773 1095 et
2809 1040 3103 1096 virtutibus
3141 1041 3209 1097 ad
3240 1041 3420 1098 hono-

1849 1143 1968 1184 rem
2000 1128 2172 1200 ipsius
2196 1137 2411 1184 aeternae
2440 1144 2505 1184 ac
2531 1145 2759 1185 summae
2787 1128 3158 1187 Trinitatisita
3186 1132 3415 1190 viriliter

1852 1217 2237 1290 exsequendis,
2273 1235 2342 1275 ne
2378 1234 2464 1275 me
2500 1219 2761 1275 irrideant
2785 1221 2994 1278 inimici
3016 1222 3173 1293 quasi
3198 1223 3413 1294 pigrum

1853 1313 2166 1383 operarium
2210 1322 2264 1368 et
2314 1312 2557 1368 inutilem
2601 1327 2849 1381 servum,
2900 1315 2993 1371 sed
3044 1315 3289 1372 videntes
3341 1324 3414 1384 te,

1851 1422 2065 1462 summa
2090 1405 2354 1475 Trinitas,
2400 1408 2638 1479 perfecte
2662 1425 2692 1465 a
2719 1425 2806 1465 me
2836 1412 2963 1480 coli,
2987 1413 3405 1483 confundantur,

1849 1507 1897 1551 et
1922 1507 2254 1553 revereantur
2275 1499 2545 1570 praecipue
2570 1500 2668 1567 illi,
2692 1502 2782 1573 qui
2813 1502 2992 1556 volunt
3016 1503 3145 1557 milii
3174 1503 3336 1571 mala,
3363 1512 3417 1560 et

1849 1588 1944 1657 qui
2002 1587 2285 1644 adulantes
2338 1588 2529 1645 dicunt
2562 1590 2697 1644 mihi
2747 1608 2760 1642 :
2794 1590 2960 1663 Euge,
2997 1609 3142 1665 euge,
3180 1609 3415 1665 quorum

1849 1677 1942 1733 alii
1974 1685 2104 1734 sunt
2129 1678 2357 1750 Gogitae,
2403 1680 2496 1735 alii
2536 1680 2818 1754 Magogitae
2856 1684 3181 1755 ampliantes
3207 1688 3416 1743 exerci-

185 1767 302 1836 nia‚
335 1770 537 1841 quibus
561 1771 766 1843 indiget
793 1773 901 1828 vita
930 1782 1116 1830 nostra
1140 1791 1303 1846 super
1327 1788 1548 1835 terram.
1576 1779 1745 1837 Filius
1776 1756 1818 1812 B
1848 1776 1961 1824 ⁸¹¹⁰
2025 1768 2366 1839 Αὓῑῑθῆΐῑδῑῑ,
2412 1772 2507 1841 (ἶῦῑ
2550 1773 2751 1829 dicim?
2803 1773 2920 1846 (³0ss
2957 1785 3012 1831 ‘³¹
3045 1776 3256 1849 Magog.
3306 1777 3414 1845 Qui

181 1861 368 1918 docuit
410 1863 577 1918 vitam
631 1866 857 1923 alteram
913 1885 1013 1926 sua
1052 1873 1449 1930 resurrectione
1492 1876 1747 1932 testitlca·

181 1958 318 2018 tam,
364 1968 486 2023 quae
510 1970 619 2011 non
643 1965 727 2012 est
758 1957 814 2011 in
842 1956 947 2014 hoc
974 1961 1199 2017 mundo.
1244 1961 1480 2033 Spiritus
1527 1976 1746 2023 sanctus

182 2042 455 2113 loquendo
483 2044 539 2100 in
580 2047 785 2104 sanctis
814 2050 1055 2121 postulat
1084 2054 1373 2126 gemitibus
1404 2057 1745 2114 inenarrabi-

180 2128 348 2186 libus.
383 2130 678 2202 Loquendo
711 2135 877 2207 igitur
904 2139 973 2195 de
1002 2140 1326 2199 necessariis
1353 2143 1517 2214 hujus
1541 2146 1664 2202 vitae
1691 2147 1743 2201 in

182 2218 408 2276 servitio
433 2220 531 2277 Dei
565 2224 947 2298 transigendae,
978 2230 1311 2290 honoramus
1340 2232 1578 2303 Patrem,
1617 2239 1745 2308 quia

182 2310 304 2380 ipse
327 2311 452 2378 scit,
501 2314 645 2384 quod
673 2315 761 2373 his
804 2319 1059 2377 omnibus
1089 2323 1427 2395 indigemus;
1477 2328 1747 2399 loquendo

183 2416 315 2455 vero
344 2401 412 2459 de
433 2402 607 2474 gloria
637 2406 761 2464 vitae
788 2407 985 2468 futurae
1017 2412 1071 2468 in
1113 2413 1318 2471 Christi
1348 2421 1749 2476 resurrectione

179 2503 531 2562 praeostensae
570 2498 771 2555 Filium
794 2501 1152 2562 honoramus.
1184 2506 1355 2565 Porro
1382 2510 1436 2565 in
1468 2512 1739 2576 laudibus,

180 2593 238 2640 et
272 2587 570 2656 gratiarum
600 2592 936 2663 actionibus,
956 2597 1041 2652 vel
1079 2600 1419 2660 orationihus
1447 2603 1747 2661 honoratur

181 2673 423 2749 Spiritus
468 2692 711 2752 sanctus,
742 2685 870 2756 quia
910 2688 1027 2758 ipse
1050 2692 1295 2761 pertalis
1340 2694 1423 2750 vel
1458 2695 1747 2769 soliloquia

181 2765 243 2823 in
268 2780 499 2839 secreto,
521 2774 604 2829 vel
629 2777 980 2848 symphonias
1002 2781 1057 2836 in
1081 2783 1248 2840 choro
1276 2787 1512 2855 postulat
1542 2788 1595 2844 in
1621 2805 1750 2845 san·

185 2861 291 2919 ctis
321 2871 375 2919 et
414 2880 515 2936 pro
536 2868 743 2925 sanctis
782 2870 1073 2940 gemitibus
1107 2873 1585 2947 inenarrabilihuS,
1615 2882 1746 2938 dum

178 2956 326 3028 quod
353 2958 624 3029 profertur
647 2979 763 3032 ore,
796 2965 902 3024 hoc
923 2977 1172 3025 versatur
1195 2968 1248 3026 in
1279 2971 1461 3029 corde.
1493 2973 1749 3033 colamus

183 3049 349 3106 etiam
380 3051 582 3110 trinum
614 3055 784 3113 Deum
811 3059 866 3114 in
895 3060 1129 3126 silentio,
1155 3079 1265 3135 quo
1292 3080 1322 3120 a
1346 3067 1569 3139 reliquis
1592 3069 1748 3126 locu-

182 3142 427 3199 tionibus
454 3144 596 3202 labia
644 3156 699 3204 et
743 3149 984 3221 linguam
1038 3152 1334 3223 frenamus,
1380 3167 1441 3214 ut
1482 3159 1597 3217 haec
1644 3164 1747 3219 tria

184 3232 431 3288 membra
473 3234 528 3289 in
560 3250 726 3307 supra
755 3242 959 3298 notatis
1000 3244 1175 3301 trihus
1200 3245 1359 3303 bonis
1381 3248 1751 3309 locutionibus

183 3323 465 3396 impolluta
494 3343 711 3400 semper
732 3330 845 3389 Deo
864 3334 1122 3391 exhibere
1145 3337 1444 3396 valeamus.

253 3416 511 3476 Colamus
556 3421 760 3479 trinum
817 3424 989 3481 Deum
1039 3428 1217 3484 tribus
1252 3429 1436 3501 digitis
1478 3434 1748 3507 pingendo

181 3523 400 3564 crucem
421 3511 540 3581 ejus
568 3512 624 3568 in
653 3512 793 3571 facie
816 3525 1003 3575 nostra
1022 3518 1127 3575 sub
1151 3519 1258 3576 ude
1285 3537 1350 3578 ac
1380 3525 1599 3582 nomine
1622 3526 1742 3583 Tri-

181 3601 391 3659 nitatis.
423 3602 682 3664 Colamus
702 3622 827 3664 eum
858 3609 1031 3668 trihus
1075 3612 1264 3684 digitis
1291 3614 1360 3671 de
1393 3615 1483 3672 illo
1504 3618 1748 3675 scriben-

181 3692 275 3747 do.
313 3693 510 3751 Colant
535 3712 659 3752 eum
714 3696 931 3756 seminat
973 3702 1149 3759 trihus
1189 3711 1245 3759 et
1273 3708 1405 3776 ipsae
1429 3706 1611 3778 digitis
1636 3724 1746 3764 non

182 3784 362 3840 solum
405 3785 547 3844 bona
591 3796 638 3844 et
668 3799 857 3870 sancta
899 3792 1209 3864 scribendo,
1239 3795 1332 3852 sed
1360 3799 1522 3854 etiam
1573 3800 1747 3857 tribus

181 3876 368 3948 digitis
417 3880 871 3951 apprehendendo
924 3894 979 3940 et
1021 3887 1290 3942 tornando
1344 3885 1551 3958 susum,
1603 3892 1747 3950 sicut

180 3966 434 4027 laudatur
467 3971 665 4027 mulier
684 3970 863 4042 fortis,
887 3990 954 4029 eo
972 3976 1121 4047 quod
1142 3976 1299 4050 digiti
1317 3980 1430 4051 ejus
1459 3984 1748 4052 apprehen-

179 4060 372 4118 derunt
404 4064 582 4135 [usum
632 4063 814 4138 (Pron.
845 4083 998 4135 xxxi,
1022 4066 1137 4140 19).
1163 4068 1296 4126 ltem
1322 4071 1378 4126 in
1421 4070 1747 4131 Ecclesiaste

182 4152 426 4212 dicitur:
463 4154 687 4227 Tempus
740 4157 1057 4227 scindendi,
1112 4169 1164 4216 et
1211 4172 1410 4233 tempus
1457 4166 1745 4222 consuendi

183 4248 384 4320 (Eccle.
421 4265 503 4317 nt,
533 4250 587 4323 7)
612 4270 629 4307 ι
655 4251 759 4308 hoc
802 4252 1061 4309 nimirum
1086 4264 1312 4326 excepto
1350 4256 1622 4314 intellectu
1653 4274 1743 4315 sa-

180 4343 438 4412 cratiore,
492 4358 603 4416 quo
659 4360 791 4401 acus
840 4345 1159 4417 intelligitur
1204 4349 1289 4404 vel
1331 4349 1496 4407 timor
1530 4351 1744 4409 Domini

181 4445 399 4502 acutus,
454 4437 692 4502 subtilis,
736 4438 921 4494 omnia
966 4448 1280 4511 penetrans,
1323 4441 1409 4497 vel
1442 4442 1558 4513 ipse
1579 4442 1743 4499 Chri·
1775 4473 1820 4529 D

181 4536 323 4585 stus,
349 4526 506 4585 Unde
528 4529 582 4584 in
611 4528 905 4602 Evangelio
925 4530 1082 4588 diviti
1103 4542 1332 4606 negatur
1360 4533 1538 4593 facilis
1559 4546 1744 4595 trans·

183 4618 297 4676 itus
346 4634 442 4690 per
471 4618 712 4678 foramen
751 4638 905 4690 acus,
934 4623 1062 4695 quia
1096 4623 1312 4682 divitias
1335 4636 1608 4683 amantem
1635 4644 1744 4684 non

182 4711 379 4783 recipit
400 4722 629 4784 augusta
655 4724 834 4786 porta,
862 4730 984 4787 quae
998 4724 1084 4773 est
1108 4717 1224 4788 ipse
1247 4717 1499 4777 Christus
1524 4721 1743 4792 (Mami.

186 4821 300 4872 xix,
325 4803 442 4876 24).
466 4804 599 4874 Hoc,
631 4808 877 4880 inquam,
907 4822 1122 4885 tempus
1149 4814 1447 4869 consuendi
1480 4814 1648 4870 etiam
1680 4816 1747 4871 ad

185 4912 326 4967 opus
371 4912 633 4954 manuum
690 4901 850 4959 sortis
888 4904 1086 4959 mulier
1124 4904 1381 4975 adaptare
1407 4913 1603 4975 potest,
1627 4921 1748 4975 quae

184 4996 366 5044 vestes
395 5004 695 5061 pauperum
725 4994 1040 5050 consuendo
1066 4995 1241 5052 tribus
1266 4995 1452 5067 digitis
1473 5011 1630 5051 acum
1665 5005 1746 5052 te-

185 5081 367 5136 nendo
394 5091 651 5152 operatur
678 5100 836 5155 opus,
880 5086 1025 5143 unde
1049 5087 1105 5141 in
1135 5088 1466 5158 pauperibus
1510 5085 1747 5145 Trinitas

184 5173 541 5244 glorificatur.
566 5174 682 5230 Non
705 5178 880 5233 solum
903 5186 1086 5235 autem
1110 5179 1178 5235 de
1201 5178 1379 5236 trihus
1401 5177 1583 5252 digitis
1613 5180 1749 5235 bene

185 5264 562 5333 operantibus,
601 5282 792 5323 verum
846 5270 1010 5325 etiam
1056 5270 1124 5326 de
1149 5270 1324 5327 tribus
1373 5269 1563 5327 farinae
1591 5270 1747 5336 satis,

186 5352 245 5409 in
287 5364 400 5410 tota
435 5356 739 5413 substantia
787 5359 1025 5417 hominis
1068 5359 1306 5419 Trinitas
1338 5361 1673 5433 glorificatur
1696 5367 1754 5416 et

187 5447 408 5516 colitur,
460 5448 506 5505 si
557 5449 637 5516 fit,
664 5452 810 5522 quod
857 5453 1147 5523 Apostolus
1195 5462 1314 5510 orat
1348 5456 1536 5511 dicens
1563 5472 1576 5506 ε
1607 5453 1749 5509 Deus

187 5540 334 5608 pacis
360 5540 653 5610 sanctificet
676 5557 767 5596 nos
791 5559 885 5611 per
907 5544 1106 5611 omnio,
1133 5555 1190 5600 ut
1213 5546 1411 5617 integer
1428 5545 1645 5615 spiritus
1663 5561 1748 5599 re-

186 5640 363 5688 steret
405 5633 605 5700 antima,
634 5646 683 5690 et
709 5651 898 5706 corpus
933 5637 1044 5691 sine
1070 5638 1279 5708 querela
1300 5639 1353 5693 in
1394 5638 1615 5694 adventu
1643 5637 1749 5693 Do-

190 5729 319 5785 mini
341 5726 468 5783 Iesu
501 5728 700 5785 Christi
722 5738 973 5787 servetur.
1006 5729 1058 5801 (1
1102 5730 1279 5788 chess.
1308 5749 1359 5797 v,
1380 5731 1493 5802 23).

1845 1861 1989 1917 enim
2019 1862 2341 1919 simulantes
2371 1863 2515 1921 bona
2542 1881 2661 1921 mea
2692 1882 2751 1922 se
2772 1883 2956 1924 amare
2988 1869 3221 1926 subdolo
3249 1872 3416 1928 corde

1844 1951 2035 2008 dicunt
2087 1953 2221 2009 mihi
2253 1973 2266 2010 :
2296 1953 2462 2027 Euge,
2491 1972 2641 2027 ωερε,
2669 1957 2825 2028 quasi
2845 1959 3234 2029 applaudentes
3281 1962 3417 2019 mihi

1846 2045 1915 2101 de
1940 2045 2203 2112 bonitate,
2232 2046 2334 2117 ipsi
2366 2055 2495 2103 sunt
2538 2049 2744 2120 Gogitae
2787 2050 3039 2108 videlicet
3070 2052 3151 2108 sic
3178 2053 3329 2120 tecti,
3356 2063 3417 2108 ut

1846 2135 2052 2192 malitia
2084 2152 2275 2193 eorum
2298 2152 2410 2193 non
2435 2139 2612 2195 valeat
2638 2139 2796 2195 facile
2820 2142 3063 2212 agnosci.
3097 2141 3202 2209 Qui
3228 2151 3411 2199 autem

1845 2230 2157 2301 vituperant
2209 2239 2416 2302 aperte,
2449 2233 2549 2303 ipsi
2578 2241 2707 2289 sunt
2741 2234 3044 2307 Magogitae,
3064 2236 3191 2307 quia
3222 2237 3417 2293 detecti

1848 2332 1978 2378 sunt
2002 2337 2125 2378 esse
2178 2323 2405 2388 inimici,
2458 2339 2582 2379 cum
2638 2325 2789 2396 prius
2819 2325 3044 2382 Forsitan
3097 2338 3418 2398 putarentur

1846 2414 2029 2470 amici.
2062 2414 2351 2471 Tolerandi
2374 2425 2503 2472 sunt
2525 2417 2615 2473 isti
2638 2416 2922 2491 Magogitae
2940 2419 3007 2474 ad
3030 2427 3268 2489 tempuS,
3287 2420 3417 2490 quia

1850 2514 2105 2561 exercent
2146 2506 2480 2576 patientiam,
2524 2517 2757 2580 purgant
2798 2508 3035 2580 culpam,
3066 2525 3274 2582 suaque
3306 2512 3417 2567 ira·

1847 2597 2049 2653 cundia
2069 2597 2306 2652 divinam
2333 2612 2475 2669 saepe
2501 2608 2752 2655 avertunt
2775 2600 2933 2668 iram,
2957 2602 3086 2658 dum
3118 2617 3314 2658 nocere
3336 2603 3417 2657 al·-

1848 2685 2115 2743 scctantes
2147 2699 2378 2758 prosunt
2419 2689 2575 2745 inviti
2599 2690 2700 2754 eis,
2724 2691 2985 2758 maxime,
3009 2677 3209 2762 quibus
3232 2694 3415 2748 omnia

1849 2788 2213 2850 cooperantur
2241 2782 2296 2835 in
2317 2780 2541 2850 bonum,
2559 2782 2747 2850 etiam,
2776 2798 2898 2853 quae
2927 2782 3034 2839 illis
3062 2784 3417 2840 intenduntur

1847 2872 1918 2928 ad
1945 2872 2173 2928 malum.
2209 2871 2315 2929 Sed
2361 2873 2436 2927 illi
2466 2873 2693 2946 Gogitae,
2726 2875 2819 2945 qui
2864 2875 3185 2932 simulantes
3226 2877 3416 2932 amici-

1848 2965 1981 3022 tiam
2006 2964 2187 3023 dicunt
2211 2965 2340 3020 mihi
2362 2981 2381 3020 .·
2411 2982 2557 3039 enqe,
2593 2983 2738 3039 euge,
2790 2967 2961 3039 [erant
2985 2968 3260 3039 confestim
3292 2984 3417 3023 con-

1852 3060 2112 3130 fusionem
2160 3074 2314 3112 sitam
2341 3059 2677 3132 deprehensa
2710 3060 2958 3132 ipsorum
2989 3060 3320 3129 adulatione,
3354 3070 3415 3116 ut

1852 3154 1995 3211 illius
2041 3153 2270 3226 Gogitae,
2320 3153 2413 3224 qui
2455 3168 2544 3208 me
2600 3168 2788 3209 verum
2844 3153 3032 3222 David,
3060 3170 3184 3209 cum
3226 3155 3420 3211 doloso·

1849 3246 2011 3302 corde
2038 3245 2376 3302 nominasset
2404 3244 2723 3316 magistrum
2758 3245 2986 3309 bonum,
3014 3246 3301 3303 confestim
3328 3263 3416 3302 re-

1847 3353 2144 3409 percussus
2164 3347 2249 3395 est
2275 3354 2304 3394 a
2337 3353 2423 3393 me
2450 3338 2662 3394 dicente
2690 3357 2703 3393 ε
2739 3336 2879 3404 Quid
2907 3355 2986 3395 me
3013 3341 3148 3394 dicis
3179 3340 3371 3394 bonum
3390 3340 3421 3394 P

1850 3430 2022 3487 Nemo
2056 3433 2241 3497 bonus,
2277 3432 2385 3486 nisi
2424 3431 2569 3486 sotus
2606 3431 2749 3486 Deus
2794 3430 2946 3503 (Luc.
3002 3448 3157 3497 xvnr,
3200 3432 3310 3503 19).
3335 3431 3415 3489 lta

1848 3538 2060 3587 omnes,
2077 3525 2168 3594 qui
2187 3523 2372 3578 dicunt
2398 3523 2550 3590 mihi,
2576 3521 2627 3579 id
2648 3530 2733 3580 est
2746 3525 2883 3579 meis
2902 3539 2996 3594 per
3024 3523 3413 3593 adulationem,

1848 3615 2009 3681 bene,
2038 3615 2172 3670 bene
2192 3623 2374 3671 actum
2397 3622 2482 3671 est
2514 3630 2544 3669 a
2565 3623 2637 3680 te,
2655 3615 2830 3685 [erant
2850 3616 3124 3686 confestim
3149 3616 3417 3687 confusio-

1846 3722 1965 3760 nem
2018 3722 2172 3759 suam
2222 3705 2527 3762 clarissima
2562 3721 2745 3762 rerum
2796 3708 3065 3764 evidentia
3122 3708 3409 3771 confutati,

1848 3796 1993 3866 quod
2032 3810 2193 3851 nemo
2221 3795 2358 3851 bene
2397 3805 2672 3864 operatur,
2723 3797 2827 3852 nisi
2864 3799 3014 3854 solus
3052 3797 3216 3854 Deus.
3273 3796 3414 3853 Nam-

1848 3887 2027 3941 caetet·i
2052 3903 2225 3942 omnes
2251 3887 2667 3954 declinaverunt,
2695 3890 2858 3942 simul
2878 3888 3094 3943 inutiles
3115 3890 3245 3959 facti
3267 3898 3410 3956 sunt,

1848 3995 1949 4033 non
1979 3988 2055 4033 est
2098 3981 2187 4050 qui
2211 3980 2379 4051 [aciat
2425 3981 2636 4048 bonum,
2673 3997 2775 4036 non
2812 3992 2887 4035 est
2942 3997 3107 4053 usque
3145 3982 3214 4035 od
3249 3998 3415 4036 utrum

1848 4069 2023 4141 (Psoi,
2053 4086 2174 4138 xm,
2202 4071 2257 4141 3)
2282 4078 2340 4128 et
2372 4072 2547 4127 solum
2584 4071 2776 4139 Deum,
2809 4071 2903 4143 qui
2953 4070 3117 4128 iaciat
3146 4072 3301 4140 bene,
3331 4073 3412 4128 vel

1846 4164 2076 4228 bonum,
2100 4164 2228 4234 quia
2276 4163 2393 4234 ipse
2425 4163 2576 4220 solus
2599 4173 2702 4231 est,
2726 4166 2819 4236 qui
2846 4172 3102 4235 operatur
3128 4175 3181 4220 et
3202 4165 3337 4219 velle
3361 4172 3418 4221 et

1846 4255 2107 4326 perficere
2156 4270 2255 4326 pro
2282 4254 2424 4310 bona
2450 4255 2747 4311 voluntate.
2789 4254 2944 4312 Unde
2979 4256 3196 4312 sobrius
3225 4271 3416 4327 opera-

1845 4359 1933 4404 tor
1959 4347 2087 4404 dicit
2121 4366 2133 4400 :
2167 4348 2291 4403 Non
2324 4363 2501 4404 autem
2541 4365 2655 4419 eqo,
2691 4348 2782 4403 sed
2812 4349 2986 4420 qratia
3010 4347 3107 4404 Dei
3136 4365 3335 4403 mcum
3360 4345 3414 4417 (1

1848 4437 1971 4494 Cor.
2003 4454 2095 4506 xv,
2120 4438 2232 4510 10),
2259 4438 2522 4496 subaudis
2552 4458 2566 4494 :
2595 4450 2817 4509 operata
2849 4448 2951 4495 est.

1922 4528 2120 4585 Ferant
2164 4530 2329 4602 igitur
2370 4531 2728 4601 contusionem
2766 4530 3056 4601 suam,qui
3080 4529 3214 4584 mihi
3248 4528 3411 4584 Chri·

1847 4623 2047 4687 stiano,
2078 4621 2212 4678 mihi
2233 4623 2440 4693 palmiti
2481 4623 2785 4678 attribuunt
2817 4623 3043 4688 bouum,
3072 4622 3216 4692 quod
3245 4622 3298 4677 in
3327 4637 3414 4676 me

1848 4721 2099 4777 cernunt,
2133 4726 2256 4767 cum
2302 4708 2515 4767 fructus
2543 4712 2742 4778 omnis,
2784 4726 2947 4780 quem
2987 4710 3115 4765 vitis
3143 4725 3268 4765 vera
3317 4725 3412 4780 per

1848 4819 1937 4861 me
1965 4805 2047 4859 vel
2101 4805 2155 4859 in
2188 4819 2274 4859 me
2304 4811 2579 4873 operatur,
2607 4803 2726 4857 licut
2782 4802 3018 4854 siclin-ntur
3071 4802 3119 4854 in
3163 4822 3267 4854 mu.
3307 4822 3407 4854 mna

1849 4907 2029 4953 tamen
2071 4896 2204 4951 mihi
2227 4896 2300 4951 sit
2337 4911 2404 4950 ex
2432 4910 2538 4963 me,
2564 4895 2654 4950 sed
2690 4914 2750 4950 υτ,
2782 4898 2886 4946 rita:
2914 4894 3151 4958 turriam,
3183 4898 3411 4962 titis-[nst

1848 4988 2033 5044 radice
2066 4986 2202 5056 Deo,
2243 4986 2373 5058 quia
2417 4993 2582 5057 caput
2626 4986 2826 5040 elwiffiti
2870 4986 3116 5046 [lunas-1
3179 5002 3283 5054 qun
3319 5006 3399 5050 μη

1849 5081 2028 5152 ipsum
2057 5079 2193 5136 Vivit
2233 5078 2415 5135 01111115
2442 5078 2649 5149 palmes
2682 5081 3014 5131 siticulosum
3051 5074 3231 5143 Neque*
3267 5094 3407 5127 millii

1848 5173 2101 5229 Christus
2125 5187 2251 5228 vera
2281 5170 2407 5228 vitis
2435 5171 2746 5242 palmitibus
2774 5171 2822 5223 iu
2854 5187 2910 5223 se
2950 5171 3295 5223 matitunum.
3339 5191 3407 5219 l·-

1848 5273 1960 5322 tam
1981 5264 2111 5320 dare
2132 5271 2335 5335 posset,
2360 5264 2468 5321 nisi
2491 5262 2649 5329 idem,
2678 5267 2766 5331 qni
2802 5263 2962 5315 ,lanium
2990 5275 3071 5315 uzal
3099 5263 3407 5311 lii-nulnum

1849 5356 2222 5414 connaturalis
2276 5365 2331 5413 et
2378 5354 2874 5413 consubstantialia.
2942 5351 3063 5407 lculi·
3099 5355 3227 5403 milnl
3295 5371 3407 5403 ιικι-

1850 5449 2001 5505 nenti
2032 5450 2088 5504 in
2109 5464 2177 5504 eo
2205 5448 2349 5506 hona
2373 5455 2456 5505 est
2477 5446 2732 5518 cogitatio
2750 5445 2907 5516 quasi
2927 5445 3237 5516 pampinus,
3268 5442 3411 5499 bona

1850 5542 2078 5598 intentio
2104 5541 2263 5613 quasi
2290 5540 2391 5598 llos
2423 5539 2734 5610 praecedens
2753 5537 3011 5605 fructum,
3044 5538 3186 5593 hona
3213 5551 3412 5607 opera-

1852 5636 1929 5690 tio
1955 5635 2110 5704 quasi
2143 5633 2350 5689 fructus
2380 5633 2575 5697 bonus,
2603 5646 2703 5701 pro
2727 5644 2836 5702 quo
2865 5645 2988 5686 cum
3011 5629 3210 5686 dicitur
3228 5627 3363 5684 mihi
3390 5645 3406 5683 :

1854 5727 2019 5799 Euqe,
2054 5742 2198 5798 euge,
2230 5726 2355 5797 quia
2382 5725 2550 5797 gloria
2598 5723 2690 5782 Dei
2729 5723 3053 5787 transfertur
3096 5724 3150 5779 in
3179 5738 3286 5791 rue,
3313 5719 3412 5794 qui
