3817 6000
111 322 164 377 6⁴29
559 326 835 415 cottttbnrthtbh
855 329 887 382 ΙΝ
909 329 1078 390 psalmos,
1098 364 1129 375 -
1152 334 1243 388 Pttts
1262 334 1280 389 l.
1685 346 1738 401 tto

109 437 168 507 gni,
193 436 266 507 regis
292 452 375 492 manu
407 436 486 494 lortis
501 448 529 494 et
556 440 705 508 victoriosi,
731 444 821 513 qualis
838 452 897 499 erat
911 448 935 504 Δ
949 448 1032 503 tantis
1052 449 1191 505 benetleiis
1205 451 1308 505 nullum
1326 452 1570 520 rrperrditotlicium
1585 456 1735 527 alteritatis,

108 528 163 585 iste
176 526 273 582 David.
949 539 1052 594 nullam
1066 556 1159 595 rocem
1175 542 1323 608 gratiarum
1351 542 1475 598 actimtis.
1490 542 1592 600 lleinde
1617 562 1679 617 spes
1701 550 1736 603 ab

145 619 200 676 Sed
222 627 250 676 et
273 620 326 677 nee
350 636 445 691 parum
471 632 539 690 erat,
553 632 583 679 ut
597 633 694 694 patens
712 627 900 697 personatam
948 632 996 687 illo
1019 632 1178 703 exigebatur
1192 634 1219 688 in
1234 633 1278 687 iila
1291 633 1424 703 positione
1439 636 1564 706 praecepti
1583 654 1590 691 z
1606 636 1648 691 Ea
1662 642 1736 694 mani

101 697 182 770 dicto
197 711 248 768 bet.
256 713 339 769 rerba
353 715 542 771 auctoritatem
565 733 615 772 sua
635 731 743 788 pararet
764 721 894 790 potentia.
947 722 1020 793 tigno
1032 723 1152 793 paradisi
1173 724 1288 789 comede,
1302 724 1333 777 de
1351 723 1423 794 ligne
1434 734 1522 779 nutem
1543 728 1660 784 scientie
1673 730 1737 783 torri

104 806 257 862 Dnleedine
276 821 347 877 opus
367 816 435 874 erat,
455 818 591 878 quatenus
616 812 713 868 alicnis
726 813 761 868 ab
779 814 825 869 illo
836 815 897 869 ani·
946 825 971 868 et
983 814 1088 870 maline
1103 815 1224 870 comedar
1235 816 1330 886 libid,
1347 817 1403 887 tp.
1424 817 1539 888 Sperare
1557 820 1629 874 eninr
1640 820 1736 876 debuit

103 899 160 954 mis
180 914 350 969 persensus
379 901 503 971 corporis
532 905 687 959 necessaria
711 904 897 961 insinuaretur
946 918 978 964 ut
994 911 1075 967 homo
1089 911 1242 978 rationalis,
1257 921 1286 968 ut
1299 913 1406 970 diceret
1419 934 1432 969 :·
1444 912 1473 970 Si
1492 926 1566 972 tanta
1581 916 1652 974 [lens
1664 933 1733 974 con-

101 997 305 1054 benevolentia.
319 998 496 1056 'Proeurarit
520 1012 547 1057 et
565 1003 618 1058 hoc
634 1004 731 1059 artilex
764 1006 896 1063 mirabilis
947 1003 1010 1057 tulit
1023 1003 1124 1074 gratis,
1140 1020 1231 1061 nonne
1247 1006 1270 1062 si
1288 1017 1452 1077 praeceptum
1468 1009 1660 1077 obstridlew.
1675 1028 1733 1066 ¹¹¹³·

101 1089 203 1143 salutis
243 1088 370 1145 humanae
398 1090 496 1148 aridus
519 1091 638 1163 Spiritus
663 1093 782 1151 Domini.
815 1097 893 1166 Eum,
945 1094 1004 1163 jora
1026 1095 1326 1154 dabitldtillenonin
1350 1097 1609 1171 Dominosperarit,
1628 1103 1675 1158 sed
1693 1103 1733 1158 si-

99 1193 186 1249 quem
199 1181 369 1251 praeparabat
386 1183 542 1239 ministrum
567 1185 641 1240 verbi
658 1187 754 1252 dirini,
779 1204 894 1259 puerum
946 1185 1030 1240 bimet
1044 1188 1153 1258 placens
1172 1191 1250 1259 quasi
1265 1190 1343 1259 liber,
1358 1191 1435 1247 etsie
1461 1192 1532 1248 Deus
1545 1210 1607 1250 esse
1636 1194 1732 1249 voluit.

98 1272 291 1341 cyrtam-mitum
304 1289 365 1328 esse
379 1275 475 1340 votuit,
496 1284 525 1330 ut
535 1276 632 1334 deinde
656 1280 786 1350 paularim
812 1284 896 1353 profi.
945 1276 1002 1332 Nisl
1017 1280 1090 1334 enim
1106 1289 1171 1335 tune
1183 1289 1315 1337 tumorem
1331 1282 1404 1339 intus
1424 1283 1573 1348 habuisset,
1590 1284 1657 1342 loris
1673 1295 1733 1341 teu·

96 1364 218 1418 eleatem
227 1365 349 1421 ordtnne
357 1365 529 1423 Psatmtstam
537 1369 636 1426 taceret
646 1390 654 1438 ;
665 1382 693 1429 ut
706 1375 841 1445 negotium
851 1392 898 1433 sa-
944 1378 1019 1427 tatus
1031 1380 1087 1426 tum
1110 1371 1253 1428 taettenon
1269 1375 1384 1430 cederet.
1399 1374 1480 1432 Fides
1496 1377 1529 1432 ab
1545 1376 1590 1432 illu
1604 1378 1732 1450 erigeba-

98 1456 168 1511 tutis
179 1458 336 1513 animarum
351 1462 432 1515 mista
446 1460 589 1519 dulcedine
602 1465 716 1532 mustea,
731 1475 758 1521 ct
771 1469 895 1526 canendo
944 1471 990 1518 tur
1006 1482 1013 1518 ι
1026 1462 1059 1517 tn
1069 1480 1220 1535 quoeunque
1229 1466 1272 1519 tte
1281 1465 1464 1523 comderir'er
1473 1484 1513 1535 ee,
1527 1481 1611 1524 morte
1630 1470 1729 1525 morte-

96 1550 284 1620 prophetaret,
296 1560 323 1607 ιι
332 1554 518 1623 prophetando
531 1566 649 1614 caneret.
664 1557 708 1627 Ut,
727 1558 849 1630 inquiam,
867 1571 895 1618 et
945 1556 982 1610 ria
997 1554 1074 1625 (Cen.
1095 1573 1115 1624 ι,
1136 1556 1191 1629 te).
1205 1558 1240 1612 At
1265 1558 1310 1614 ille
1323 1559 1396 1616 tlieto
1421 1560 1484 1617 hnic
1499 1561 1579 1617 tidem
1610 1579 1664 1619 non
1679 1565 1729 1620 ad·

94 1640 183 1694 uerba
193 1639 314 1696 metricis
326 1641 599 1711 pedibuscurrendo,
611 1647 760 1704 ettinnutae
769 1648 897 1718 redirem
945 1648 1044 1716 hibuit,
1071 1649 1129 1705 imo
1141 1651 1260 1721 serpenti
1285 1653 1373 1725 magis
1394 1654 1509 1710 credidit
1530 1654 1654 1712 dicenti:
1674 1655 1730 1711 lie·

93 1732 209 1788 chorda
217 1733 395 1803 persultando
405 1734 505 1793 sensim
515 1752 561 1808 per
572 1741 692 1798 auresad
707 1743 827 1800 animum
836 1762 894 1816 per·
943 1757 1076 1813 perquem
1099 1752 1182 1798 morte
1204 1745 1324 1800 morieris
1342 1744 1418 1819 (Gen.
1431 1763 1472 1815 ιιι,
1492 1747 1533 1818 i),
1546 1756 1573 1803 ιι
1586 1748 1647 1805 ιοιί
1658 1750 1729 1804 male

92 1824 232 1891 venirent,
248 1824 394 1896 tidcmque,
414 1843 490 1898 spem
505 1837 532 1884 et
542 1829 702 1887 charitatem
718 1833 765 1890 liei
775 1835 890 1893 dulciter
943 1833 1061 1890 credulae
1086 1835 1208 1892 mulieris
1232 1839 1294 1908 pius
1325 1853 1407 1909 quam
1438 1839 1498 1895 roci
1527 1839 1576 1897 bet
1598 1840 1726 1898 obedivit.

93 1915 260 1973 insererent.
286 1918 352 1975 Erat
372 1929 462 1977 autem
486 1923 698 1982 instrumentum
713 1927 773 1998 ejus
786 1930 813 1984 in
829 1947 889 1986 mo-
938 1923 1032 1996 llique
1059 1937 1138 1984 beidi
1168 1928 1213 1985 ilie
1235 1930 1320 1986 Adam
1346 1945 1362 1986 ἃ
1387 1931 1530 1997 Clliiiliiit
1554 1949 1602 2003 spe
1624 1942 1654 1989 ei
1675 1933 1728 1990 ilde

90 2014 252 2072 dundenae
263 2019 756 2089 composituminteriusconeavum,
774 2024 894 2083 ‹temris-
937 2018 1077 2085 excidens,
1108 2032 1179 2076 sect
1196 2022 1382 2091 posteritatem
1406 2036 1485 2077 suam
1505 2023 1686 2094 defraudavit,
1699 2034 1728 2082 et

95 2107 216 2177 pellibus
231 2119 403 2165 mortuorum
425 2111 585 2168 animalium
597 2123 767 2186 coopertum,
783 2116 889 2174 habens
937 2110 1016 2183 longe
1027 2110 1117 2169 tacita
1137 2114 1319 2172 similitudine
1336 2116 1422 2173 beatae
1440 2116 1591 2174 Trinitatis.
1609 2116 1726 2175 licentra

90 2200 190 2257 decem
207 2201 335 2268 chordas,
352 2203 469 2274 desuper
484 2220 595 2262 sonans.
608 2207 675 2274 Quae
689 2207 795 2280 singula
807 2209 886 2265 nobis
936 2218 1027 2259 novus
1049 2203 1134 2260 Adam
1161 2207 1308 2278 reciprocis
1321 2209 1461 2279 gradibus,
1482 2226 1531 2281 per
1545 2210 1636 2276 iidem,
1648 2227 1726 2281 spem

88 2292 199 2362 aliquid
220 2294 377 2364 mysticant.
391 2294 554 2353 Concet’itas
576 2297 690 2354 interior
716 2299 832 2356 terrenis
846 2302 886 2356 la·
935 2307 963 2351 et
976 2297 1138 2353 charitatem
1168 2313 1218 2356 nos
1245 2300 1401 2356 reformarit
1415 2302 1449 2357 ati
1460 2301 1583 2358 mundent
1596 2303 1726 2359 sithiliid-

88 2384 243 2440 erratibus
255 2385 380 2457 designat
393 2401 443 2441 nos
468 2387 526 2442 tore
548 2389 730 2457 evacuandos,
755 2391 886 2462 quemad·
935 2388 1026 2445 dinem
1041 2389 1099 2446 liei.
1115 2389 1148 2447 Et
1175 2393 1260 2447 amnia
1278 2391 1417 2463 Scriptura
1440 2395 1568 2451 diuinitus
1594 2396 1725 2466 inspirata

91 2475 207 2531 rnodurn
239 2476 484 2550 dicittDitpereit,
508 2480 580 2535 dedit
609 2480 784 2551 pompedium
802 2483 885 2552 justi·
935 2481 981 2555 (ll
999 2483 1069 2541 Tim.
1081 2501 1122 2550 ιιι,
1144 2485 1188 2555 to)
1202 2486 1236 2542 ad
1250 2487 1303 2542 hot
1318 2487 1413 2554 tendit,
1424 2488 1559 2559 praecipue
1573 2503 1638 2544 tero
1647 2487 1725 2546 Psal-

89 2568 135 2622 tin
149 2568 208 2637 ejas
222 2579 307 2623 monet
318 2573 345 2624 in
356 2571 483 2626 taculum
494 2571 683 2637 recurreret.
700 2589 740 2640 nr,
756 2573 794 2645 9).
816 2573 892 2630 llnr·v
935 2579 1034 2635 terium
1056 2579 1144 2651 ipsum
1164 2590 1205 2636 ter
1220 2580 1416 2653 quinquaginta
1435 2580 1607 2637 Psalmorum
1631 2581 1726 2637 trimo·

88 2668 207 2713 terrram
220 2660 376 2716 animalium
396 2661 512 2718 inducite
523 2679 575 2718 nos
595 2664 670 2734 ipsos
684 2680 746 2720 cum
763 2665 846 2731 vitiis,
857 2674 885 2723 ct
934 2673 1000 2729 dum
1015 2672 1088 2739 ndei,
1107 2672 1163 2743 spei
1176 2682 1203 2728 ιι
1228 2671 1369 2728 charitatis
1389 2672 1526 2743 praedicat,
1542 2686 1576 2728 ac
1596 2671 1724 2727 decantat

88 2750 321 2820 concupiscentiis
332 2752 431 2808 debere
451 2755 608 2809 mortittcari
627 2754 713 2826 juxta¹
725 2756 790 2811 illud
811 2757 883 2828 Apo·
931 2767 1083 2838 jubilaeum.
1105 2771 1127 2821 Α
1154 2767 1253 2837 qtrtbus
1271 2766 1416 2822 virtutibus
1433 2765 1538 2837 (utiam
1550 2763 1654 2822 dictum
1668 2765 1721 2836 est)

89 2841 155 2897 stoli
172 2862 180 2897 τ
196 2841 356 2913 dlertificnte
377 2844 493 2899 mamhra
520 2857 617 2914 matra,
641 2863 700 2918 ettae
722 2859 782 2903 sunt
804 2866 883 2920 super
933 2860 1039 2930 primus
1065 2860 1147 2915 homo
1169 2858 1288 2921 excidit,
1315 2857 1434 2927 primum
1461 2855 1604 2923 claritate,
1625 2853 1722 2913 deinde

88 2946 190 2988 terram
208 2934 278 3006 (Cal.
304 2951 344 3004 ιιι,
366 2937 405 3008 5),
434 2936 600 2994 Decachordi
620 2941 736 3011 positio,
759 2945 889 3018 decalogi
933 2967 992 3023 spe,
1008 2969 1040 3009 aa
1065 2962 1203 3022 postremo
1226 2952 1278 3008 lide
1303 2950 1417 3023 perdita,
1434 2949 1495 3007 sine
1518 2949 1721 3021 quibustrullus

86 3038 131 3084 cst
163 3028 328 3084 obsecratio.
358 3028 430 3085 Soni·
449 3031 565 3102 desuper
594 3035 714 3103 emissio,
730 3038 892 3094 coelestium·
933 3042 1051 3097 littorum
1072 3042 1131 3111 cjns
1147 3042 1259 3096 salutem
1284 3048 1436 3110 recuperat,
1451 3039 1721 3110 reciprocatotamcrr

88 3127 197 3172 tarnum
218 3128 259 3175 est
271 3119 412 3189 appetitio,
427 3120 513 3176 solius
543 3120 591 3177 Dei
610 3123 729 3192 ditectio,
757 3136 787 3183 ut
808 3130 878 3184 idern
893 3141 914 3198 (ζ
930 3134 1035 3198 ordine,
1062 3134 1089 3188 id
1105 3144 1153 3189 est
1171 3134 1288 3204 primurn
1304 3133 1366 3198 ilde,
1381 3132 1478 3188 deinde
1497 3146 1555 3202 spe,
1582 3140 1721 3202 postremo

87 3214 257 3282 Apostolus:
274 3224 365 3268 namra
383 3224 482 3281 autam,
498 3215 595 3286 inquit,
608 3221 771 3274 conuersatio
784 3222 811 3275 in
831 3239 881 3277 ιιι-
930 3225 1062 3280 charitate
1076 3239 1212 3294 possessa.
1225 3222 1287 3279 llaec
1302 3232 1392 3279 autent
1408 3221 1474 3279 hdes
1488 3222 1515 3277 in
1529 3238 1583 3276 trno
1598 3221 1720 3289 homine,

84 3306 121 3361 lia
138 3316 177 3360 eat
192 3305 276 3376 (Phil.
289 3322 330 3372 m,
345 3305 401 3373 td).
416 3305 506 3364 Somm
522 3308 616 3365 tidium
644 3309 701 3380 ipsa
713 3321 754 3366 est
764 3314 880 3383 prolatio
931 3314 988 3370 haec
1001 3331 1064 3385 spes
1079 3315 1106 3369 in
1119 3315 1342 3386 unoeodemque,
1355 3315 1412 3370 baee
1424 3314 1618 3386 charitaserga
1633 3329 1719 3368 unum

83 3414 198 3454 rorum.
215 3397 348 3454 biscrctio
361 3397 508 3469 digitorum
535 3400 678 3471 pluralitas
703 3412 746 3458 est
760 3403 879 3475 Spiritus
929 3405 1111 3476 eumdemque
1144 3406 1281 3460 hominem
1313 3404 1453 3460 Christum
1480 3402 1655 3474 possidenda.
1685 3401 1720 3458 Et

84 3493 563 3565 sanctidonorum,quorumetiam
589 3494 676 3549 motio
696 3496 879 3566 qrrorumlibct
930 3498 1017 3568 prima
1048 3498 1157 3568 qrrldcm
1185 3514 1258 3567 pars,
1276 3497 1302 3552 td
1330 3507 1372 3553 cst
1388 3496 1586 3568 quinquaginta
1608 3494 1717 3566 psalmi,

81 3585 223 3655 justorum
238 3596 280 3642 est
295 3586 426 3656 operatio.
445 3583 539 3658 Neque
550 3585 604 3642 hoc
614 3595 722 3642 raeata
738 3590 877 3662 mysterio,
929 3600 1030 3661 septem
1042 3591 1178 3660 periochis
1191 3590 1401 3660 recapitulando,
1414 3590 1486 3660 quod
1499 3588 1609 3644 credere
1620 3587 1718 3644 debea-

82 3677 170 3744 guod,
183 3685 214 3732 ut
230 3678 361 3744 diximus,
381 3677 408 3732 in
421 3677 533 3732 modum
563 3675 643 3732 deltae
656 3678 876 3750 Craecaelitterae,
929 3696 1000 3746 mus,
1020 3681 1159 3750 praedicat.
1189 3679 1315 3736 Secunda
1341 3691 1431 3737 autem
1450 3696 1514 3752 pars
1526 3681 1618 3735 itidem
1634 3679 1716 3750 quin·

82 3768 257 3837 Psalterinm,
272 3770 337 3826 illud
349 3772 484 3827 musicum
497 3771 707 3827 instrumentum
722 3783 780 3828 erat
792 3773 878 3829 trian-
928 3771 1059 3843 quaginta
1079 3771 1247 3842 psalmorum
1263 3782 1365 3840 septem
1381 3770 1560 3826 nihilominus
1578 3767 1716 3839 periochis

82 3865 219 3935 gulatum.
245 3863 297 3920 Sed
316 3864 397 3921 estin
419 3864 540 3919 hocnon
562 3865 779 3922 solumsummae
791 3865 879 3922 Trini·
928 3863 1095 3919 recursando
1123 3880 1198 3934 spem
1228 3863 1397 3918 corroborat.
1416 3862 1507 3920 tertia
1522 3880 1712 3937 qntrquepars,

82 3958 150 4012 tatis
162 3957 333 4030 mysterium,
349 3957 422 4028 quod
447 3956 553 4014 Psalmi
566 3966 706 4026 resonant,
733 3960 876 4016 sedetiam
927 3956 1121 4028 mritrqnaginta
1150 3955 1317 4027 psalmorum
1339 3956 1500 4012 charitatem
1515 3959 1615 4029 septies
1636 3976 1713 4017 reca-

81 4050 215 4104 rirtutum
231 4050 428 4120 praecipuarum
440 4050 563 4120 quedam
579 4049 699 4106 Trinitas
711 4051 875 4120 insinuetur,
926 4049 1066 4120 pitulando
1089 4049 1324 4106 benedictionibus
1337 4059 1365 4106 et
1376 4049 1503 4106 laudibus
1513 4052 1675 4122 conjubilat.

80 4161 137 4214 qna
150 4159 265 4198 surmnae
277 4140 404 4197 Trinitati
419 4157 514 4198 sumus
529 4143 734 4199 reconciliandi.
960 4140 1029 4196 Cum
1047 4151 1137 4197 autem
1154 4141 1257 4197 soleant
1270 4143 1297 4198 in
1318 4143 1404 4197 initiis
1421 4143 1553 4198 librorum
1572 4145 1650 4216 plura
1668 4145 1712 4201 in·

119 4233 184 4289 Tria
199 4237 272 4290 enim
287 4245 361 4302 sunt,
379 4250 503 4306 perque
521 4235 631 4290 ducitur
648 4236 731 4292 borno
744 4236 778 4291 ad
799 4236 877 4292 simi·
925 4233 1009 4303 quiri,
1021 4244 1139 4303 quatuor
1151 4232 1194 4287 hio
1209 4249 1263 4287 non
1281 4234 1369 4289 otiose
1388 4246 1548 4304 quaeruntur
1563 4254 1570 4291 ε
1585 4235 1710 4306 dicterio,

80 4327 224 4384 titudinem
241 4328 287 4385 Dei
300 4328 378 4399 juxta
400 4328 569 4400 propositum
588 4330 648 4401 ejus
669 4331 784 4387 dicentis
799 4348 806 4385 ι
821 4330 875 4384 Fu·
926 4325 1047 4390 intentio,
1066 4327 1158 4377 modus
1179 4323 1324 4390 tractandi,
1341 4324 1436 4378 timim
1460 4325 1533 4381 iibri.
1555 4322 1593 4382 lle
1610 4326 1712 4398 quibus

78 4420 184 4475 domm
205 4419 335 4474 bominem
356 4421 392 4474 od
415 4420 557 4491 imaginem
571 4433 596 4476 et
611 4423 646 4476 mi
670 4422 882 4478 sintititudiaem
924 4417 1042 4473 breviter
1053 4416 1186 4472 dicimus:
1201 4415 1317 4470 liuterin
1331 4416 1393 4471 libri
1405 4425 1446 4472 est
1459 4417 1709 4490 integertlhristus,

79 4521 200 4567 nostram
217 4512 400 4583 (Gen,1‚2t3),
422 4511 484 4569 flaee
501 4513 553 4569 tri-,1
570 4524 633 4570 sunt
655 4514 731 4583 ortes,
758 4531 831 4586 spes,
846 4525 874 4571 ep
888 4504 911 4560 b
925 4508 951 4564 id
966 4517 1008 4563 est
1022 4516 1103 4577 caput
1117 4522 1184 4562 cum
1192 4506 1321 4562 mortibus
1340 4508 1479 4563 membris.
1508 4506 1624 4564 intentio
1646 4521 1709 4567 est:

78 4607 211 4664 charitas.
226 4604 294 4661 Nam
321 4607 355 4663 ad
375 4607 522 4678 imaginem
542 4607 589 4663 hei
610 4607 693 4678 bomo
712 4619 820 4664 creatus
831 4621 873 4665 est
924 4604 982 4673 ipsa
997 4602 1123 4657 membra
1136 4603 1278 4672 provocari
1290 4601 1323 4655 ad
1338 4600 1583 4658 conformationem
1599 4604 1707 4676 eapitis,

79 4701 108 4754 in
136 4715 170 4755 ιο
206 4700 280 4770 quod
300 4700 471 4756 rationabilis
493 4712 545 4756 est.
573 4699 661 4754 Porro
687 4702 721 4756 ad
749 4702 871 4772 ejusdem
923 4693 1486 4765 itautsingulamembratalicapitisirtt
1506 4695 1707 4761 convenientia,

78 4789 221 4845 creatricis
233 4788 375 4846 Trinitatis
389 4791 511 4861 pervenit
521 4790 726 4846 similitudinem
746 4791 871 4847 habendo
922 4788 986 4860 quia
1005 4785 1227 4855 iornraeorporis
1243 4793 1285 4839 cst
1304 4794 1459 4856 portentosa
1472 4794 1499 4840 ιι
1521 4796 1706 4852 monstruosa,

78 4883 131 4937 tria
146 4881 221 4936 haec:
236 4881 328 4947 tndem,
344 4897 418 4953 spem
432 4892 459 4937 ιι
471 4883 643 4938 charitatem.
665 4883 688 4935 Α
703 4882 803 4955 quihus
815 4885 871 4955 pri·
922 4879 945 4934 si
960 4894 978 4933 a
996 4877 1084 4947 capite
1098 4877 1309 4932 disconveniunt
1325 4876 1456 4944 membra,
1476 4877 1550 4932 uerbi
1565 4877 1668 4948 gratia,
1683 4877 1706 4933 si

78 4988 141 5027 tuus
165 4974 248 5030 trumo
271 4973 399 5029 excidens
428 4975 520 5031 amisit
546 4975 660 5045 gloriam
685 4975 870 5034 similitudinis
921 4981 1003 5040 caput
1017 4976 1129 5038 apparet
1150 4968 1238 5023 virilis
1261 4969 1360 5035 aetatis,
1383 4982 1411 5025 et
1428 4985 1536 5036 manus,
1557 4969 1599 5024 ιιι
1623 4969 1707 5041 pedes

77 5064 125 5120 bet
141 5066 187 5120 tali
203 5066 311 5133 ordine,
327 5077 357 5121 ut
375 5083 430 5122 nou
451 5068 612 5123 admitteret
626 5068 801 5136 alteritatem,
815 5085 869 5125 non
921 5071 1051 5133 apparent
1065 5061 1198 5117 irlandia
1211 5062 1252 5117 rel
1265 5063 1378 5133 puerilia
1397 5064 1527 5118 membra.
1541 5060 1618 5116 Unde
1630 5061 1706 5133 Apo-

77 5165 182 5212 teneret
191 5172 279 5228 spem,
293 5173 348 5213 non
373 5158 484 5214 haberet
498 5159 587 5214 tidem.
602 5157 724 5214 Primum
752 5176 870 5232 namque
920 5161 1007 5216 stolus
1032 5176 1141 5231 quoquc
1169 5170 1263 5218 monet
1287 5176 1338 5217 nos
1361 5160 1531 5216 crescerem
1554 5177 1705 5215 mensnram

76 5249 238 5319 exigebatur
253 5250 288 5306 ab
311 5251 476 5308 eocharitas
490 5251 537 5306 Dei
554 5253 581 5306 in
607 5267 650 5318 eo,
669 5252 743 5323 quod
763 5255 869 5309 cunetis
919 5256 1008 5308 tataris
1023 5255 1194 5323 ptrrtitadinia
1220 5252 1320 5309 Christi
1341 5252 1420 5324 (Epir.
1433 5268 1470 5318 rr,
1496 5254 1551 5322 tt).
1579 5251 1704 5306 Christus

76 5341 264 5397 animantibus
287 5357 351 5397 euru
376 5340 448 5399 Deus
476 5342 636 5398 dissimilem
669 5344 742 5408 iecit,
763 5344 867 5415 etquia
919 5352 1010 5400 autem
1025 5345 1052 5399 in
1065 5347 1153 5416 capite
1166 5346 1233 5401 libri
1247 5346 1330 5418 hujus
1351 5344 1558 5401 insinuaturrir
1569 5351 1702 5407 maturus,

75 5449 133 5490 non
160 5435 349 5491 inveniebatur
376 5435 400 5491 ei
425 5436 532 5505 adjutor
545 5436 642 5492 similis
663 5436 733 5506 ejus.
768 5434 867 5490 Facin—
919 5437 965 5492 ubi
989 5437 1108 5494 dicitur:
1122 5438 1221 5494 Beatus
1243 5440 1284 5492 cir
1311 5437 1399 5508 (Pani.
1420 5438 1451 5508 t).
1468 5435 1525 5491 lliri
1541 5451 1607 5508 ergo
1620 5433 1703 5504 huius

77 5542 148 5593 mua,
162 5528 212 5594 ait,
226 5527 487 5598 adjutoriumaimite
509 5528 551 5581 aui
563 5526 639 5599 (Cen.
658 5544 687 5593 ιι,
702 5527 758 5595 ts),
773 5527 868 5582 ridell·
918 5530 1068 5584 maturitati
1090 5546 1186 5585 sumus
1210 5528 1460 5592 commensurandi,
1486 5537 1567 5598 prout
1589 5525 1702 5595 requirit

76 5629 123 5676 eet
136 5621 171 5677 ad
187 5622 391 5693 propagandam
419 5620 539 5677 sobolem
553 5628 607 5675 tam
631 5623 754 5686 multam,
787 5631 867 5676 tante
917 5622 1040 5691 aptitudo
1065 5622 1252 5693 cujuscunque
1263 5620 1389 5688 membri,
1404 5631 1443 5687 ut,
1455 5620 1530 5676 verbi
1542 5620 1638 5694 gratia,
1653 5617 1701 5691 qui

78 5712 264 5780 lentitudinis,
278 5723 308 5769 ut
318 5724 409 5770 essent
423 5714 526 5770 similes
536 5715 649 5785 angelis.
663 5714 785 5786 Tutitgtte
796 5733 864 5782 eum,
917 5727 982 5772 sunt
994 5718 1020 5773 in
1030 5718 1131 5773 Christi
1144 5731 1371 5787 corporemagno,
1380 5717 1452 5787 qrrod
1469 5727 1510 5774 est
1519 5716 1700 5783 Ecclesia,rel

76 5815 104 5862 et
127 5808 214 5877 posuit
242 5810 268 5862 in
300 5806 425 5879 paradiso
454 5808 593 5879 rolnptntir
612 5806 705 5880 (trid,
733 5809 786 5879 lb).
815 5808 866 5864 ihu
917 5809 1257 5880 rnannsbene«precando,
1274 5808 1315 5864 rel
1336 5809 1407 5864 oculi
1426 5809 1699 5883 eorrtetrtplarrdo,tel
