3817 6000
328 225 444 294 9δῖ

331 363 585 411 mensam
614 348 734 405 sine
779 346 1223 410 ἰτ1100111ἱ511ῑ111111,
1263 346 1600 414 1111111111111

330 441 484 512 'patio
514 438 724 495 sororis
751 438 907 491 Marti
895 442 995 491 11101
1031 434 1394 503 Qnss'ttliztntffi
1424 434 1564 487 1111111
1604 434 1756 499 111-111111
1816 446 1912 499 [1.·1-

1287 222 1592 282 flantium
1635 216 2024 278 tiltsfflussffit’rt
2061 210 2608 277 RElCllERSPERG.

1648 346 1716 398 sit
1744 358 1912 394 1101111-
1943 345 1989 401 A
2017 345 2206 395 sancta
2230 336 2494 394 desideria
2525 334 2954 406 conjunguntur,
2973 333 3126 405 ipsis,
3150 347 3262 389 non
3285 348 3409 404 quae
3433 347 3611 404 super

3486 194 3604 275 see

2017 444 2240 497 terram,
2264 429 2358 486 sed
2387 443 2510 500 quae
2540 441 2760 485 sursum
2791 437 2921 483 sunt
2955 426 3330 498 sapientibus,
3363 425 3457 481 ubi
3515 435 3609 494 tu,

327 533 439 590 scit
470 531 739 589 Martham
771 531 1135 587 1111111110111111111
1159 543 1299 585 111-1111
1327 539 1388 579 111.
1420 527 1536 579 111111,
1544 527 1672 579 11111
1708 531 1916 587 1111111111
2012 523 2126 595 iam
2156 523 2211 578 in
2247 531 2299 577 te
2330 537 2451 593 ipso
2470 521 2644 587 dives
2692 535 2816 577 cum
2846 518 3005 575 Patre
3035 518 3222 575 multis
3244 518 3406 575 bonis
3457 518 3612 574 indi-

329 624 487 679 ‘circa
518 622 1223 692 11οη1101111111111Ε11111·,1111111
1271 619 1496 671 1111011111·
1544 631 1768 683 [1111111111ἒ
1824 631 1920 683 1111-

339 722 546 770 slorem
578 728 739 768 suum
767 715 819 767 iu
855 715 967 763 111111.-
1015 711 1344 779 pauperum
1368 751 1380 775 ,
1416 711 1672 771 1011111110,
1708 711 1796 779 qui
1828 727 1920 759 tn*-

333 815 468 863 ‘cant
495 807 666 861 verbo
696 804 780 859 vel
803 804 1077 867 docendo,
1109 814 1169 857 ut
1191 800 1467 865 Christus,
1492 799 1577 853 vel
1603 799 1920 854 auscultan-

340 901 413 954 do
449 909 508 955 ut
543 897 737 964 Maria,
766 897 833 952 de
855 910 966 967 quo
996 895 1167 967 verbo
1196 893 1513 964 quotidiana
1541 899 1625 948 est
1652 889 1919 946 fortitudo

342 992 448 1063 ipsi
472 989 698 1046 Marthae
721 987 1022 1055 laboranti,
1073 995 1127 1042 et
1168 985 1353 1040 Mariae
1380 985 1556 1041 sorori
1579 984 1700 1055 ejus
1729 997 1922 1055 supera-

344 1079 723 1137 substantialis
752 1077 985 1135 dulcedo
1028 1077 1265 1131 vacanti.
1304 1075 1408 1129 Per
1435 1077 1581 1130 hunc
1615 1089 1809 1145 panem
1841 1073 1922 1129 sic

336 1172 600 1242 pinguem
622 1213 638 1238 ,
694 1168 775 1225 sic
831 1168 1054 1239 plenum
1086 1166 1256 1222 totius
1282 1166 1443 1220 bonae
1476 1161 1826 1234 pinguedinis
1868 1169 1925 1216 et

334 1261 650 1319 dulcedinis
676 1261 1036 1330 omniumque
1058 1258 1378 1314 deliciarum
1411 1272 1507 1311 rex
1524 1255 1785 1310 Christus
1829 1255 1925 1307 ho-

344 1353 644 1406 locaustum
671 1351 743 1407 sit
767 1349 927 1405 nobis
947 1349 1161 1420 pin-que,
1195 1356 1254 1402 ut
1278 1347 1333 1401 in
1363 1356 1715 1403 sacrosancta
1757 1347 1925 1417 huj-us

342 1443 504 1514 >panis
528 1442 797 1498 fractione
823 1456 895 1497 -30
933 1441 1303 1496 ruminatione
1331 1439 1582 1496 delectati
1606 1447 1659 1496 et
1688 1439 1926 1511 saginati

347 1535 506 1607 plene
532 1535 891 1608 gaudeamus,
923 1540 978 1588 et
1006 1532 1265 1603 gaudium
1300 1540 1551 1587 nostrum
1582 1545 1744 1587 nemo
1772 1531 1928 1586 tollat

346 1643 378 1681 a
409 1627 594 1694 nobis,
647 1641 808 1681 nemo
849 1623 1152 1696 perturbet,
1186 1623 1279 1679 sed
1312 1623 1581 1693 integrum
1616 1629 1928 1693 perseveret
1956 1667 1964 1677 .

347 1735 580 1790 semper.
612 1717 710 1785 lta,
737 1717 984 1783 Domine,
1010 1717 1550 1771 holocaustumtuum
1588 1716 1777 1787 pinque
1805 1717 1924 1786 fiat,

349 1828 457 1868 non
508 1811 575 1867 ad
619 1812 811 1866 horam
861 1808 1069 1865 faciens
1118 1807 1277 1864 uobis
1322 1806 1780 1875 exsultationem,
1830 1807 1928 1864 sed

350 1920 587 1974 semper.

419 1994 534 2049 Hoc
562 1993 710 2049 enim
754 1993 909 2060 loco,
948 1993 1042 2048 ubi
1088 1990 1441 2062 Septuaginta
1471 1997 1779 2061 posuerunt
1803 1988 1930 2043 dia-

342 2084 577 2156 psalma,
602 2082 810 2140 Hebraei
838 2084 1040 2139 habent
1087 2083 1218 2151 sela,
1252 2084 1305 2138 id
1336 2092 1420 2139 est
1444 2098 1664 2153 semper.
1693 2080 1753 2137 ln
1780 2090 1932 2137 utra⁴

350 2192 455 2248 que
485 2176 667 2247 lingua
704 2176 907 2232 veritas
934 2183 1023 2231 est
1062 2190 1346 2245 expressa.
1379 2173 1516 2229 Nam
1546 2175 1679 2229 etin
1717 2175 1822 2229 hoc
1852 2173 1933 2227 lo-

348 2285 417 2325 οο
450 2269 600 2324 velut
630 2267 783 2341 {inita
817 2267 906 2324 die
948 2268 1299 2324 tribulatione
1330 2266 1560 2322 materia
1588 2267 1784 2337 psalmi
1816 2265 1932 2320 dis-

348 2362 641 2433 tinguitur,
677 2368 735 2422 et
784 2360 851 2416 de
893 2359 1113 2415 tristitia
1152 2359 1426 2430 passionis
1454 2358 1523 2414 ad
1558 2359 1800 2414 laetitiam
1844 2374 1932 2414 re-

349 2453 714 2510 surrectionis
745 2454 805 2510 lit
830 2452 1052 2524 quidam
1076 2453 1360 2508 transituS.
1392 2449 1549 2507 Unde
1577 2467 1816 2524 congrue
1842 2450 1932 2506 hic

351 2546 720 2617 interponitur
757 2544 1082 2615 diapsalma.
1115 2542 1329 2599 llehraei
1358 2553 1564 2612 autem,
1609 2545 1702 2615 qui
1730 2544 1933 2599 habent

350 2637 410 2693 in
455 2639 562 2694 hoc
607 2640 730 2694 loco
776 2637 910 2705 sela,
953 2635 1100 2709 quod
1133 2637 1523 2708 iuterpretatur
1552 2651 1774 2708 semper,
1806 2637 1935 2692 licet

350 2724 576 2805 propter
602 2733 855 2788 velamen
886 2746 1000 2787 suae
1042 2729 1202 2787 faciei
1245 2729 1649 2801 superpositum
1694 2744 1804 2784 non
1852 2729 1932 2784 vi-

353 2824 521 2881 deant
540 2823 864 2880 aeternitatis
893 2824 1097 2890 lucem,
1136 2838 1259 2895 quae
1288 2838 1386 2895 per
1414 2839 1615 2893 semper
1653 2821 1933 2893 signitica-

354 2927 482 2972 tur:
509 2926 687 2972 tamen
718 2916 821 2987 ipsi
846 2916 976 2972 caeci
998 2917 1120 2973 aliis
1142 2915 1450 2973 videntibus
1471 2915 1654 2970 lumen
1682 2914 1935 2985 ingerunt

2017 630 2111 686 ges
2135 615 2188 668 in
2214 624 2309 669 tuo
2331 627 2560 683 corpore
2597 611 2810 668 adhuc'
2799 627 2852 665 10
2896 610 3057 666 terris
3082 610 3486 682 peregrinante.
3510 607 3614 665 ln-

2021 716 2102 761 ter
2129 706 2301 761 multa
2324 707 2523 776 quibus
2559 704 2772 776 indiges
2799 703 3118 774 plurimum,
3142 703 3227 758 vel
3248 703 3489 759 maxime
3514 704 3616 759 in·

2018 802 2173 875 diges
2197 802 2460 874 operariis
2489 801 2543 856 in
2574 815 2753 857 messe
2792 809 2882 856 tua
2914 799 3106 855 multa.
3161 796 3331 869 Igitur
3373 805 3446 864 te,
3490 795 3614 851 Do·-

2020 895 2189 962 mine,
2221 893 2532 965 suppliciter
2555 906 2848 948 exoramus
2876 901 2935 947 ut
2967 905 3182 962 gregem
3209 898 3384 956 tuum,
3409 886 3617 945 Pastor

2021 993 2242 1053 ae'terne,
2268 1000 2376 1041 non
2406 985 2649 1051 (1050035,
2682 983 2776 1039 5οᾱ
2816 999 2912 1054 per
2945 983 3134 1038 beatos
3167 990 3224 1037 et
3264 980 3442 1036 bonos
3469 996 3620 1050 ope-

2021 1078 2198 1134 000105
2249 1075 2508 1133 continua
2556 1074 2894 1147 protectione
2938 1071 3238 1140 custodias,
3287 1079 3350 1127 ut
3394 1069 3618 1126 eisdem

2022 1167 2328 1224 rectoribus
2362 1181 2539 1237 usque
2576 1166 2632 1220 in
2658 1166 2822 1221 linem
2847 1164 3201 1235 gubernetur,
3231 1177 3373 1233 quos
3420 1160 3619 1232 operis

2024 1262 2105 1318 tui
2130 1261 2366 1318 vicarios
2391 1260 2567 1315 eidem
2599 1257 2880 1315 contulisti
2919 1270 3152 1327 praeesse
3176 1262 3443 1325 pastores.
3491 1254 3620 1308 noe

2024 1349 2123 1406 tibi
2148 1358 2364 1423 gratum
2397 1355 2452 1405 et
2477 1358 2572 1404 tuo
2592 1347 2745 1403 cordi
2786 1345 3187 1416 beneplacitum
3214 1343 3509 1398 credimus.
3544 1341 3619 1396 Et

2027 1443 2148 1499 ideo
2169 1458 2292 1499 cum
2326 1441 2554 1512 angelis,
2582 1447 2638 1496 et
2671 1436 3037 1511 archangelis,
3081 1452 3210 1493 cum
3264 1435 3502 1502 thronis,
3556 1443 3618 1489 et

2025 1535 2516 1601 dominationibus„
2542 1548 2777 1605 cumque
2792 1532 2941 1588 omni
2969 1529 3162 1587 militia
3192 1530 3432 1586 coelestis
3458 1543 3618 1584 excr-

2029 1629 2172 1685 citus
2198 1637 2292 1685 tuo
2317 1627 2470 1684 cordi
2502 1625 2771 1691 favemus,
2796 1633 2855 1680 et
2878 1623 3114 1679 dicimus
3140 1640 3155 1676 ε

2105 1718 2267 1777 Vens.
2296 1721 2349 1777 5.
2380 1719 2600 1775 Tribuat
2636 1718 2733 1772 tibi
2759 1717 3045 1773 secundum
3068 1731 3161 1769 cor
3192 1723 3363 1779 tuum,
3384 1723 3435 1768 et
3459 1713 3621 1769 σκιαὶ

2024 1813 2309 1868 consulum
2332 1821 2482 1867 tuum
2502 1811 2798 1881 confirmet.
2850 1807 2990 1876 Tibi,
3021 1807 3261 1875 Christe,
3320 1822 3471 1863 nunc
3519 1822 3619 1862 se·-

2028 1905 2177 1961 denti
2207 1904 2277 1961 ad
2304 1905 2583 1961 dexteram
2614 1901 2790 1958 Patris
2815 1901 3013 1956 tribuat
3047 1901 3166 1972 ipse
3197 1900 3356 1955 Pater
3381 1900 3439 1955 in
3463 1915 3618 1956 mes*

2030 2013 2147 2055 sem
2174 2005 2319 2052 tuam
2351 1997 2488 2052 tales
2534 1995 2838 2065 operarios,
2881 1994 2975 2065 qui
3023 1993 3133 2050 sint
3182 1993 3470 2047 secundum
3516 2007 3619 2046 cor

2033 2098 2200 2144 tanin.
2232 2088 2356 2143 Fuit
2379 2086 2654 2159 quondam
2681 2085 2814 2142 Saul
2859 2102 2955 2141 rex
3004 2086 3262 2156 praelatus
3291 2085 3493 2156 populo
3519 2095 3616 2139 tuo

2031 2195 2141 2235 non
2171 2180 2456 2234 secundum
2478 2194 2571 2233 cor
2600 2186 2770 2245 tuum,
2818 2177 2914 2233 scd
2946 2178 3245 2233 secundum
3282 2190 3378 2232 cor
3424 2176 3615 2247 populi

2030 2273 2236 2329 electus
2263 2281 2318 2327 et
2344 2271 2542 2337 bouus,
2565 2285 2676 2340 quo
2703 2278 2889 2325 amoto
2926 2270 3281 2341 regnavitrex
3304 2267 3475 2324 David
3501 2284 3616 2323 non

2031 2364 2333 2421 secundum
2355 2379 2450 2420 cor
2478 2362 2687 2434 populi,
2714 2363 2809 2419 sed
2837 2364 3124 2418 secundum
3162 2379 3254 2416 cor
3307 2372 3457 2416 tuum
3498 2362 3617 2417 ete⁶

2026 2465 2153 2513 ctus
2183 2466 2235 2513 et
2266 2456 2466 2522 bonuS,
2491 2464 2545 2511 et
2568 2456 2822 2511 inventus
2840 2456 2896 2510 in
2924 2471 3155 2512 numero
3178 2464 3497 2513 sanctorum
3525 2471 3619 2513 se-

2033 2548 2272 2604 cundum
2294 2564 2391 2605 cor
2435 2557 2612 2604 tuum.
2656 2546 2814 2603 Unde
2857 2555 2912 2603 et
2946 2548 3114 2604 dicis:
3150 2568 3168 2600 ‹
3199 2546 3382 2603 inveni
3443 2545 3616 2603 David

2034 2654 2252 2694 servum
2280 2654 2485 2708 meum,
2511 2647 2567 2695 et
2587 2638 2708 2694 oleo
2733 2646 2921 2694 sancto
2941 2652 3065 2694 meo
3090 2638 3221 2694 unxi
3260 2653 3388 2695 eum
3432 2638 3610 2713 (Psat-

2032 2746 2297 2799 txxxvui,
2339 2731 2452 2803 fil).
2504 2750 2523 2783 1
2571 2728 2703 2786 item
2739 2749 2752 2784 :
2800 2749 2819 2783 1
2853 2728 3038 2784 inveni
3093 2727 3273 2785 David·
3310 2731 3617 2786 secundum

2035 2839 2131 2880 cor
2157 2839 2359 2878 mcum.
2398 2842 2418 2876 ι
2453 2822 2719 2878 Similiter
2748 2822 2933 2894 itaque
2956 2838 3103 2878 nunc
3125 2839 3373 2890 00310115,
3405 2822 3616 2895 tibique

2036 2916 2090 2970 in
2117 2915 2310 2971 dextra
2341 2915 2520 2972 Patris
2541 2916 2906 2987 interpellanti
2932 2926 3123 2972 nostra
3158 2925 3282 2972 vota
3317 2916 3614 2985 sociamus,

359 3022 458 3078 per
493 3008 599 3063 hoc
637 3009 958 3064 adverbium
1010 3009 1238 3080 psalmis
1277 3008 1471 3064 crebro
1524 3007 1928 3077 interpositum,
1960 3036 2002 3094 C
2036 3009 2278 3081 rogando
2307 3007 2546 3076 Patrem,
2571 3017 2632 3064 ut
2654 3025 2845 3065 omnes
2873 3011 3177 3079 operarios,
3223 3025 3417 3066 omnes
3464 3011 3616 3082 prin-

359 3102 526 3172 quod,
562 3102 706 3157 sicut
732 3101 1052 3172 praedictum
1092 3109 1205 3168 est,
1245 3099 1568 3155 aeternitatis
1600 3110 1683 3153 est
1720 3098 1933 3168 signifi-

356 3194 623 3260 cativum,
651 3194 810 3263 cujus
834 3192 1175 3263 interpositio
1198 3207 1440 3262 congrua
1468 3199 1552 3247 est
1582 3192 1638 3246 in
1677 3191 1783 3246 hoc
1810 3191 1935 3246 loco

357 3285 674 3357 subjuncta,
708 3285 1030 3341 holocausto
1059 3285 1113 3339 in
1147 3296 1410 3339 aeternum
1455 3283 1787 3357 flagraturo,
1841 3284 1935 3340 illo

355 3378 645 3437 sacerdote
667 3377 799 3434 illud
828 3376 1090 3432 offerente
1110 3377 1409 3433 secundum
1440 3378 1687 3434 ordinem
1709 3376 1938 3433 Melchi-

360 3471 588 3537 sedech,
613 3471 843 3540 quinon
880 3477 940 3523 ut
968 3469 1152 3523 Aaron
1201 3470 1499 3541 temporale
1546 3469 1934 3539 sacerdotium,

359 3562 456 3618 sed
506 3564 649 3619 sicut
701 3561 1097 3619 Melchisedech
1137 3565 1529 3635 sempiternum
1561 3565 1724 3620 hahet
1753 3580 1938 3620 sacer-

356 3655 588 3712 dotium.
618 3654 789 3725 Unde,
824 3666 878 3713 et
910 3659 1121 3716 salvare
1150 3659 1203 3713 in
1234 3667 1551 3729 perpetuum
1581 3666 1757 3729 potest
1786 3674 1940 3715 acce·

357 3748 493 3805 deus
517 3747 630 3821 (50)
670 3765 769 3821 per
797 3752 1147 3821 semetipsum
1176 3752 1241 3806 ad
1282 3750 1475 3817 Deum,
1506 3766 1721 3822 semper
1748 3752 1938 3807 vivens

357 3842 428 3897 ud
455 3842 908 3913 interpellandum
939 3858 1040 3914 pro
1068 3843 1205 3911 suis,
1237 3843 1470 3902 offerens
1497 3844 1751 3900 videlicet
1780 3843 1938 3900 holo-

356 3942 611 3989 caustum
641 3949 741 4005 pro
773 3934 1015 3990 humana
1053 3936 1229 3991 salute
1255 3936 1534 3991 hominem
1559 3945 1898 4006 assumptum
1918 3977 1934 4001 ,

357 4035 415 4082 et
463 4036 637 4083 totum
677 4027 976 4084 divinitatis
1019 4028 1197 4101 ignem
1230 4030 1536 4095 incensum,
1587 4028 1733 4098 quod
1780 4027 1939 4082 holo-

357 4129 614 4176 caustum
655 4121 712 4174 iu
752 4127 1050 4192 conspectu
1089 4119 1183 4175 Dei
1222 4118 1405 4175 Patris
1438 4130 1522 4175 est
1557 4122 1760 4191 pingue
1798 4136 1938 4174 sem-

357 4228 471 4285 per.

430 4304 496 4361 Et
521 4304 739 4375 quidem
768 4312 849 4372 tu,
878 4303 1114 4372 Christe,
1133 4304 1387 4360 sacerdos
1417 4320 1633 4376 magne,
1663 4323 1683 4356 1
1718 4306 1772 4361 in
1798 4314 1937 4361 tem·

2033 3103 2204 3173 cipeS,
2258 3117 2452 3157 omnes
2485 3111 2754 3174 pastores,
2794 3103 2889 3174 qui
2928 3103 3229 3159 secundum
3283 3118 3381 3159 cor
3429 3105 3616 3174 populi

2036 3203 2165 3250 sunt
2189 3194 2349 3250 electi
2370 3204 2425 3250 et
2446 3194 2598 3260 boni,
2617 3194 2748 3250 dum
2779 3195 3016 3266 peccatis
3040 3194 3383 3265 exigentibus
3409 3210 3508 3265 per
3530 3203 3616 3249 ta-

2036 3286 2116 3342 les
2137 3285 2491 3357 flagellandus
2513 3295 2598 3343 est
2623 3286 2882 3359 populus,
2925 3296 3023 3342 aut
3072 3285 3244 3342 facias
3274 3301 3397 3343 esse
3456 3288 3613 3355 tales,

2036 3379 2129 3448 qui
2162 3379 2273 3433 sint
2298 3393 2408 3434 nou
2440 3380 2740 3435 secundum
2783 3395 2882 3435 cor
2925 3380 3135 3450 populi,
3187 3379 3283 3435 sed
3323 3378 3613 3434 secundum

2035 3488 2127 3525 cor
2157 3481 2326 3541 tuum,
2349 3482 2445 3528 aut
2472 3473 2580 3528 illis
2626 3474 2825 3529 amotis
2874 3474 3010 3530 tales
3047 3474 3105 3529 in
3151 3474 3456 3546 principatu
3501 3483 3610 3529 tam

2038 3568 2285 3624 saeculari
2313 3584 2480 3651 quam
2502 3568 2876 3625 ecclesiastico
2897 3570 3202 3627 constituas
3222 3570 3497 3642 principes
3517 3588 3603 3628 su·

2036 3678 2134 3734 per
2161 3676 2377 3718 omnem
2410 3671 2636 3730 terram,
2657 3663 2753 3733 qui
2787 3678 2894 3719 non
2934 3663 3236 3719 secundum
3279 3679 3381 3719 cor
3428 3664 3613 3736 populi

2038 3756 2148 3812 sint
2168 3756 2518 3811 immemores
2540 3756 2782 3811 nominis
2812 3754 2911 3821 tui,
2954 3754 3050 3812 sed
3093 3771 3193 3826 pro
3232 3756 3483 3826 patribus
3513 3756 3612 3814 Ec-

2036 3848 2218 3903 clesiae
2252 3847 2365 3902 nati
2390 3847 2506 3915 filii,
2528 3856 2584 3902 et
2600 3848 2876 3918 principes
2898 3848 3180 3904 constituti
3201 3863 3366 3919 super
3394 3864 3610 3905 omnem

2039 3948 2240 3995 terram
2302 3938 2412 3994 sint
2460 3953 2733 3995 memores
2783 3940 3027 3996 nominis
3068 3940 3145 3995 tui
3191 3940 3478 3996 secundum
3523 3960 3613 3997 eor

2039 4041 2207 4099 tuum,
2229 4039 2284 4087 et
2312 4046 2409 4103 per
2437 4046 2576 4102 quos
2611 4029 2753 4087 Deus
2784 4030 2944 4086 Pater
2975 4048 3126 4086 omne
3157 4033 3439 4089 consilium
3463 4044 3609 4089 tuum

2036 4124 2306 4178 confirmet
2330 4140 2350 4181 .·
2376 4124 2644 4191 videlieet,
2683 4133 2743 4178 ut
2779 4123 3057 4194 plenitudo
3088 4127 3332 4197 gentium
3382 4137 3494 4182 tota
3524 4128 3608 4183 in*

2038 4226 2160 4284 tret,
2187 4216 2342 4272 etsie
2389 4217 2568 4272 omnis
2595 4214 2762 4273 lsrael
2801 4218 2985 4274 salvus
3012 4218 3128 4275 liat.
3183 4217 3282 4274 Vel
3338 4228 3507 4287 certe,
3554 4230 3609 4277 ut

2038 4308 2301 4364 suscitato
2331 4322 2425 4378 per
2463 4308 2646 4362 omnia
2666 4324 2853 4378 regna,
2911 4325 3077 4380 super
3109 4325 3304 4366 ornnes
3354 4326 3484 4368 oves
3510 4328 3604 4382 pa—

359 4407 493 4467 pore
515 4395 812 4451 iracundiae
838 4395 1017 4452 sactus
1043 4412 1103 4452 es
1142 4397 1517 4452 reconciliatio
1561 4395 1755 4470 (Eccli.
1784 4414 1931 4464 xttv,
1966 4395 2010 4450 D
2039 4418 2183 4459 scuae
2205 4410 2312 4457 1οω
2335 4401 2503 4457 David
2541 4417 2686 4475 rege,
2718 4402 2887 4460 David
2908 4413 3147 4475 pastore,
3183 4405 3277 4474 qui
3305 4418 3400 4461 eas
3425 4414 3611 4474 pascat

362 4487 475 4558 17),
507 4507 527 4541 ι
552 4487 772 4558 quando
814 4488 870 4542 in
909 4488 999 4544 die
1049 4486 1415 4545 tribulationis
1444 4488 1687 4545 obtulisti
1725 4492 1935 4545 sacriti-

361 4580 507 4636 cium
538 4590 594 4640 et
613 4580 1015 4650 holocaustum,
1038 4581 1105 4636 de
1132 4595 1241 4652 quo
1264 4581 1398 4652 Jam,
1422 4590 1585 4653 prout
1628 4591 1678 4638 te
1696 4582 1935 4639 donante

361 4673 661 4745 potuimuS,
694 4673 874 4745 aliqua
904 4674 1161 4743 diximuS,
1186 4691 1251 4731 ex
1298 4674 1499 4746 quibus
1551 4674 1707 4747 plura
1755 4675 1933 4747 conji-

360 4765 553 4822 cienda
577 4775 723 4821 sunt.
757 4763 862 4822 Sed
891 4782 959 4821 ex
989 4776 1119 4823 tunc
1145 4766 1297 4822 linito
1322 4766 1689 4822 tribulationis
1715 4766 1801 4821 die
1821 4782 1931 4821 nou

361 4858 541 4915 solum
571 4857 689 4925 tibi,
713 4857 808 4915 sed
828 4858 992 4914 etiam
1022 4859 1131 4926 his,
1154 4874 1294 4930 quos
1320 4859 1388 4915 de
1416 4857 1629 4916 inferno
1667 4860 1932 4930 liberasti,

362 4962 597 5019 quorum
624 4948 792 5003 multa
820 4963 1051 5019 corpora
1102 4957 1479 5015 surrexerunt,
1504 4957 1559 5005 et
1606 4950 1934 5008 introierunt

362 5038 420 5093 in
444 5048 690 5095 sanctam
727 5040 1022 5108 civitatem,
1053 5040 1107 5096 iu
1150 5042 1427 5098 coelestem
1454 5040 1778 5112 Jerusalem,
1810 5061 1935 5102 suc*

361 5130 529 5185 cessit
557 5130 661 5201 ipsi
693 5131 799 5188 diei
822 5132 1188 5190 tribulationis
1218 5143 1272 5189 et
1318 5135 1590 5204 passionis
1643 5137 1764 5192 laeta
1811 5137 1928 5194 dies

362 5225 802 5280 resurrectionis.
844 5223 1010 5298 igitur
1038 5226 1376 5283 exsultemus
1402 5238 1455 5283 et
1486 5229 1734 5284 laetemur
1764 5228 1819 5284 in
1867 5245 1933 5286 ea

363 5317 730 5385 percurrendo
760 5318 1040 5388 sequentia
1070 5319 1289 5388 psalmi,
1316 5335 1439 5391 quae
1472 5319 1541 5375 ad
1562 5321 1735 5390 ipsam
1786 5321 1934 5377 diem

363 5408 742 5463 exsultationis
762 5420 957 5466 cuncta
985 5411 1324 5467 reseruntur:
1358 5428 1483 5467 cum
1533 5413 1630 5467 tibi
1668 5428 1815 5467 nunc
1842 5429 1933 5469 se-

364 5501 510 5555 denti
537 5503 604 5557 ad
633 5503 911 5560 dexteram
933 5504 1111 5562 Patris
1143 5506 1306 5563 corda
1328 5505 1566 5564 fidelium
1590 5516 1807 5564 tuorum
1836 5522 1935 5577 per

425 5675 552 5745 ’(50)
593 5676 667 5732 lta
691 5679 826 5735 Goth

2037 4492 2091 4548 in
2124 4493 2433 4549 innocentia
2461 4493 2644 4549 cordis
2678 4495 2857 4562 sui,et
2874 4495 2930 4550 in
2959 4496 3322 4552 intellectibus
3345 4511 3606 4552 manuum

2035 4600 2259 4641 suarum
2289 4586 2522 4642 deducat
2556 4601 2673 4654 035,
2705 4587 2837 4657 ipsae
2858 4602 2988 4643 oves
3021 4597 3128 4643 tuae
3158 4589 3269 4645 sint
3294 4604 3485 4646 omnes
3513 4602 3607 4661 ge·

2035 4678 2210 4733 mellis
2233 4676 2433 4734 fetibus
2454 4686 2508 4733 et
2532 4677 2733 4734 sterilis
2773 4694 2883 4734 non
2919 4679 2990 4735 sit
3011 4678 3297 4736 intereas:
3332 4681 3461 4736 dum
3499 4695 3608 4737 non

2034 4778 2196 4826 erunt
2222 4770 2410 4827 lideles
2438 4772 2517 4827 tui
2553 4773 2794 4828 contenti
2828 4788 3050 4829 servare
3087 4784 3413 4845 praeceptum
3448 4772 3606 4845 quasi

2036 4879 2205 4918 unum
2238 4863 2429 4930 letum,
2461 4864 2555 4920 sed
2588 4862 2794 4919 addunt
2821 4874 3088 4936 praecepto
3122 4867 3406 4921 consilium
3433 4886 3448 4934 ;
3478 4868 3604 4939 quia

2035 4968 2228 5025 parum
2259 4957 2361 5010 erit
2397 4956 2477 5011 eis
2502 4971 2611 5011 uon
2637 4954 2897 5026 pejerare,
2929 4959 3073 5028 quod
3124 4966 3207 5013 est
3255 4968 3603 5029 praeceptum,

2036 5047 2131 5104 sed
2153 5049 2357 5104 addunt
2385 5065 2494 5104 non
2515 5048 2739 5105 omuino
2754 5049 2963 5120 jurare,-
2992 5050 3139 5121 quod
3176 5060 3261 5106 est
3290 5052 3598 5107 consilium.

2035 5138 2234 5196 Parum
2257 5142 2359 5198 erit
2385 5158 2493 5197 non
2521 5143 2792 5211 occidere,
2827 5145 2972 5214 quod
3027 5154 3110 5200 est
3133 5157 3482 5218 praeceptnm,
3510 5148 3602 5204 scd

2035 5243 2245 5303 ponunt
2270 5250 2398 5290 suas
2422 5235 2635 5289 animas
2655 5250 2754 5305 pro
2793 5234 3070 5301 fratribus,
3099 5247 3158 5292 ut
3205 5239 3307 5307 ipsi
3363 5254 3465 5309 pro
3492 5238 3600 5293 fra-

2035 5325 2212 5382 tribus
2241 5325 2414 5395 parati
2455 5326 2564 5382 sint
2600 5326 2797 5393 occidi,
2828 5328 2973 5398 quod
3019 5337 3103 5383 est
3146 5329 3460 5385 consilium.
3498 5329 3600 5385 Pa-

2036 5432 2159 5471 rum
2186 5418 2290 5473 erit
2318 5418 2397 5472 eis
2418 5432 2525 5473 nou
2551 5434 2761 5490 rapere,
2793 5435 2888 5476 seu
2918 5421 3088 5477 furari
3119 5422 3318 5491 aliena,
3346 5426 3491 5495 quod
3521 5436 3602 5482 est

2035 5523 2383 5582 praeceptum,
2414 5512 2507 5567 sed
2538 5512 2777 5569 vendunt
2800 5515 2983 5570 omnia
3015 5530 3135 5587 sua,
3164 5528 3217 5572 ct
3245 5517 3375 5573 dant
3399 5532 3599 5588 paupe-
