3817 6000
382 222 494 284 ¹155

1343 214 1653 275 GEmlolss
1687 216 2080 275 Pttffipost'rl
2117 217 2669 286 RElcllERSPEnG.

3531 222 3660 281 856

385 336 587 410 quippe
617 344 723 405 est,
761 336 910 408 quod
959 335 1122 407 paulo
1167 343 1296 392 ante
1323 344 1540 407 tempus
1579 334 1971 396 destructionis
1997 351 2045 407 A
2073 333 2190 404 ipsa
2215 334 2465 412 reliquias
2498 336 2814 397 earumdem
2836 336 3084 397 carnium
3108 336 3475 392 humanarum
3510 350 3661 407 pro-

388 427 712 497 Jerusalem,
735 429 958 500 quidam
991 426 1166 485 Judaei
1181 427 1250 489 ad
1266 426 1426 483 fidem
1452 428 1702 484 conversi
1727 442 1962 498 praemo-

387 521 487 581 niti
519 531 648 578 sunt
676 538 708 578 a
734 519 943 594 Spiritu
977 531 1189 590 sancto,
1221 530 1283 576 ut
1309 522 1586 578 civitatem
1615 520 1961 588 excederent,

386 616 518 671 etin
547 631 777 686 regnum
810 615 1062 688 Agrippae
1098 630 1159 670 se
1182 612 1561 682 transferrent,
1584 613 1730 684 quod
1762 612 1966 674 Ronla-

382 708 474 763 nis
495 705 818 764 foederatum
854 718 994 776 erat,
1021 721 1090 762 ne
1111 720 1235 761 cum
1266 706 1471 778 iniquis
1499 705 1758 777 perirent.
1783 704 1966 761 Exau-

383 800 498 854 dita
547 806 634 857 est
668 799 833 871 igitur
874 798 1052 855 oratio
1082 797 1288 855 Christi
1337 797 1570 855 dicentis
1602 815 1616 856 t
1652 796 1893 865 Domine,
1931 814 1967 851 a

383 891 571 961 paucis
597 890 664 946 de
685 900 830 948 terra
870 889 1045 949 divide
1074 905 1184 958 eos,
1207 889 1468 962 quoniam
1496 906 1532 949 a
1556 888 1741 959 paucis
1778 886 1967 948 electis

386 983 540 1056 impii
578 984 814 1056 separati
843 984 911 1040 de
948 993 1094 1041 terra
1122 1000 1222 1042 sua
1250 983 1411 1056 eiecti
1446 994 1576 1042 sunt
1607 984 1663 1040 in
1689 986 1797 1041 vita
1841 1000 1964 1042 sua.

385 1073 542 1132 Licet
559 1076 710 1133 enim
736 1076 959 1149 plurimi
989 1092 1180 1133 eorum
1209 1075 1356 1135 fame
1377 1077 1689 1151 interempti
1710 1088 1766 1135 et
1786 1078 1968 1152 gladio

387 1167 662 1226 interfecti
714 1168 938 1233 fuerint,
971 1169 1170 1241 captivi
1200 1178 1382 1227 tamen
1421 1170 1475 1225 in
1518 1171 1629 1226 vita
1679 1186 1781 1228 sna
1808 1171 1968 1227 multi

389 1260 612 1318 abducti
638 1271 787 1318 sunt.
812 1258 955 1318 Dicit
976 1277 1107 1335 ergo
1132 1280 1146 1318 ι
1176 1262 1421 1333 Domine,
1449 1279 1484 1318 a
1519 1265 1704 1335 paucis
1731 1264 1796 1319 de
1828 1272 1969 1319 terra

392 1350 567 1406 divide
593 1367 681 1406 eos
708 1351 766 1405 in
795 1352 905 1408 rita
929 1368 1130 1414 eorum,

461 1440 650 1498 Divide
679 1443 804 1500 illos
830 1444 996 1502 etiarn
1027 1445 1094 1502 de
1122 1444 1461 1503 absconditis
1484 1445 1697 1514 tuis,ut
1725 1461 1838 1503 non
1877 1461 1964 1502 so·

388 1535 503 1593 lum
535 1537 644 1595 sint
673 1538 832 1609 ejecti
864 1539 932 1596 de
978 1542 1212 1597 terrenis
1242 1540 1451 1596 divitiis
1475 1540 1592 1597 suis
1639 1538 1967 1605 manifestis,

389 1627 489 1685 sed
537 1629 702 1686 etiam
728 1629 796 1685 de
839 1629 1164 1686 absconditis
1201 1631 1330 1687 tais.
1353 1628 1557 1701 Nempe
1590 1630 1836 1701 ipsorum
1866 1630 1971 1688 fuit

2066 425 2192 488 tulit
2224 426 2278 484 in
2308 427 2567 486 medium.
2597 427 2702 495 Qui
2733 444 2860 485 cum
2895 430 3145 487 viderent
3182 428 3483 486 semiesum
3511 444 3663 500 por-

2064 514 2275 582 vulum,
2325 515 2552 571 horrore
2595 515 2857 573 facinoris
2894 517 3237 588 perturbati,
3285 518 3663 576 miseratione

2065 606 2270 677 pariter
2288 616 2344 662 et
2367 608 2745 680 indignatione
2773 608 2964 680 repleti
2991 619 3140 671 sunt,

2136 696 2306 753 Aliter
2330 715 2345 753 ι
2369 696 2763 759 Sataratistmt
2787 700 2942 771 filiis,
2975 699 3030 756 id
3067 709 3173 768 est,
3219 700 3662 760 abundaverunt

2067 786 2217 852 filiis,
2245 798 2301 843 et
2320 788 2446 845 aliis
2472 790 2639 847 rebus
2665 791 2963 862 prosperis,
2995 807 3176 863 neque
3200 802 3427 864 cogente
3451 807 3657 850 rernm

2067 879 2295 951 penuria
2327 895 2417 936 me
2460 863 2852 939 interfecerunt
2889 892 3082 940 contra
3126 896 3369 956 qnaestus
3395 886 3659 941 avaritias

2067 970 2457 1041 disputantem,
2490 980 2656 1044 atque
2689 989 2815 1030 cum
2843 975 3155 1047 complures
3181 976 3446 1032 haberent
3473 976 3655 1045 lilios,

2065 1062 2162 1119 vix
2183 1063 2427 1135 reliquiae
2455 1064 2700 1136 ipsorum
2727 1066 2785 1122 in
2828 1068 3021 1139 paucis
3048 1068 3240 1126 electis
3264 1068 3654 1134 crediierunt,

2067 1164 2119 1211 et
2151 1154 2252 1213 bas
2277 1157 2530 1228 reliquias
2555 1158 2870 1215 dimiserunt
2888 1161 3126 1231 parvalis
3152 1162 3290 1226 suis,
3318 1161 3372 1217 id
3402 1169 3513 1229 est,
3542 1161 3659 1217 hu-

2070 1245 2311 1303 milibus.
2338 1245 2475 1304 Nam
2512 1264 2609 1320 per
2638 1251 2934 1321 apostolos„
2964 1253 3061 1323 qui
3112 1253 3259 1309 velut
3290 1265 3477 1323 parvae
3513 1252 3657 1308 reli-

2069 1337 2215 1406 quiae
2244 1336 2439 1394 salvati
2461 1348 2591 1395 sunt
2636 1355 2702 1397 ex
2741 1350 2900 1413 gente
2937 1340 3273 1411 Judaeorum,
3297 1352 3485 1414 postea
3507 1357 3657 1399 con-

2071 1445 2233 1487 versa
2256 1442 2342 1488 est
2401 1433 2697 1491 mttltitudo
2746 1437 3122 1507 parvulorum,
3164 1438 3384 1509 quando
3411 1453 3522 1493 una
3558 1438 3658 1495 die

2068 1522 2174 1578 tria
2198 1523 2369 1579 millia
2415 1525 2785 1595 crediderunt,
2816 1536 2872 1584 et
2921 1529 3029 1585 alia
3062 1528 3151 1585 die
3202 1530 3445 1604 quinque
3470 1530 3655 1588 millia

2072 1613 2213 1686 (Act.
2252 1630 2313 1682 ιι,
2355 1616 2458 1687 tv).
2498 1615 2730 1689 Propter
2769 1620 3086 1691 huiusmodi
3123 1622 3382 1693 parvulos
3402 1637 3518 1678 non
3558 1638 3658 1680 so-

389 1730 777 1779 testamentum
802 1730 857 1780 et
903 1722 1195 1795 legislatio,
1224 1731 1278 1779 et
1304 1722 1631 1792 obsequium
1653 1730 1710 1778 et
1734 1722 1970 1794 promis·
1998 1702 2043 1757 Β
2070 1707 2186 1762 lum
2214 1705 2283 1766 ὅθ
2310 1705 2519 1775 ¹¹udam»
2562 1709 2659 1765 ⁸⁹1¹
2687 1711 2852 1769 ‘fiam
2892 1711 2961 1768 (¹0
2988 1713 3289 1786 gemilium
3306 1714 3655 1787 ⁰⁰ffiss⁶¹¹d⁰⁸

389 1831 473 1880 sa,
502 1826 557 1871 et
582 1828 774 1871 eorum
805 1813 1027 1870 fuerunt
1047 1824 1251 1886 patres,
1266 1829 1339 1870 ex
1368 1813 1570 1887 quibus
1598 1829 1700 1888 ego
1716 1812 1971 1872 Christus

391 1903 695 1963 secundum
745 1919 968 1962 carnem
1023 1914 1187 1961 natus
1243 1921 1389 1973 sum,
1415 1913 1470 1961 et
1516 1906 1762 1977 ipsorum
1811 1914 1972 1961 erant

390 1994 728 2051 oblationum
757 2005 811 2050 et
835 1995 1286 2052 caeremoniarum
1325 1996 1644 2055 abscondita
1689 1995 1968 2069 mysteria.

391 2085 471 2142 De
497 2086 584 2142 bis
612 2086 870 2143 omnibus
906 2088 1011 2143 tuis
1037 2087 1362 2144 absconditis
1382 2088 1437 2143 in
1465 2088 1572 2145 vita
1592 2104 1773 2144 eorum
1797 2088 1972 2144 divide

389 2176 536 2245 iilos,
563 2187 625 2235 ut
654 2195 674 2231 ο
713 2178 834 2235 sine
862 2192 1009 2251 rege,
1048 2196 1067 2233 ι
1099 2180 1220 2235 sine
1267 2180 1552 2237 sacerdote
1592 2195 1812 2253 magno,
1850 2179 1974 2238 sine

389 2269 617 2341 templo,
639 2287 659 2323 ο
693 2270 813 2327 sine
837 2270 1020 2339 altari,
1042 2270 1162 2330 sine
1181 2269 1456 2327 sacrificio
1483 2289 1501 2324 ι
1536 2270 1646 2329 sint
1672 2272 1815 2330 inter
1834 2286 1970 2345 gen-

391 2370 476 2417 tes
502 2361 650 2433 (Osa.
684 2377 769 2432 nt,
792 2362 870 2432 t).

464 2450 585 2509 Non
603 2460 792 2509 contra
816 2451 918 2508 hos
938 2461 1120 2508 autem
1151 2467 1286 2525 rogo
1316 2461 1549 2521 tantum,
1574 2453 1668 2510 sed
1693 2463 1748 2510 et
1776 2463 1970 2510 contra

392 2562 509 2615 eos,
531 2544 627 2618 qui
651 2554 781 2603 sunt
803 2545 1072 2603 imitaturi
1112 2545 1286 2603 cosin
1333 2557 1578 2618 tempore
1620 2543 1968 2614 Antichristi,

393 2648 457 2696 ut
486 2648 541 2697 et
566 2638 672 2711 ipsi
702 2654 733 2695 a
765 2638 955 2711 paucis
980 2639 1190 2707 electis,
1239 2638 1333 2710 qui
1351 2647 1487 2695 tunc
1514 2646 1698 2705 erunt,
1731 2640 1971 2711 separati

396 2730 578 2789 adhuc
613 2731 671 2786 in
702 2731 811 2785 vita
833 2746 1016 2785 eoram
1045 2728 1362 2786 dividantur
1393 2744 1425 2784 a
1456 2738 1618 2797 terra,
1648 2728 1703 2785 id
1729 2741 1834 2794 est,
1869 2745 1969 2786 ex-

395 2822 875 2888 communicentur
900 2821 971 2879 ab
983 2820 1345 2888 Ecclesia,vel
1362 2820 1726 2878 excludantur
1752 2838 1783 2877 a
1800 2831 1973 2878 terre-

397 2930 597 2978 narum
627 2929 812 2972 rerum
854 2915 1016 2986 copia
1043 2930 1140 2985 per
1175 2914 1576 2975 Antichristum
1614 2914 1724 2971 illis
1749 2914 1969 2983 collata,

395 3018 451 3065 et
476 3007 788 3074 dividantur
808 2995 1012 3067 de'tuis
1036 3006 1378 3074 absconditis,
1407 3008 1475 3064 de
1505 3006 1696 3064 officiis
1724 3007 1972 3065 videlicet

395 3100 803 3169 ecclesiasticis,
835 3115 945 3156 non
971 3099 1209 3157 babituri
1238 3099 1306 3156 de
1333 3108 1484 3162 secta
1507 3116 1607 3157 sua
1631 3101 1971 3172 episcopum,

393 3193 483 3250 vel
520 3207 722 3266 regem,
749 3192 843 3250 sed
871 3193 990 3250 sine
1017 3206 1163 3264 rege,
1200 3191 1320 3248 sine
1353 3192 1654 3259 sacerdote,
1689 3193 1809 3250 sine
1829 3202 1973 3250 tem-

395 3288 512 3359 plo,
534 3274 654 3341 sine
682 3284 863 3352 altari,
895 3281 1015 3343 sine
1043 3283 1314 3344 sacrificio
1338 3284 1450 3343 sint
1469 3284 1613 3341 sicut
1632 3283 1828 3342 Judaei.

469 3377 663 3447 Aliter,
679 3376 824 3447 ideo,
854 3377 1099 3446 Domine,
1130 3394 1163 3431 a
1184 3379 1368 3449 paucis
1405 3380 1469 3434 da
1498 3388 1642 3433 terra
1684 3378 1860 3434 divide
1885 3396 1973 3436 eos

397 3476 454 3533 in
477 3473 585 3527 vita
611 3486 815 3537 eoram,
841 3468 1102 3541 quoniam
1136 3485 1243 3525 non
1266 3485 1366 3541 per
1392 3470 1755 3544 ignorantiam
1782 3486 1976 3544 pecca-

399 3571 617 3619 verunt.
628 3555 766 3617 Nam
792 3560 857 3615 de
879 3560 1202 3617 absconditis
1230 3561 1435 3629 tuis,de
1456 3559 1867 3634 scripturarum
1886 3576 1974 3619 se-

401 3654 568 3712 cretis
584 3652 904 3726 adimpletus
943 3664 1021 3710 est
1051 3664 1230 3709 ueniter
1255 3670 1460 3719 eornm,
1493 3654 1545 3711 id
1584 3664 1687 3724 est,
1710 3655 1976 3712 memoria

399 3760 616 3811 corum,
643 3761 766 3818 quae
792 3745 967 3802 ventri
993 3752 1078 3803 est
1104 3745 1427 3814 consimilis,
1452 3746 1743 3819 adimpleta
1781 3757 1865 3804 est
1888 3763 1976 3805 re-

397 3853 525 3897 rum
561 3840 1004 3898 absconditarum
1049 3841 1279 3910 notitiis,
1307 3842 1456 3913 velut
1498 3842 1826 3914 quibusdam
1864 3843 1977 3900 cle-

399 3935 506 3993 ctis
536 3934 696 3991 cibis.
721 3933 789 3989 Et
809 3941 990 3990 tamen
1021 3932 1247 4007 insuper

475 4027 719 4085 saturati
766 4036 892 4083 sarit
937 4029 1183 4104 porcina,
1232 4028 1287 4085 id
1313 4038 1416 4096 est,
1448 4029 1819 4099 immunditia,
1852 4046 1977 4102 quae

403 4121 742 4194 significatur
762 4121 819 4176 in
848 4121 969 4193 lege
997 4136 1094 4192 per
1123 4135 1344 4177 carnem
1379 4114 1665 4194 porcinam
1698 4135 1785 4180 :et
1809 4124 1975 4179 dimi-

399 4223 582 4269 serant
608 4213 861 4284 reliquias
890 4228 1017 4267 suas
1063 4211 1301 4283 parvulis
1335 4214 1448 4269 sais
1473 4215 1742 4271 dicendo:
1778 4235 1796 4267 ι
1835 4214 1976 4271 San-

402 4306 527 4378 gnis
547 4306 669 4377 ejus
698 4320 865 4376 super
888 4319 1010 4373 nos,
1039 4313 1094 4360 et
1119 4319 1287 4376 super
1325 4304 1468 4373 lilios
1502 4316 1721 4373 nostros
1752 4307 1971 4381 (blattis.

399 4412 575 4464 xxvn,
600 4398 714 4467 ΞΒ).
746 4416 766 4449 ι

478 4489 642 4541 :iliter
674 4509 686 4541 ι
731 4489 971 4541 saturnii
1003 4500 1123 4545 aunt
1162 4489 1317 4559 tiliis,
1344 4491 1399 4547 id
1429 4499 1532 4558 cst,
1567 4492 1827 4564 operibus
1857 4510 1976 4552 ma·

406 4581 498 4645 lie,
530 4597 650 4649 qum
682 4597 775 4649 per
807 4581 947 4637 lilios
1019 4581 1427 4654 intelliguntur:
1466 4583 1559 4651 Et,
1587 4599 1714 4641 eum
1744 4588 1978 4654 saturati

406 4681 586 4729 essent
618 4673 791 4741 pinnis
823 4673 979 4737 meis,
1011 4673 1324 4730 dimiserant
1346 4675 1598 4748 reliquias
1620 4693 1748 4733 suas
1774 4693 1974 4748 parva-

402 4765 470 4818 lis
494 4765 606 4818 sitis
638 4765 867 4820 dicendo
899 4785 911 4818 ;
939 4785 955 4814 ι
983 4765 1219 4835 Sanguis,
1239 4767 1360 4837 ejus
1384 4781 1546 4839 super
1567 4781 1690 4834 ιιοε,
1721 4780 1777 4827 et
1810 4783 1975 4840 super

406 4854 546 4910 filins
578 4866 811 4914 ntistrnfi.
847 4878 863 4906 ι
1464 4841 1473 4853 ’

478 4946 690 5002 Aliter:
735 4946 843 5018 Ego
875 4950 1055 5018 rugari
1103 4962 1204 5012 eos,
1230 4947 1405 5019 dividi
1447 4964 1478 5004 a
1523 4958 1690 5017 terra,
1729 4949 1873 5023 quod
1899 4951 1977 5018 ita

410 5038 690 5094 efficaciter
731 5042 1130 5110 ndin'tplnlffitnr,
1168 5049 1230 5095 ut
1274 5041 1452 5110 primo
1499 5056 1533 5098 a
1577 5041 1840 5099 Romanis
1871 5042 1974 5098 ob-

409 5132 569 5200 sessi,
599 5140 654 5188 et
681 5131 825 5189 fame
860 5132 1120 5198 coarctati
1147 5133 1434 5189 comedant
1462 5134 1604 5190 lilios
1630 5151 1782 5203 suos,
1805 5144 1859 5191 et
1885 5135 1982 5199 din,

409 5228 628 5286 mittant
656 5227 908 5299 reliquias
931 5243 1056 5282 sitas
1090 5226 1325 5297 parvulis
1350 5227 1482 5306 sitis.
1527 5225 1644 5284 Hoc
1674 5236 1864 5284 narrat
1880 5225 1976 5283 Jo-

410 5321 614 5391 sepbus
641 5319 997 5380 historialiter
1025 5319 1327 5390 impletum,
1365 5319 1495 5375 dnm
1537 5319 1786 5390 quaedam
1817 5320 1977 5376 nobi-

409 5412 478 5467 lis
536 5412 737 5467 femina
795 5411 1017 5467 nomine
1043 5409 1211 5467 Maria
1241 5411 1571 5468 intolerabili
1609 5410 1755 5467 fame
1781 5419 1975 5467 vexata

410 5504 580 5559 lilium
611 5505 896 5575 parvulum
947 5511 1190 5561 assatum
1224 5519 1291 5560 ex
1325 5513 1479 5575 parte
1506 5503 1857 5572 comedisset,
1893 5511 1973 5559 at-

412 5608 519 5660 que
553 5595 795 5651 nidorem
850 5596 1100 5652 carnium
1139 5598 1435 5654 sentientes
1472 5595 1564 5652 alii
1613 5593 1849 5652 famelici
1876 5611 1973 5651 ve-

416 5680 693 5748 liementer
720 5687 778 5741 in
807 5700 929 5743 eam
951 5685 1246 5759 irruerunt,
1270 5697 1330 5744 ut
1358 5688 1408 5746 ei
1438 5701 1631 5746 carnes
1656 5685 1972 5757 auferrent:

2070 1812 2173 1871 ego
2191 1798 2372 1867 lesus,
2411 1799 2542 1856 dum
2572 1815 2796 1872 caperer
2822 1802 2893 1859 ad
2922 1814 3177 1874 mortem,
3222 1806 3336 1862 dixi
3368 1825 3384 1863 ε
3418 1824 3441 1859 ι
3470 1805 3656 1866 Sinite

2072 1887 2176 1943 bos
2224 1886 2398 1955 abire,
2448 1901 2509 1945 ut
2555 1905 2737 1946 sermo
2770 1911 2791 1944 ι
2821 1907 2979 1948 meus
3005 1912 3024 1946 ι
3053 1893 3393 1967 impleretur,
3429 1915 3451 1950 ι
3481 1912 3653 1968 quem

2070 1978 2184 2039 dlxi
2212 1998 2227 2036 ε
2254 1978 2525 2049 Quoniam
2558 1998 2580 2035 ι
2615 1995 2758 2053 quos
2784 1981 2983 2039 dedisti
3016 1984 3151 2040 mibi
3175 1984 3357 2055 Pater,
3381 2002 3491 2042 non
3521 2003 3655 2058 per·

2071 2071 2183 2128 didi
2230 2087 2298 2129 ex
2341 2072 2425 2131 eis
2474 2088 2804 2145 quemquam
2846 2075 3029 2147 (Joan.
3084 2093 3236 2145 xvut,
3280 2078 3336 2145 8,
3389 2078 3469 2151 9).
3510 2099 3532 2132 ι
3583 2078 3657 2137 Et

2071 2165 2201 2241 quia
2231 2165 2287 2224 in
2315 2176 2585 2238 potestate
2617 2167 2798 2227 divina
2824 2169 2929 2226 fuit
2952 2184 3138 2228 sermo
3152 2187 3310 2228 meus
3329 2173 3656 2244 praecipien·

2072 2254 2164 2326 tis,
2207 2267 2266 2314 ut
2293 2258 2537 2315 sinerent
2580 2259 2681 2316 bos
2731 2260 2903 2329 abire,
2951 2260 3031 2318 illi
3066 2276 3176 2318 non
3214 2265 3457 2322 valentes
3479 2266 3655 2324 verbo

2071 2363 2195 2406 meo
2221 2350 2498 2409 contraire
2526 2351 2855 2412 dimiserunt
2902 2368 3000 2410 eos
3037 2355 3208 2422 abire,
3240 2357 3391 2428 quod
3418 2372 3523 2430 ego
3573 2359 3653 2421 ita

2069 2442 2241 2508 volui,
2270 2445 2402 2515 quia
2445 2443 2687 2501 nondum
2715 2453 2874 2502 erant
2904 2446 2973 2503 ad
3001 2447 3138 2503 mihi
3171 2449 3651 2509 commoriendum

2070 2535 2275 2605 idonei,
2298 2546 2354 2593 et
2396 2533 2553 2593 multi
2583 2537 2797 2609 parvuli
2827 2552 2927 2609 per
2951 2555 3051 2595 eos
3078 2549 3239 2598 erant
3257 2540 3549 2614 colligendi
3578 2558 3652 2600 ex

2070 2627 2273 2687 tudaeis
2300 2637 2355 2688 et
2378 2628 2651 2703 gentibus.
2678 2628 2804 2687 ideo
2844 2630 3162 2689 dimiserant
3208 2632 3465 2706 reliquias
3497 2651 3651 2703 suas,

2073 2721 2127 2778 id
2156 2731 2262 2788 est,
2290 2723 2573 2794 apostolos
2618 2721 2792 2791 abire,
2823 2723 2974 2795 quod
3023 2724 3276 2795 provenit
3324 2726 3383 2782 in
3413 2726 3651 2790 salntem

2070 2813 2307 2884 parvulis
2328 2815 2464 2882 suis,
2495 2829 2605 2874 non
2641 2814 2749 2871 illis
2774 2815 3182 2873 intendentibus
3211 2817 3354 2874 hanc
3392 2818 3648 2887 salutem,

2073 2906 2166 2963 sed
2223 2921 2313 2963 mc
2364 2907 2688 2979 disponente
2735 2922 2864 2964 cum
2922 2908 3160 2965 dicerem
3209 2928 3224 2965 ε
3281 2929 3301 2964 ι
3339 2909 3517 2967 Sinite
3551 2911 3653 2969 hos

2074 2997 2245 3057 abire.
2281 3018 2303 3053 ι
2329 2996 2646 3072 Propterea,
2692 2999 2821 3056 lieet
2858 3014 3057 3073 magna
3086 3002 3292 3059 utilitas
3340 3005 3652 3074 provenerit

1998 3061 2042 3120 C
2073 3089 2140 3146 de
2168 3106 2290 3147 mea
2335 3100 2513 3148 morte
2547 3107 2613 3149 ac
2648 3089 3043 3166 discipuloritm
3075 3092 3438 3163 dimissione,
3466 3105 3650 3153 tamen

2075 3184 2174 3252 illi,
2211 3185 2305 3256 qui
2337 3201 2426 3243 me
2457 3187 2848 3244 interfecerunt
2884 3197 2940 3243 et
2971 3187 3095 3244 illas
3135 3187 3390 3260 reliquias
3427 3190 3648 3248 dimise-

2073 3287 2219 3344 rant,
2250 3276 2328 3332 rei
2359 3286 2488 3334 sunt
2507 3293 2608 3349 pro
2643 3279 2786 3335 mala
2810 3294 2910 3336 sua
2934 3278 3257 3336 intentione.

2147 3368 2313 3427 Vens.
2350 3368 2435 3426 15.
2468 3369 2582 3442 qu
2607 3380 2785 3429 autem
2812 3373 2870 3427 ia
2886 3371 3104 3443 iustitia
3126 3373 3390 3443 apparebo
3435 3389 3653 3443 conspe-

2074 3463 2184 3520 ctui
2231 3473 2344 3518 tao.
2392 3461 2528 3535 qu,
2568 3479 2734 3535 quem
2772 3464 3120 3521 seductorem
3163 3466 3559 3533 clamaverunt,
3593 3467 3649 3523 in

2074 3552 2298 3613 Iustitia
2324 3555 2607 3626 apparebo.
2640 3553 2776 3628 Ego,
2805 3556 2901 3629 qui
2932 3573 3042 3613 non
3087 3557 3266 3614 solum
3286 3558 3353 3614 de
3388 3559 3528 3615 meis
3548 3559 3648 3614 bo-

2074 3645 2184 3713 nis,
2207 3660 2402 3701 verum
2438 3645 2606 3704 etiam
2651 3646 2720 3703 tle
2763 3647 3007 3718 ipsorum
3037 3649 3200 3707 malis
3234 3659 3488 3721 operatus
3526 3666 3647 3706 sum

2075 3735 2306 3793 salutem
2341 3735 2396 3792 in
2438 3736 2621 3793 medio
2662 3747 2841 3807 terrae,
2866 3739 3052 3810 justus
3104 3743 3388 3813 apparebo,
3422 3757 3531 3797 non
3558 3758 3650 3798 so-

2074 3828 2188 3883 lum
2220 3828 2275 3884 in
2298 3829 2563 3886 salvando
2593 3830 2867 3901 reliquias,
2903 3840 2954 3886 et
2987 3834 3266 3902 parvuloS,
3293 3833 3345 3889 id
3378 3843 3480 3902 est,
3512 3849 3649 3906 pau-

2075 3937 2172 3979 cos
2200 3923 2458 3992 humiles,
2500 3939 2691 3981 verum
2720 3925 2887 3981 etiarn
2921 3925 2978 3982 in
3028 3926 3342 3984 damnando
3383 3930 3648 4000 superbos

2076 4013 2301 4071 multos.
2326 4012 2543 4071 «lustum
2569 4016 2772 4088 quippe
2799 4025 2905 4084 cst,
2944 4027 3003 4074 ut
3029 4018 3302 4090 deponam
3338 4038 3358 4072 ι
3400 4028 3649 4090 potentes

2075 4105 2143 4160 de
2169 4105 2315 4172 sede,
2345 4125 2366 4159 ι
2396 4117 2451 4163 et
2479 4107 2713 4164 exaltem
2766 4107 3003 4166 humiles
3026 4108 3183 4179 (Luc.
3214 4127 3256 4179 ι,
3280 4110 3394 4182 52).
3432 4108 3645 4167 lustum

2074 4205 2177 4266 est,
2199 4208 2259 4254 ut
2281 4198 2441 4255 mites
2462 4199 2715 4272 discipuli
2739 4201 2847 4258 mei
2864 4201 3182 4273 possideant
3195 4211 3398 4258 terram
3426 4201 3641 4275 (Hatra.

2077 4306 2129 4358 v,
2158 4291 2238 4360 4),
2268 4299 2325 4347 et
2359 4291 2766 4349 constituantur
2794 4293 3073 4366 principes
3097 4309 3261 4366 super
3284 4310 3505 4351 omnem
3540 4304 3646 4350 ter·

2006 4421 2053 4476 D
2078 4400 2218 4453 ram,
2258 4393 2422 4456 atque
2452 4384 3034 4459 nibilominusjustum
3062 4396 3167 4455 est,
3205 4398 3265 4445 ιιι
3295 4388 3472 4444 malos
3510 4389 3646 4444 male

2078 4478 2302 4548 perdam
2332 4481 2401 4533 de
2445 4487 2591 4536 terra
2616 4480 2709 4537 illa
2751 4496 2851 4538 eos
2895 4481 3186 4552 ejiciendo,
3217 4496 3321 4553 pro
3364 4497 3473 4554 qua
3503 4482 3637 4539 obti-

2075 4569 2256 4625 nenda
2303 4584 2393 4625 mc
2437 4568 2850 4630 interfecerunt.
2882 4570 2996 4644 qu
3035 4572 3203 4645 igitur
3237 4574 3292 4628 in
3344 4572 3494 4628 omni
3523 4587 3646 4630 meo

2070 4665 2300 4737 judicio,
2337 4678 2448 4736 quo
2506 4665 2681 4723 malos
2734 4666 2960 4722 colonos
2995 4666 3139 4722 male
3193 4665 3440 4736 perdam,
3480 4675 3535 4721 et
3557 4666 3642 4720 vi·

2076 4773 2237 4814 neam
2262 4773 2441 4813 meam
2489 4758 2686 4815 locabo
2714 4758 2837 4815 aliis
2872 4758 3151 4830 agricolis,
3174 4758 3356 4828 justus
3387 4757 3644 4830 apparebo

2078 4851 2378 4922 conspectui
2419 4859 2534 4921 tao,
2560 4848 2722 4906 Pater
2746 4850 2915 4921 iuste,
2955 4866 3117 4922 quem
3153 4848 3395 4906 mundus
3420 4865 3530 4906 non
3553 4864 3644 4906 co-

2078 4943 2286 5015 gnovit,
2309 4959 2412 5014 ego
2455 4952 2639 4999 autem
2676 4943 2907 5016 cognovi
2934 4952 3006 4998 te.
3038 4940 3277 4997 Proinde
3305 4941 3643 5013 sicutjustus

2077 5035 2394 5105 praedicaris
2434 5045 2513 5101 tu,
2560 5033 2723 5089 Pater
2751 5034 2920 5105 iuste,
2975 5032 3070 5104 qui
3118 5032 3368 5103 exigente
3412 5030 3639 5103 justitia,

2076 5128 2340 5183 mundum
2389 5136 2439 5182 te
2469 5141 2581 5182 non
2610 5133 3028 5197 cognoscentem
3061 5123 3313 5190 damnas,
3356 5137 3444 5179 me
3465 5132 3639 5178 autem

2080 5228 2132 5274 te
2167 5227 2585 5291 cognoscentem
2611 5227 2667 5274 et
2694 5232 2848 5274 meos
2875 5216 3077 5273 liberas
3099 5226 3152 5273 et
3187 5217 3369 5273 salvas
3397 5235 3412 5272 ε
3451 5217 3526 5271 ita
3552 5233 3640 5287 eqo

2072 5314 2209 5385 justi
2231 5312 2410 5369 Patris
2441 5312 2622 5382 justus
2655 5309 2828 5367 Filius
2857 5311 3152 5382 apparebo,
3194 5325 3291 5366 eos
3313 5310 3636 5374 damnando.

2076 5407 2170 5479 qui
2198 5423 2286 5462 me
2313 5417 2469 5462 tuum
2512 5404 2712 5461 filium
2742 5419 3072 5477 cognoscere
3097 5405 3411 5471 noluerunt,
3440 5410 3497 5458 et
3533 5401 3638 5458 sal·

2078 5499 2256 5556 vando
2270 5499 2414 5563 illos,
2442 5496 2537 5569 qui
2555 5497 2906 5553 crediderunt
2923 5505 2978 5554 et
2997 5504 3393 5569 cognoverunt,
3415 5493 3543 5565 qnia
3566 5511 3586 5544 ι
3607 5507 3638 5548 a

2078 5603 2131 5650 te
2151 5593 2295 5649 exiri
2321 5589 2510 5662 (Joan.
2543 5608 2677 5659 xvn,
2709 5591 2787 5662 8).
2826 5608 2847 5644 ι

2149 5684 2209 5740 ln
2230 5680 2459 5743 ssebraeo
2484 5685 2717 5745 babetur
2747 5704 2760 5742 :
2789 5683 2903 5754 qu
2932 5685 2986 5739 in
3004 5684 3219 5753 justitio
3253 5681 3429 5737 ridebo
3454 5680 3637 5750 [aciem
