3817 6000
78 256 147 314 lili
392 255 669 313 couuauralublt
682 245 721 313 VN
740 255 910 313 essibus
931 287 965 298 —
982 254 1074 313 PARS
1089 257 1121 315 ll.
1141 289 1175 299 -
1189 257 1288 316 PSAL.
1310 260 1416 318 xxva.
1469 323 1475 332 ‚
1641 267 1710 326 lVlb

75 370 226 426 audiebant
239 373 486 445 superprudentia,
501 384 526 427 et
546 373 688 444 responsis
703 373 782 430 meis.
797 372 865 429 Pos·
878 399 902 456 Α
915 381 942 429 et
956 389 1074 445 operans
1099 375 1252 447 pradicabo
1270 377 1298 431 in
1314 386 1371 433 toto
1387 380 1490 437 mundo
1511 383 1709 452 peonitentiam.

75 468 120 516 tea
144 462 216 531 capt
242 461 332 519 lacere
346 473 374 519 et
389 465 488 520 docere
513 480 600 536 usqae
627 466 654 520 iu
676 468 748 521 bane
768 467 865 523 boram
953 464 982 520 Si
999 467 1119 522 bumana
1135 482 1202 523 voce
1216 482 1277 523 mea
1293 469 1401 535 silente,
1416 472 1481 527 dum
1497 486 1546 530 ero
1570 474 1597 529 la
1617 477 1709 547 sepul·

73 552 214 623 passionis
234 562 261 608 ct
280 554 479 622 crucifixionis,
502 556 531 610 in
554 570 609 627 qua
637 557 707 612 bora
729 567 802 613 tanta
824 567 867 614 est
916 571 975 624 cro,
991 556 1112 613 Verbum
1136 574 1246 631 quoque
1262 559 1425 619 humanitati
1439 579 1508 621 meae
1536 566 1642 622 unitum
1659 583 1704 639 pa·

74 648 197 714 potestas
212 645 399 713 tenebrarum,
410 655 441 702 ut
453 663 507 702 non
524 648 612 703 solum
624 647 776 718 discipulas
788 665 866 707 meus
916 649 982 705 riter
998 651 1100 719 sileret,
1118 666 1172 707 non
1188 659 1263 708 tanta
1275 654 1378 711 utilitas
1391 656 1426 712 de
1440 667 1527 714 morte
1548 676 1608 717 urea
1621 662 1707 718 dero.

73 735 229 804 praecipuus
242 736 269 789 iu
281 735 333 791 bac
347 745 426 792 noete
445 738 534 794 sitne
546 748 587 794 ter
600 751 864 810 negaturus,verunr
915 737 979 794 ideo
995 756 1047 813 ego
1068 742 1192 797 moriens
1216 743 1299 798 bomo
1323 744 1386 801 dico
1412 747 1461 802 tibi
1483 748 1630 806 innnortali
1653 750 1709 808 Deo

68 839 126 896 ¹ego
136 824 194 896 ipse
206 842 316 898 quoque
327 828 399 883 sicut
411 844 498 901 agnus
512 845 605 886 eoram
626 832 755 890 tondente
768 834 866 890 obmu·
916 828 1005 888 Verbo
1018 832 1085 887 mibi
1100 833 1192 888 unito:
1208 832 1249 889 Ne
1260 836 1340 890 sileas
1360 854 1377 891 a
1395 853 1445 904 me.
1458 854 1489 894 ac
1503 842 1608 909 qnando
1620 852 1708 899 taceas

74 924 184 972 teseens
194 933 247 973 non
264 920 385 989 aperiam
407 935 440 976 os
452 936 544 976 meum
560 937 653 978 coram
674 924 776 996 iniquis
794 927 866 998 judi·
915 938 932 976 a
950 939 1000 978 mc.
1015 923 1069 979 Fae
1081 934 1111 978 ut
1124 924 1273 995 promisisti
1286 927 1379 983 means
1392 930 1418 983 in
1432 931 1579 1001 propbeta:
1596 931 1709 1005 Propter

73 1007 164 1075 cibus,
177 1009 224 1080 qui
236 1025 291 1064 nou
301 1009 434 1066 baberent
442 1019 606 1081 potestatem
618 1014 645 1067 in
657 1028 711 1080 me,
725 1014 779 1070 nisi
791 1025 865 1072 esset
915 1009 981 1066 Sion
994 1029 1045 1068 aon
1059 1014 1160 1081 tacebo,
1175 1025 1199 1071 et
1211 1028 1317 1088 propter
1329 1018 1478 1074 tcrnsntcm
1490 1038 1541 1076 non
1560 1025 1704 1095 quassum,

73 1098 130 1156 inis
144 1101 236 1156 aarum
251 1100 379 1173 desuper,
397 1101 450 1159 sed
461 1104 524 1160 neec
539 1113 611 1160 rem
625 1107 688 1162 para
704 1108 741 1163 sp
763 1107 790 1163 ῑῃ
805 1124 864 1165 ma.
913 1103 995 1158 donec
1005 1104 1160 1176 eprcdr‘atur
1172 1117 1201 1162 ιιι
1213 1107 1337 1176 splctrdor
1353 1109 1444 1180 justus
1457 1111 1525 1182 ejus,
1537 1124 1562 1168 et
1588 1118 1707 1171 salvator

71 1208 128 1248 nus
140 1192 227 1263 impii,
243 1193 288 1249 cui
303 1202 345 1249 est
357 1195 492 1265 permissa
508 1204 629 1266 potestas
639 1211 749 1253 earrrern
773 1214 861 1255 meana
912 1194 969 1263 ejas
980 1203 1009 1248 ot
1022 1195 1125 1266 lumper
1135 1197 1296 1252 accerrdatar
1310 1197 1379 1268 (isa.
1395 1216 1463 1268 exn,
1478 1202 1546 1274 l-i).
1559 1204 1629 1262 Eece
1641 1223 1704 1263 eum

71 1284 249 1356 crucifigendi
263 1303 270 1339 :
285 1295 313 1341 tu
329 1295 420 1342 tamen
436 1283 555 1342 Verbum
571 1285 645 1344 Deus
664 1287 731 1343 mibi
758 1289 861 1345 homini
913 1285 965 1341 sini
982 1286 1065 1343 bomo
1085 1287 1189 1357 justus,
1213 1298 1240 1344 et
1257 1291 1404 1348 confitente
1421 1307 1454 1348 ac
1477 1294 1585 1351 dicento
1608 1308 1706 1355 eentu-

70 1378 253 1448 personaliter
263 1378 648 1435 uultumncsilcaearnetne
658 1382 763 1458 quarrdo
774 1391 862 1439 taceas
913 1377 1324 1450 tionetvetclricbomoiastus
1352 1382 1499 1454 cratlbuc.
1515 1403 1595 1456 xxm,
1610 1388 1707 1461 dilzet

70 1484 88 1520 a
99 1483 150 1521 are.
168 1464 245 1523 'lune
256 1468 338 1524 etiarn
359 1469 470 1539 quando
488 1469 624 1540 putabunt
645 1470 751 1541 judiees
774 1472 861 1544 iniqui
913 1467 973 1538 ipso
986 1468 1117 1524 traditore
1131 1470 1158 1525 id
1175 1471 1265 1541 ipsum
1289 1471 1391 1528 latente
1405 1489 1467 1530 cum
1482 1476 1568 1534 dicit:
1592 1479 1705 1537 Peccari

70 1557 122 1613 tibi
140 1556 227 1614 Verbo
242 1557 297 1616 Deo
310 1559 469 1630 impositum
483 1575 545 1616 esse
556 1560 706 1630 silentium,
718 1573 861 1633 propterea
913 1559 1020 1614 trudens
1034 1562 1187 1632 sanquinem
1198 1562 1302 1633 iustam
1317 1563 1427 1636 (vdlottlr.
1444 1585 1529 1636 xxrn,
1541 1570 1587 1641 d);
1604 1587 1705 1629 conso·

69 1649 137 1720 quia
153 1664 207 1705 non
219 1650 328 1707 sonabis
347 1666 396 1722 per
408 1665 440 1707 os
450 1666 553 1719 meum,
568 1652 677 1708 illorum
691 1655 861 1724 predamna-
912 1661 995 1709 nante
1005 1668 1114 1725 quoque
1123 1653 1221 1724 Pilato,
1232 1671 1265 1713 ac
1275 1656 1399 1715 dicente:
1418 1659 1548 1718 Innocens
1561 1680 1608 1735 epo
1618 1682 1704 1721 runca

69 1746 157 1813 tione,
173 1745 216 1801 rel
230 1745 288 1815 ipsa
301 1761 361 1801 mea
371 1757 459 1801 morte
469 1746 663 1813 obclusum,nc
673 1747 781 1804 rilecsa
795 1764 857 1804 mc:
873 1740 1038 1814 Beunpuine
1061 1745 1140 1815 iuius
1159 1746 1230 1816 iusti
1241 1747 1350 1818 (lluttlr.
1380 1767 1466 1819 xrvrr,
1484 1753 1531 1828 ill
1546 1772 1553 1823 ;
1573 1757 1618 1811 cui
1633 1773 1704 1813 uxor

69 1836 209 1905 raimondo
225 1844 312 1890 taceas
325 1852 341 1890 a
356 1852 407 1900 mc,
424 1836 470 1891 sed
486 1851 534 1907 pcr
544 1851 639 1893 rocem
650 1839 793 1910 sauguinis
806 1839 860 1896 mei
910 1835 1035 1894 dixerat:
1051 1836 1130 1893 Nilil
1144 1840 1202 1907 tili,
1218 1849 1243 1896 ct
1253 1840 1328 1911 justo
1343 1842 1385 1898 illi
1401 1844 1510 1914 (ιιαιιιι.
1528 1863 1615 1913 ιιιιι,
1642 1849 1699 1921 ta).

68 1928 217 1984 clamantis
234 1929 267 1983 de
280 1937 350 1982 terra
373 1937 401 1983 ιιι
418 1925 536 1984 Verbnrn
548 1937 614 1986 tunc
637 1930 757 1985 maxime
780 1945 858 1999 sona,
909 1926 991 1995 Cum,
1005 1928 1127 2002 inquam,
1138 1930 1180 1987 sie
1196 1932 1377 2003 bomojustns
1388 1936 1440 1991 sirn
1453 1952 1514 2009 ego,
1532 1949 1561 1993 ut
1572 1942 1655 1996 etiam
1667 1943 1703 1998 ab

68 2019 109 2074 ita
122 2030 151 2073 ut
164 2019 246 2074 etiam
258 2018 285 2073 in
300 2017 408 2074 inferno
420 2020 551 2089 audiaris,
563 2022 725 2077 animantes
739 2021 803 2078 illuc
813 2022 861 2077 de·
910 2019 1021 2090 injustis
1026 2021 1131 2092 justitia
1141 2038 1202 2079 mea
1214 2024 1402 2081 testimouium
1415 2028 1523 2094 babeat,
1535 2030 1703 2089 claudendus

68 2112 636 2183 scendente,atquetaliaillicdicenteac
659 2113 860 2185 iaciente,qui·
910 2121 1001 2168 minen
1035 2129 1095 2171 sum
1135 2117 1163 2171 in
1203 2116 1329 2187 sepulcro
1364 2119 1416 2175 sub
1442 2122 1586 2191 sepulcrali
1613 2123 1703 2195 lapido

67 2204 123 2260 bus
136 2201 312 2260 manilesturn
326 2202 374 2259 liat
386 2203 557 2275 principibus
584 2205 769 2270 tenebrarum,
785 2205 859 2277 quod
909 2220 1009 2275 magno
1019 2212 1046 2261 et
1059 2206 1175 2277 signato.
1190 2205 1255 2262 item
1268 2222 1332 2263 cunr
1351 2207 1403 2263 sim
1416 2224 1467 2281 epo
1476 2210 1591 2283 lampas,
1602 2212 1636 2269 de
1646 2229 1701 2285 qua

66 2309 122 2366 ego
139 2310 192 2349 rroa
210 2295 379 2350 assimilabor
404 2295 619 2352 descendentibus
633 2298 661 2351 ia
675 2297 774 2365 lacurn,
789 2312 860 2368 quas
909 2295 1010 2352 dieitur
1023 2297 1049 2352 in
1061 2296 1112 2353 tob
1127 2316 1134 2354 :
1152 2297 1268 2369 Lampas
1286 2312 1436 2372 contempta
1460 2305 1532 2375 apud
1557 2307 1700 2376 capitatia·

66 2383 135 2440 illac
153 2384 236 2440 trabit
249 2385 355 2455 pondus
367 2395 541 2458 pennatorum
556 2387 599 2442 rel
614 2387 802 2459 originalium,
816 2388 859 2444 rel
909 2405 953 2443 aes
967 2388 1079 2442 diuitum
1091 2400 1189 2460 parato
1213 2390 1249 2444 ad
1276 2400 1523 2462 temperamentum
1539 2410 1555 2450 a
1568 2396 1701 2454 divitibus

66 2477 228 2532 actualium.
247 2475 389 2547 Egoenim
403 2493 501 2534 careus
514 2478 590 2534 omni
612 2489 724 2550 peccato
747 2480 788 2536 sie
810 2495 859 2536 ero
908 2480 1079 2552 principibus
1089 2481 1263 2537 sacerdotum
1276 2498 1319 2538 me
1327 2487 1564 2542 contemnentibus
1575 2485 1636 2559 (lod
1648 2504 1699 2558 ιιι,

66 2567 98 2622 ιιι
111 2567 219 2624 inierno
231 2569 309 2624 solus
324 2569 393 2623 inter
407 2578 525 2624 mortuos
539 2569 605 2624 liber
621 2569 708 2641 (Pral.
735 2587 857 2639 usxxrn,
908 2571 948 2641 5),
973 2587 1036 2627 ecee
1047 2570 1103 2643 jam
1121 2572 1147 2626 in
1162 2581 1249 2628 morte
1262 2588 1323 2628 mea
1339 2572 1378 2629 sie
1402 2590 1450 2629 ero
1472 2576 1698 2648 exstinguendus,

67 2659 110 2731 5),
122 2667 152 2714 at
163 2661 231 2717 alios
244 2677 355 2734 quoqne
367 2662 470 2732 possim
486 2662 550 2718 inde
572 2661 792 2734 liberaremque
806 2663 858 2733 ipsi
908 2673 939 2718 ut
952 2678 1006 2719 uon
1021 2663 1138 2720 babeam
1160 2664 1291 2735 speciem,
1307 2680 1396 2736 neque
1413 2667 1552 2735 decorem,
1565 2676 1592 2723 ct
1618 2683 1700 2739 aspe-

66 2751 152 2807 morti
167 2752 299 2809 insultare
310 2754 421 2810 dicens:
439 2752 490 2810 libi
506 2760 547 2808 cst
570 2769 640 2808 mora
666 2755 779 2808 uictoria
800 2763 856 2822 lua,
907 2766 968 2812 ctus
983 2771 1061 2812 arcus
1073 2756 1100 2811 in
1115 2771 1159 2811 nre
1175 2757 1286 2823 nonsit,
1302 2757 1348 2827 qni
1363 2759 1443 2827 quasi
1459 2758 1563 2828 lampas
1577 2759 1641 2814 aliis
1652 2775 1698 2816 as·

66 2845 115 2897 uli
127 2853 166 2898 cst
185 2861 255 2900 mors
276 2847 383 2900 aculeus
406 2847 494 2901 tuus?
516 2844 543 2916 (ι
555 2843 617 2901 Cor.
643 2861 689 2913 aa,
708 2846 766 2917 55.)
788 2846 858 2904 Eece
907 2855 1015 2917 pectam
1028 2846 1099 2913 dedi,
1111 2847 1221 2917 quaudo
1236 2861 1325 2903 caecos
1336 2848 1498 2917 illuminavi,
1510 2860 1537 2904 et
1548 2851 1600 2904 aba
1613 2864 1697 2920 opera

66 2936 143 2991 venit
166 2937 294 3010 princeps
317 2947 344 2993 et
365 2937 528 3010 prepositus
541 2948 606 2994 tuus
626 2953 752 3010 qrraerens
771 2939 798 2994 in
813 2955 857 2997 nse
906 2939 1065 3011 spectabilia
1078 2937 1140 2995 leci.
1153 2937 1192 2993 Tu
1207 2946 1297 2995 aalma
1315 2937 1432 2996 Verbum
1448 2940 1495 2996 bet
1514 2939 1615 3010 Patris,
1629 2943 1696 2999 inibi

65 3030 172 3099 aliquid
186 3040 262 3085 tunrn
277 3031 318 3087 rel
332 3047 424 3099 suurn,
436 3041 464 3088 et
487 3032 515 3086 in
539 3046 582 3089 rue
597 3047 652 3087 non
678 3031 759 3087 babet
779 3034 857 3104 quid·
907 3032 1011 3086 bomini
1027 3031 1144 3098 unitum,
1156 3031 1315 3103 priusquam
1331 3032 1357 3087 in
1373 3047 1483 3088 earnem
1504 3033 1694 3103 descenderes,

65 3136 162 3192 qrrara.
868 3096 1080 3194 Cpraenoscens
1102 3133 1155 3178 tuce
1186 3124 1278 3179 earnis
1306 3124 1449 3194 passiones
1475 3124 1589 3191 dixisti,
1620 3126 1696 3197 quod

102 3211 168 3269 lure
184 3212 267 3284 igitur
281 3227 331 3285 ego
342 3212 500 3284 injuriasea
518 3222 555 3281 te,
571 3229 589 3270 o
603 3229 679 3270 mors
691 3230 813 3279 morsus.
827 3225 855 3272 et
904 3229 987 3285 supra
1001 3225 1043 3269 est
1057 3215 1176 3285 positum
1189 3232 1196 3269 :
1211 3213 1323 3284 Propter
1338 3214 1403 3270 Sica
1416 3230 1467 3270 aaa
1481 3217 1581 3283 tacebo,
1596 3228 1621 3273 et
1633 3234 1696 3289 pro·

64 3308 146 3380 quasi
159 3308 227 3364 alter
240 3307 325 3365 Jonas
340 3309 394 3364 bue
409 3308 437 3363 in
447 3315 570 3363 uentrem
591 3315 668 3362 tuunr
683 3308 797 3379 glutitus
807 3324 854 3365 ero
903 3315 962 3378 pter
978 3304 1127 3361 Jerusalem
1155 3322 1206 3361 aon
1231 3307 1376 3378 quiescam,
1389 3307 1471 3362 donec
1493 3310 1645 3380 cprediatur
1666 3319 1695 3363 ιιι

64 3418 141 3458 mors
156 3411 212 3457 tua.
226 3399 302 3457 Licet
315 3401 388 3457 enirn
404 3410 430 3456 te
444 3402 585 3457 mordente
599 3399 701 3457 lactum
726 3401 772 3466 sit,
786 3409 816 3457 ut
827 3410 854 3458 et
903 3399 1027 3469 splendor
1038 3398 1128 3469 jactus
1146 3399 1213 3470 ejus,
1229 3408 1255 3453 ct
1270 3395 1396 3456 Salvator
1411 3400 1469 3470 einr
1481 3410 1510 3455 ur
1527 3400 1630 3472 lampas
1645 3418 1691 3457 oe-

63 3510 166 3566 corpus
177 3510 267 3550 meum
281 3494 417 3566 sepultum
427 3495 517 3566 jaceat
527 3494 554 3549 in
569 3503 664 3549 reatre
676 3503 755 3550 terrae
764 3488 853 3552 'tribus
903 3492 1031 3546 cendatar
1045 3489 1115 3561 (lac.
1130 3507 1197 3559 narr,
1206 3492 1275 3564 ι-Ξ).
1291 3489 1327 3547 ιιι
1339 3507 1404 3564 erpo
1415 3492 1575 3564 justilleeris
1593 3494 1619 3549 in
1635 3509 1695 3551 ser-

62 3589 162 3644 diebus
176 3595 205 3643 et
216 3587 304 3644 tribus
325 3587 462 3656 noctibus,
475 3596 558 3658 atque
582 3587 673 3642 aalma
699 3601 760 3642 mea
776 3586 812 3642 sit
825 3586 853 3641 in
903 3584 1032 3640 monibus
1044 3585 1108 3651 tuis,
1122 3593 1152 3640 ιιι
1164 3584 1256 3655 justus
1275 3592 1303 3639 et
1317 3600 1400 3641 verax
1416 3600 1561 3657 appareas,
1577 3596 1605 3643 tu
1620 3586 1693 3645 Deus

62 3689 159 3736 ventre
173 3677 601 3751 inleritanqnarninrentreoeti
616 3697 623 3734 ε
637 3689 853 3747 tarnen,omors
903 3673 1023 3730 Verbum
1038 3675 1106 3730 mibi
1130 3673 1257 3730 bumana
1270 3684 1375 3731 natura
1389 3677 1496 3732 unitum
1520 3692 1552 3732 ae
1576 3677 1693 3734 sileasa

61 3784 113 3828 cro
127 3785 203 3826 rnors
229 3778 286 3836 tua,
311 3770 375 3840 quia
402 3770 443 3826 sie
466 3784 514 3826 ero
535 3769 746 3825 revomendusa
771 3777 807 3836 te,
822 3778 853 3826 ut
902 3782 954 3834 me,
969 3766 1056 3823 donec
1069 3780 1120 3837 ego
1141 3765 1234 3837 laetus
1256 3766 1381 3838 egrediar
1398 3767 1432 3823 da
1457 3768 1586 3826 clausura
1602 3771 1694 3841 sepul·-

63 3862 195 3919 saueiatis
224 3871 252 3918 et
277 3861 448 3918 mortificatis
473 3862 527 3918 tuis
553 3861 680 3917 stratibus
697 3876 851 3932 pertusam
902 3858 942 3913 ori
962 3875 969 3913 :
990 3857 1142 3943 ire-quando
1157 3866 1245 3912 taceas
1259 3873 1337 3925 aare,
1355 3856 1443 3915 donee
1456 3875 1507 3931 ego
1522 3860 1627 3932 lampas
1643 3878 1693 3935 per

62 3953 216 4008 doctrinam
245 3962 420 4009 corrnertatar
446 3950 553 4019 Ninive,
569 3952 596 4007 id
615 3960 657 4008 est
677 3952 797 4009 mundus
817 3952 852 4008 ad
902 3961 1018 4008 mortem
1028 3952 1162 4007 exstincta
1177 3951 1276 4006 iterum
1288 3950 1421 4006 accendar
1433 3952 1461 4006 in
1483 3953 1692 4012 resurrectionis

62 4060 145 4116 quens
158 4044 369 4100 convertendum
382 4044 458 4115 prins
482 4044 521 4099 ire
548 4044 632 4111 volui,
647 4059 711 4101 cum
733 4044 851 4101 dicerem
902 4045 1000 4118 gloria,
1014 4053 1043 4100 et
1059 4059 1107 4115 per
1118 4042 1307 4099 ascensionem
1324 4058 1413 4099 meam
1426 4057 1512 4114 ponas
1531 4059 1613 4115 super
1625 4060 1693 4101 can·

62 4136 206 4206 discipulis
220 4136 304 4191 meis:
321 4133 356 4190 la
367 4135 563 4206 oiampcatinra
577 4152 610 4191 ne
622 4135 750 4192 abieritis.
767 4136 849 4192 ltem:
901 4135 1043 4192 delubrum
1062 4133 1146 4189 tatius
1168 4131 1298 4189 Ecclesia
1313 4142 1368 4189 tant
1389 4134 1417 4190 in
1445 4134 1515 4190 eoelo
1539 4135 1691 4205 regnantis,

63 4225 127 4282 Noa
141 4244 200 4282 snm
210 4228 317 4295 missus,
328 4228 381 4281 nisi
390 4227 425 4280 ad
439 4242 507 4293 ores,
521 4241 580 4297 qua
593 4227 738 4298 perierant,
757 4227 850 4283 domus
901 4240 985 4297 quam
999 4225 1110 4279 interra
1128 4221 1337 4295 peregrinantis,
1360 4239 1445 4294 super
1462 4224 1587 4292 tlrroaos,
1609 4241 1691 4296 super

63 4318 153 4375 lsrael
179 4317 289 4384 ιιιαιιιι.
310 4334 355 4384 su,
370 4318 429 4390 ιι).
457 4315 535 4373 Talia
554 4317 670 4375 dicendo
687 4318 760 4374 velut
782 4318 851 4373 alter
901 4315 1051 4384 cherubin,
1074 4324 1101 4371 et
1120 4330 1312 4386 superuacues
1331 4314 1544 4387 principatuset
1564 4318 1689 4374 uirtutes.

60 4410 147 4468 Jonas
159 4411 295 4484 fugiebam
313 4411 346 4466 de
358 4411 402 4466 ria
418 4410 536 4468 civitatis
564 4408 676 4466 Ninive:
691 4410 777 4466 sedin
791 4411 849 4482 ipsa
865 4435 887 4490 D
937 4407 980 4463 Nc
991 4407 1099 4495 sileara
1114 4425 1165 4475 arc,
1177 4424 1259 4479 acque
1273 4417 1389 4464 tamaro
1404 4425 1455 4476 mc,
1469 4409 1557 4465 sedin
1571 4409 1692 4467 clamore

60 4501 126 4575 luga
142 4510 301 4573 tempestate
315 4501 435 4558 iudaicae
451 4504 649 4574 persecutionls
676 4515 787 4574 propter
806 4517 850 4559 rae
901 4499 1043 4569 sanguinis
1067 4499 1120 4555 mei
1143 4508 1172 4555 ιιι
1196 4497 1315 4556 Verbum
1334 4501 1423 4557 clama
1451 4502 1484 4558 de
1508 4511 1590 4571 terra,
1605 4512 1634 4560 et
1661 4506 1690 4563 ia

59 4595 190 4651 saviente
203 4594 278 4666 grani
294 4609 392 4666 sopore
407 4594 505 4650 mortis
517 4593 671 4651 obdormivi
697 4594 849 4651 secundnm
899 4589 1020 4645 clamore
1034 4590 1133 4647 anirnae
1153 4606 1221 4648 mee
1236 4591 1323 4648 clama
1342 4593 1376 4649 de
1395 4603 1490 4651 ventre
1516 4595 1595 4651 inleri
1609 4598 1690 4669 quasi

58 4702 172 4757 corpus,
183 4696 211 4742 et
226 4685 375 4742 secundum
391 4686 511 4741 animam
526 4684 653 4741 descendi
669 4685 696 4740 iu
712 4684 849 4741 inlernurn
899 4681 1110 4750 daventrensi,
1126 4699 1207 4754 nepae
1219 4683 1310 4748 sileas,
1329 4684 1371 4741 uel
1391 4695 1484 4742 macas
1507 4689 1542 4742 ab
1566 4689 1619 4745 lroc
1642 4707 1694 4762 ge·

58 4789 191 4849 tanquam
210 4779 237 4834 in
251 4776 443 4834 ventremceti.
467 4774 556 4832 Tertia
569 4791 634 4847 ergo
660 4776 705 4832 die
731 4777 850 4834 resusci·
899 4776 1116 4844 minoolarnore,
1135 4776 1222 4834 donee
1235 4792 1279 4833 me
1296 4780 1455 4838 resuscites.
1469 4789 1497 4836 et
1510 4797 1559 4853 per
1572 4784 1691 4857 gloriam

57 4878 161 4926 talasa
181 4871 297 4927 mortuis
309 4870 387 4942 juxta
402 4868 476 4941 quod
501 4866 669 4938 impossibile
696 4875 737 4922 est
763 4868 848 4925 teneri
899 4868 1108 4925 resurrectionis
1135 4868 1338 4926 evidentissima
1369 4882 1465 4928 notum
1493 4873 1589 4944 iacias,
1612 4877 1691 4948 quod

56 4976 104 5017 me
115 4962 143 5017 in
154 4971 247 5019 rcntre
261 4963 312 5018 ceti
327 4962 384 5017 sinc
396 4960 487 5026 inferi,
500 4959 590 5015 dicam
609 4958 746 5029 oposnlis
761 4958 845 5016 meis:
897 4977 951 5016 noa
965 4959 1135 5016 assimilabor
1144 4960 1360 5019 descendentibus
1371 4966 1399 5021 in
1419 4965 1519 5034 lacurn,
1534 4969 1581 5025 sed
1595 4969 1691 5040 potius

55 5050 131 5108 Data
144 5061 183 5109 est
196 5054 261 5108 nnita
275 5052 360 5108 omnis
373 5061 490 5123 potestas
514 5052 543 5105 in
566 5050 631 5104 calo
656 5059 681 5104 et
701 5052 729 5103 ia
755 5059 847 5105 terra:
897 5052 1043 5108 ascendam
1055 5051 1083 5106 in
1108 5052 1220 5120 ciclum,
1242 5054 1348 5110 nullum
1368 5055 1403 5113 de
1428 5068 1527 5115 caetero
1546 5058 1688 5115 silentium

54 5156 148 5204 attatei
160 5147 187 5200 ia
202 5145 329 5200 muudum
345 5145 496 5199 universum
510 5143 654 5214 predicate
676 5141 847 5214 Eaaapcliurn
897 5142 1053 5209 babituros,
1069 5150 1099 5197 ut
1111 5144 1187 5214 eupit
1197 5143 1243 5200 bic
1256 5147 1375 5204 murrdus
1389 5148 1417 5203 in
1431 5150 1551 5222 maligno
1566 5151 1684 5223 positus.

55 5239 130 5296 omni
149 5250 279 5294 creatura
295 5234 406 5306 (uncta.
432 5252 529 5302 xxrnr,
543 5236 588 5302 18,
607 5234 662 5305 lb).
688 5232 728 5290 llli
754 5243 845 5291 autern
897 5229 964 5287 Nam
975 5232 1009 5288 de
1025 5231 1078 5288 boc
1088 5233 1191 5288 mundo
1206 5234 1246 5289 illi
1260 5244 1334 5304 suot,
1347 5239 1394 5309 qui
1403 5238 1545 5309 discipulis
1558 5242 1627 5298 ineis
1640 5242 1683 5298 di-

53 5327 171 5403 prolecti
196 5328 385 5403 predicabant
417 5327 517 5398 ubique
543 5327 571 5382 in
601 5335 657 5381 tota
684 5323 780 5382 Ninive
801 5341 845 5382 me
896 5324 1362 5400 euatrPracipicndoproecepimus
1375 5331 1683 5406 uobis,acloqacrcmiai

55 5429 230 5493 cooperante,
242 5427 269 5476 el
282 5434 436 5475 sermonem
458 5420 639 5478 conflrmante
666 5419 845 5490 sequentibus
895 5420 1043 5475 innomine
1058 5420 1121 5488 isto,
1131 5430 1156 5477 ct
1171 5438 1230 5477 eccs
1243 5423 1363 5493 replestis
1388 5422 1538 5482 Jerusalem
1560 5428 1683 5485 dactnna

54 5515 153 5587 signis,
168 5523 250 5585 atque
262 5513 300 5567 ita
315 5526 376 5584 epo,
392 5511 440 5582 qui
463 5512 490 5567 in
511 5513 621 5583 propria
641 5528 757 5584 persona
783 5527 844 5568 mea
895 5513 1063 5583 acerraldrt.
1077 5529 1105 5582 v,
1117 5513 1175 5584 ιιι).
1204 5512 1323 5583 itanc,o
1342 5514 1439 5586 iudai,
1464 5529 1553 5576 uestra
1580 5520 1682 5581 invidia

53 5608 179 5664 recusari
193 5606 340 5678 predicare
354 5604 382 5658 in
396 5601 504 5669 Niniue,
520 5604 576 5660 iuro
592 5605 619 5660 in
634 5606 762 5662 omnibus
777 5605 843 5662 eiri-
893 5619 944 5660 vos
955 5611 1073 5676 torquet,
1084 5605 1159 5675 quod
1171 5604 1290 5663 Verbum
1312 5606 1495 5682 incarnatum,
1507 5613 1552 5670 cul
1567 5631 1616 5674 ros
1630 5630 1683 5688 pu-

52 5700 157 5757 tatibas
169 5699 301 5772 genuani,
312 5710 364 5770 ego
375 5694 433 5768 ipse
444 5697 472 5752 iu
483 5695 623 5766 amatoris
637 5697 706 5759 meis
716 5698 841 5771 loquens,
894 5695 974 5755 tastis
984 5710 1113 5755 carneum
1125 5712 1156 5756 os
1170 5707 1258 5758 morte
1273 5700 1407 5774 clausum,
1423 5719 1472 5778 per
1492 5709 1681 5781 apostolorum
