3817 6000
706 174 971 238 cltecoattntttt.
992 208 1028 218 -
1047 178 1112 236 tto.
1134 176 1203 234 llll.

946 302 969 359 Α
982 292 1088 348 sonabit
1098 295 1233 361 pharetra,
1245 293 1358 347 vibrabit
1369 291 1447 347 licata
1456 301 1481 348 et
1491 293 1597 364 clypeus
1607 293 1668 367 (iod
1680 310 1776 365 auctr,

436 297 553 356 CAPUT
570 296 630 354 nt.

460 408 495 448 DE
514 404 610 448 SCUTU·

129 490 166 549 in
182 489 328 562 Scriptura
339 502 419 542 sacra
430 486 500 541 scuti
516 483 632 550 nomiae,
647 481 793 553 aliquando
803 482 931 552 protectio

167 562 285 629 abaco,
314 555 462 630 aliquando
490 555 609 610 bumana
646 553 801 624 rapacitatis
830 549 933 606 intelli·

167 634 254 704 atter.

168 745 247 817 (575)
263 743 341 800 Senti
361 741 474 799 nomine
488 738 624 812 protectio
646 736 738 792 diuina
761 735 930 807 designatur,

130 837 181 894 ubi
198 836 301 895 dieitur
317 834 461 904 :Domina
482 844 511 889 ut
528 843 603 888 scuto
624 830 866 901 tonoepoataatatts
879 838 932 885 tue

130 927 271 984 coronasti
282 944 330 982 etot
344 924 433 998 (Paci.
447 943 475 993 r,
492 925 548 997 15).
562 926 647 981 Scuto
657 925 758 997 quippe
774 930 825 979 nos‘
839 922 933 978 Domi-

130 1037 188 1077 nus
200 1035 337 1077 coronare
355 1019 525 1090 perhibetur,
542 1019 608 1089 quia
629 1033 699 1090 anos
727 1025 873 1088 protegens
884 1015 933 1069 atl-

129 1112 222 1182 javat,
237 1125 418 1167 remunerans
431 1118 556 1165 coronat.

170 1223 252 1280 Scati
266 1223 506 1280 nominelrnnrana
519 1224 680 1295 repugnatio
694 1224 864 1296 designatur,
879 1222 928 1279 sic·

132 1327 165 1374 ut
186 1334 237 1388 per
254 1315 429 1375 Psalmistam
455 1316 571 1373 dicitur:
593 1315 637 1371 ibi
665 1316 795 1388 cortfrepit
821 1332 931 1382 coruun,

1723 179 1778 237 att

982 385 1040 457 26).
1056 385 1188 441 Pinaretra
1204 399 1324 455 namquo
1339 396 1434 441 contra
1450 400 1551 456 equum
1578 386 1699 443 sortitum
1714 389 1778 445 red·

983 479 1032 547 dit,
1045 495 1109 535 cunt
1121 487 1217 533 eontra
1233 477 1440 548 praedicatorem
1456 487 1582 534 sanetum
1595 481 1703 536 oectdta
1714 496 1780 551 pra-

982 584 1079 625 norum
1095 569 1262 625 machinatio
1280 568 1426 624 cottsilium
1454 585 1536 625 suurn
1558 571 1632 642 qnod
1661 570 1777 627 imatu-

983 659 1070 721 leuter
1081 661 1178 732 operit,
1191 660 1391 716 fraudulentius
1407 662 1564 729 innotescit,
1577 671 1609 718 nt
1619 663 1780 735 praemissis

983 754 1077 821 minis,
1090 755 1169 825 qnasi
1181 770 1213 812 ex
1226 756 1316 812 sonitu
1333 757 1586 827 plraretraterreat,
1597 773 1660 813 curn
1670 756 1778 829 *praedi-

984 854 1061 903 cator
1076 844 1123 900 Dei
1138 854 1247 916 apertas
1257 848 1440 903 contumelias
1453 847 1526 902 uelut
1537 846 1780 907 cominus-ferien-

984 936 1021 992 tia
1034 935 1126 1006 jacula
1137 951 1191 992 non
1205 936 1343 993 formidat.
1361 938 1431 993 liam
1445 953 1511 994 nero
1536 939 1652 995 eisdem
1664 939 1780 999 minume

983 1037 1112 1094 terretur,
1135 1045 1199 1086 mut
1216 1028 1437 1100 persecutionum
1456 1029 1612 1086 crudelitas
1623 1030 1658 1086 ad
1672 1032 1780 1102 sappll·

984 1123 1027 1183 cia
1052 1123 1196 1180 manifesta
1223 1124 1390 1193 perducitur.
1429 1121 1508 1178 Unde
1532 1123 1601 1179 bene
1630 1133 1778 1195 postquam

984 1216 1087 1272 dictum
1101 1224 1154 1282 cst,
1165 1232 1248 1287 super
1260 1217 1350 1287 ipsum
1361 1217 1470 1272 sonabit
1483 1217 1622 1288 pltaretta,
1635 1218 1708 1274 illico
1727 1219 1778 1275 ad-

984 1308 1073 1364 ditur:
1095 1307 1215 1363 Viirncit
1240 1308 1329 1363 frasta.
1355 1307 1461 1364 Contra
1484 1311 1691 1380 predicatorem
1717 1310 1778 1380 Dei,

132 1424 241 1474 arcum,
265 1414 380 1473 acutam,
395 1406 515 1477 pladiani
537 1415 563 1460 et
581 1406 679 1460 bellant
694 1406 783 1479 (Paul.
797 1422 878 1474 cxxv,
892 1406 931 1476 f).
984 1409 1047 1472 pust
1061 1400 1196 1471 pharetra
1207 1398 1329 1455 sonitum
1345 1400 1424 1455 hasta
1440 1400 1574 1469 vibratur,
1589 1402 1703 1473 quando
1717 1411 1781 1474 post

133 1500 213 1572 (576)
228 1500 258 1555 in
272 1499 402 1555 cornibus
413 1499 514 1570 quippe
524 1498 608 1555 elatio
618 1499 811 1570 superborum,
825 1499 852 1555 in
866 1514 933 1555 arcu
984 1501 1105 1549 terrores
1119 1492 1285 1548 enlribitose
1299 1491 1389 1548 vicino
1402 1493 1460 1563 jam
1478 1492 1579 1550 feriens
1593 1504 1686 1566 aperta
1698 1510 1779 1566 poena

132 1608 202 1649 vero
218 1592 325 1648 insidiae
338 1591 419 1663 longe
433 1590 601 1658 ferientium,
620 1592 647 1646 ia
669 1600 748 1648 sento
770 1600 862 1646 autem
883 1592 933 1647 ob·
985 1584 1156 1655 wotidedun
1180 1584 1372 1655 ill'aedicawffls
1397 1594 1488 1642 afilem
1519 1587 1617 1653 sancii,
1642 1603 1705 1643 cum
1728 1602 1780 1659 pto

133 1686 232 1745 stipati
246 1685 347 1741 duritia
361 1684 562 1753 defensionum,
574 1684 602 1740 in
616 1685 707 1756 gladio
719 1683 808 1740 uicina
822 1700 935 1755 paens·
949 1647 973 1704 B
985 1676 1144 1734 defensione
1171 1678 1233 1734 fidei
1256 1677 1389 1748 supplicia
1407 1678 1537 1744 subcunt,
1553 1679 1587 1735 ad
1602 1679 1685 1754 W*
1701 1696 1779 1736 eam-

133 1779 192 1847 sio,
206 1778 318 1835 inbelle
331 1786 424 1834 autern
440 1778 498 1849 ipsa
511 1788 606 1835 eontra
617 1777 706 1835 Deum
727 1780 828 1834 meritis
847 1778 934 1837 ῃωιῑο
985 1768 1046 1824 oen
1059 1769 1140 1824 fidem
1151 1785 1221 1840 qnos
1236 1770 1325 1825 valent
1336 1784 1432 1841 rapere
1449 1778 1477 1826 et
1491 1770 1562 1828 inter
1584 1773 1697 1829 verbera
1723 1788 1779 1831 non

134 1871 310 1942 designatur.
328 1870 404 1943 (577)
428 1870 508 1938 Quod
528 1870 661 1927 nimirum
687 1879 775 1927 toton,
792 1870 820 1925 in
838 1880 934 1927 sanem
985 1861 1139 1930 desistunt;
1164 1872 1192 1919 et
1217 1878 1279 1919 cum
1309 1864 1445 1933 patienter
1470 1864 1583 1920 uulnera
1613 1865 1779 1937 suscipiant,

134 1960 262 2019 Ecclesia
276 1961 544 2035 consepeliendum
558 1973 665 2020 mentes
677 1963 733 2020 fleo
748 1965 934 2021 resistentium
985 1955 1133 2027 prudenter
1144 1965 1239 2013 curura
1254 1955 1336 2011 corda
1351 1954 1502 2011 infidelium
1517 1957 1632 2029 sagittas
1644 1960 1779 2030 praedica*

132 2052 313 2125 superposito
323 2052 392 2125 jugo
403 2054 566 2110 buntilitatis
574 2054 747 2111 edomantur.
758 2053 827 2112 ilinc
838 2071 934 2112 rursus
985 2047 1069 2105 tionis
1080 2048 1206 2106 reddunt.
1230 2047 1308 2104 Unde
1329 2056 1528 2121 rronnunqiratn
1554 2050 1655 2121 agitur,
1681 2059 1712 2107 ut
1726 2052 1781 2123 ipsi

135 2160 189 2217 per
202 2146 332 2202 eumdem
359 2143 524 2218 Propbelam
546 2146 667 2203 dicitur:
683 2147 783 2201 Arcam
806 2157 933 2216 everteret,
985 2142 1032 2212 qui
1047 2141 1075 2196 in
1087 2142 1278 2213 persecutione
1293 2144 1410 2200 saeuiunt
1429 2160 1485 2200 noo
1509 2154 1565 2199 tarn
1580 2144 1691 2202 doleant
1705 2146 1781 2216 quod

135 2245 163 2292 et
186 2236 335 2307 maidapct
362 2247 491 2306 armati
516 2238 739 2293 rcutucomburet
761 2238 933 2310 iqaisliml.
985 2235 1178 2305 predicatores
1201 2250 1257 2291 nun
1281 2237 1426 2291 emolliunt
1449 2251 1532 2307 quam
1555 2237 1630 2307 quod
1653 2252 1702 2308 per
1718 2238 1781 2309 aas

135 2343 203 2396 m,
219 2326 276 2399 tt).
293 2326 361 2384 ilino
377 2345 487 2385 mesum
507 2328 652 2387 flaminica
674 2346 742 2389 voco
764 2333 799 2389 ad
822 2333 934 2388 omium
986 2327 1069 2383 rerba
1083 2327 1152 2383 alios
1165 2328 1305 2385 amittunt.
1326 2328 1396 2395 Quia
1407 2328 1492 2401 igitur
1509 2344 1573 2385 eum
1588 2329 1711 2387 feriendo
1725 2345 1782 2388 non

133 2418 191 2477 iol)
204 2420 242 2477 de
254 2420 357 2479 diaboli
378 2438 494 2493 corpore
510 2424 635 2480 dicitur:
652 2423 755 2496 Carpat
776 2425 834 2495 ejas
856 2425 934 2496 quasi
986 2427 1127 2490 superant,
1139 2435 1174 2475 aa
1188 2418 1306 2483 fortasse
1321 2430 1349 2476 et
1374 2421 1420 2476 alii
1445 2421 1493 2491 qni
1516 2422 1592 2476 iilam
1611 2422 1729 2478 andiunt
1751 2436 1782 2479 se

133 2513 336 2584 scuta'susilio.
355 2513 577 2586 liuram-quippe,
590 2518 637 2572 aed
648 2533 709 2571 cunr
722 2516 936 2588 labitur-[reads
986 2512 1189 2583 derelinquant,
1209 2527 1273 2571 tuor
1300 2522 1396 2573 eotrtra
1415 2513 1553 2584 loquentis
1567 2514 1648 2570 verba
1672 2523 1782 2571 scutum

134 2603 205 2659 solet
228 2620 296 2674 esu,
324 2622 370 2661 aas
395 2622 472 2661 natae
497 2607 567 2678 prod
587 2607 668 2677 fusile
687 2607 808 2680 estiiob
824 2609 934 2679 suad).
986 2604 1175 2675 responsionis
1196 2615 1304 2675 parant.
1335 2604 1412 2661 Unde
1431 2621 1493 2662 cum
1522 2606 1638 2662 diecret:
1656 2604 1782 2667 vibrabit

135 2697 225 2755 Secta
239 2712 307 2770 ergo
318 2698 342 2755 si
355 2698 412 2755 sint
428 2698 521 2755 fusilia
537 2699 564 2753 in
580 2700 754 2772 suscipienda
771 2700 935 2773 sagittarum
988 2698 1080 2766 hasta,
1104 2708 1178 2755 necte
1199 2696 1376 2771 subiungitur
1399 2719 1406 2754 z
1432 2706 1458 2755 ct
1473 2700 1593 2771 clypeus.
1620 2699 1782 2757 Persecutor

133 2792 321 2865 percussione
343 2794 457 2851 robusta
478 2801 553 2861 suut,
578 2794 627 2851 sed
648 2808 715 2850 casn
738 2792 856 2865 fragilia.
877 2793 936 2851 fetu
987 2792 1061 2848 enirn
1081 2792 1215 2859 saeviens„
1232 2801 1378 2863 postquam
1397 2792 1585 2863 predicatoris
1601 2808 1782 2867 corpnssup-

135 2884 243 2955 quippe
261 2881 418 2939 ferientium
435 2885 548 2941 minimo
575 2893 764 2955 penetrantur,
779 2886 891 2942 sedsuu
906 2901 937 2942 se
987 2882 1069 2954 plicia
1084 2884 1455 2954 percutit,auditorameor,
1473 2884 1553 2955 qnasi
1573 2885 1669 2957 clypeo
1691 2888 1782 2946 verbis

134 2974 218 3046 lapsu
234 2988 285 3047 per
304 2972 456 3048 fragmenta
471 2976 634 3032 dissolvunt.
660 2974 768 3048 Corpus
792 2990 858 3050 ergo
876 2975 935 3032 Le·
950 2994 972 3054 c
989 2992 1047 3036 suae
1063 2975 1258 3049 disputationis
1278 2976 1378 3049 munit.
1398 2973 1448 3032 Vir
1465 2976 1548 3051 igitur
1571 2987 1685 3035 sanctus
1698 2988 1729 3037 ut
1741 2978 1784 3037 fc·

135 3067 264 3137 riatiren,
282 3067 308 3124 id
320 3068 579 3140 ostomacsiniqni,
593 3068 639 3140 qui
653 3085 702 3139 per
722 3068 934 3126 obstinationem
991 3071 1041 3128 riri
1051 3070 1159 3137 debeat,
1184 3069 1417 3139 hastamhastam
1440 3071 1500 3135 sed,
1516 3085 1551 3126 nc
1573 3072 1662 3127 audiri
1685 3072 1781 3142 possit,

135 3161 348 3228 durisuntsed
375 3177 424 3232 per
446 3162 532 3218 eitam
553 3162 675 3234 fragiles,
700 3163 786 3218 scutis
806 3162 936 3220 fusilibus
989 3163 1100 3235 clypeus
1116 3162 1272 3233 opponitur.
1294 3160 1407 3219 Dicatur
1423 3177 1503 3234 ergo:
1527 3160 1613 3233 Sapei
1636 3163 1783 3234 ipsumm-

136 3263 348 3324 caarparantur.
363 3254 434 3309 Cum
458 3255 628 3311 etritnvcrba
656 3254 859 3326 predicationis
886 3271 937 3311 au·
989 3255 1064 3310 nobit
1083 3255 1225 3324 pharetra,
1251 3255 1366 3310 vibrabit
1388 3255 1503 3311 licetret
1539 3256 1655 3326 clypeus.
1680 3256 1783 3314 Contra

137 3346 232 3412 diunt,
246 3344 331 3420 443
345 3347 420 3402 nulla
436 3349 614 3403 correctionis
636 3348 729 3418 incula
748 3363 778 3404 sc
793 3356 938 3417 penetrare
989 3362 1097 3419 aequum
1115 3348 1216 3420 qnippe
1235 3345 1294 3414 Dei,
1321 3348 1386 3420 quia
1414 3363 1562 3420 pravorum
1587 3349 1703 3405 consilia
1721 3366 1784 3422 per-

139 3440 317 3510 premittnnt,
327 3440 392 3512 quia
405 3440 432 3494 iu
445 3440 520 3495 omrai
534 3450 646 3511 peceato
659 3440 865 3512 quodzlaoiunt,
877 3458 938 3499 seu·
973 3493 976 3496 ,
989 3447 1126 3509 strepunt,
1138 3439 1266 3510 pharetra
1281 3447 1372 3509 sonat,
1390 3441 1456 3513 qnia
1471 3453 1566 3513 aperta
1593 3457 1674 3512 poeria
1687 3442 1783 3513 esqui-

141 3543 202 3588 tnm
217 3533 343 3603 superbe
356 3532 524 3589 defertsionis
541 3545 694 3604 opportune.
708 3533 778 3592 Nam
792 3551 855 3592 cum
873 3537 937 3607 quis
989 3529 1059 3583 ritar
1070 3528 1150 3584 basta
1165 3528 1299 3599 vibratur,
1312 3530 1377 3602 qnia
1392 3547 1458 3587 uero
1480 3533 1505 3588 ei
1523 3533 1605 3588 etiam
1634 3533 1663 3588 in
1687 3532 1784 3605 dispu-

141 3627 242 3686 telium
253 3629 289 3685 de
303 3636 381 3684 reatu
399 3643 457 3684 snae
475 3628 633 3699 iniquitatis
652 3629 788 3700 arguitur,
803 3644 857 3685 non
872 3644 937 3688 max
990 3620 1255 3689 ῑθῑῑθυθῐθῦῑδῑῑῑῦ),
1270 3627 1383 3695 clypeus
1397 3622 1558 3681 &miserturo
1760 3631 1763 3637 '

139 3725 247 3796 cogitat
258 3725 397 3795 quomodo
410 3724 517 3794 culpam
534 3724 663 3796 corrigat,
678 3723 725 3780 sed
738 3724 806 3794 quid
823 3724 851 3779 in
863 3724 940 3795 adiu
1262 3777 1263 3780 ,
1279 3733 1395 3791 CAPUT
1415 3736 1499 3794 xvii,

137 3818 215 3873 torio
230 3833 289 3875 suar
300 3817 469 3874 defensionis
483 3825 613 3887 opponat.
626 3814 704 3874 Nulla
715 3817 798 3888 igitur
816 3816 938 3878 veritatis
1308 3844 1342 3883 po
1361 3842 1469 3884 orioro.

138 3911 243 3983 §agilia
258 3920 446 3982 lienillf‘llfllllf‚
461 3911 525 3982 qula
541 3910 623 3966 rerba
641 3919 743 3968 dallei&
755 3911 936 3968 cofl'efllollls
991 3918 1025 3975 1η
1040 3918 1181 3990 Scriptura
1200 3934 1279 3973 sacra
1290 3919 1376 3990 yladp'r'
1388 3920 1503 3986 nonrine,
1517 3920 1663 3991 aliquando
1677 3921 1784 3979 perham

138 4006 168 4061 in
183 4015 266 4061 scuto
277 4004 377 4075 excipit
389 4005 513 4074 superbae
523 4003 707 4060 ‹totcnsiorus.;
717 4003 789 4060 Bene
807 4017 873 4076 ergo
894 4002 938 4060 di·
1023 3990 1085 4058 bei,
1101 3989 1248 4062 “Uibiido
1261 3989 1346 4060 futuri
1365 3990 1465 4060 Μή)
1479 3993 1623 4060 willelma,
1638 3992 1783 4064 “Ullum

138 4098 233 4154 citur:
248 4096 356 4168 Corpus
369 4097 429 4168 ejus
443 4096 524 4168 rpnasi
536 4106 614 4152 scuta
629 4096 732 4164 fusilia,
751 4095 815 4166 quia
842 4110 939 4152 omnes
1024 4063 1446 4203 {wo'‘ffffqffinffcfss'fffflffit
1456 4062 1785 4204 tw‘ss'g‘ffifffiggo

139 4192 232 4264 iui‘1¹¹1
259 4207 294 4249 ¹¹0
318 4193 353 4248 ³1¹
378 4209 408 4248 ⁵⁰
430 4191 639 4262 001ΎῙΡῙΕΙΙΙῙΠΙΙ1
660 4191 744 4245 willa
777 4190 939 4260 P⁰fV⁰¹¹i²¹¹²
1025 4202 1066 4257 ira
1076 4203 1116 4259 oei
1128 4203 1385 4274 persanriaatufipai
1394 4203 1516 4272 spiritus,
1528 4202 1673 4276 aliquanda
1684 4206 1784 4260 dioride

138 4286 329 4356 qnasieontra
340 4284 645 4355 adtersantiuntjacula
656 4292 733 4340 scuta
747 4282 938 4339 defensionum
1026 4275 1177 4345 iniquorum
1195 4275 1332 4344 persuasio
1350 4275 1516 4345 decipiatur.
1727 4295 1734 4301 ·

139 4387 252 4451 paona
948 4341 979 4403 '⁰
1005 4384 1783 4461 ,ppstsrstcnnnnoaanosummasunmna,

990 4479 1063 4536 sicut
1071 4478 1240 4550 perPaulum
1249 4476 1665 4551 dieitur:Etpladiamapiritaa
1673 4485 1785 4553 quadret

463 4607 498 4646 ,Β
515 4605 625 4645 Ἥρω
968 4572 1099 4629 ,sertam
1110 4572 1158 4627 Dei
1168 4572 1277 4644 (Epire.
1286 4588 1326 4640 rt,
1338 4572 1391 4643 17).
1402 4570 1471 4628 Hinc
1480 4569 1609 4630 Solonion
1622 4573 1687 4629 dura
1699 4573 1784 4633 lorice

175 4684 344 4757 clypeorum
363 4682 474 4740 nomine
488 4684 619 4738 virtutum
636 4680 756 4736 munitio
768 4678 939 4750 designatur,
991 4661 1122 4738 spiritalis
1148 4681 1246 4737 pugnae
1270 4665 1437 4721 describeret
1451 4665 1597 4722 bellatores
1608 4666 1667 4722 ait:
1686 4666 1782 4724 Unates

138 4781 216 4838 sicul
233 4778 262 4833 in
273 4775 501 4846 Cautieissponsi
520 4789 594 4830 voce
612 4772 647 4829 ad
672 4786 802 4842 sponsam
818 4771 939 4826 dicitur:
991 4770 1108 4817 immet
1118 4758 1234 4831 stadios,
1248 4759 1326 4814 eiad·
1337 4757 1405 4814 beffa
1417 4758 1567 4814 doctissimi
1579 4757 1670 4830 (Cutil.
1688 4778 1730 4831 tlt,
1744 4761 1783 4833 8).

138 4869 317 4928 Sicsttsrris
334 4867 422 4922 David
438 4865 536 4921 collant
559 4874 635 4918 taam
659 4878 719 4934 pue
741 4862 876 4932 edificata
900 4870 940 4916 est
991 4853 1062 4924 Quid
1077 4853 1152 4910 enirn
1169 4852 1352 4926 perpladium
1373 4851 1427 4910 nisi
1445 4853 1557 4909 uerbum
1572 4851 1621 4907 Dei
1637 4852 1786 4928 liguratur?

137 4980 204 5021 am
218 4961 437 5034 promouendis.
453 4958 529 5014 fiilia
539 4957 623 5028 ctppei
637 4954 782 5026 dependent
796 4970 828 5008 ce
838 4970 869 5008 co
883 4970 941 5008 om·
993 4948 1124 5005 Salomon
1147 4955 1245 5004 eatan<
1255 4960 1314 5001 non>
1325 4945 1364 5001 ait
1388 4961 1395 5001 t
1421 4959 1517 5001 omnes
1533 4944 1666 5001 babentes
1680 4944 1785 5016 gladios

138 5058 184 5114 nis
213 5064 354 5110 armatura
371 5052 483 5123 sortiunt
503 5047 595 5121 (Cant.
614 5062 652 5115 ru,
672 5045 711 5116 i).
732 5045 832 5116 Relege
850 5044 897 5100 lib.
913 5060 939 5112 r,
991 5043 1040 5100 sed
1053 5039 1271 5111 tenenteszquia
1285 5037 1412 5096 uidelicet
1425 5035 1598 5093 nenbnnrliei
1610 5052 1664 5092 nou
1679 5047 1721 5091 est
1732 5036 1785 5091 mi-

138 5165 206 5222 cap.
220 5148 269 5215 Ἠ,
279 5148 343 5205 dist.
357 5148 383 5202 l.
991 5135 1078 5192 rabilc
1098 5133 1271 5191 solummodo
1291 5132 1372 5197 seire,
1391 5130 1439 5189 sed
1460 5128 1561 5187 facere.
1573 5129 1660 5184 Habet
1673 5128 1783 5210 qnippe,

180 5242 259 5316 (578)
275 5242 369 5314 clypei
383 5239 496 5295 nomine
510 5236 612 5294 diaboli
626 5236 788 5306 repugnatio
813 5234 942 5304 designa·
992 5229 1041 5285 sed
1068 5242 1123 5282 non
1147 5233 1222 5281 tenet
1247 5222 1379 5296 gladium,
1393 5222 1441 5293 qui
1465 5221 1588 5276 diuinum
1604 5219 1714 5291 quidem
1728 5219 1785 5274 elo·

138 5352 200 5406 tur,
219 5337 293 5393 sicut
303 5350 370 5392 uoce
388 5331 531 5389 flaminica
549 5331 583 5386 ad
599 5330 709 5385 beatum
723 5326 776 5384 iob
792 5327 826 5383 de
843 5335 942 5384 sancto
992 5321 1087 5394 quium
1099 5319 1190 5386 novit;
1204 5316 1252 5373 sed
1269 5315 1420 5372 secundnm
1435 5313 1502 5370 illud
1515 5314 1606 5368 ninere
1620 5309 1740 5382 negligit.
1751 5310 1786 5367 Et

138 5432 326 5508 predicatore
339 5428 392 5485 sub
403 5425 468 5499 eqni
482 5425 595 5482 nomine
607 5423 726 5481 dieitur:
748 5419 833 5492 Super
852 5422 941 5491 ipram
992 5415 1090 5473 doctus
1109 5427 1172 5469 esse
1188 5411 1223 5469 ad
1244 5409 1314 5467 bella
1332 5408 1391 5481 jam
1411 5421 1466 5460 non
1485 5405 1556 5460 ualet
1570 5403 1617 5474 qni
1634 5402 1784 5475 spiritalem

1028 5548 1104 5621 (stat
1118 5545 1158 5602 Ur
1174 5545 1193 5600 f.
1207 5543 1316 5600 nstin
1328 5540 1389 5608 iob,
1404 5554 1464 5609 cap.
1481 5538 1557 5603 nni

1028 5619 1104 5693 (579)
1118 5617 1158 5673 Ex
1173 5617 1193 5673 Ι.
1209 5630 1260 5673 att·
1270 5614 1299 5671 in
1310 5610 1372 5679 toa,
1387 5627 1412 5669 c.
1428 5624 1483 5679 ru,
1497 5607 1545 5681 28,
1597 5647 1605 5667 .

444 4471 560 4529 caede
578 4471 647 4527 xtt.

180 5570 258 5642 (575)
273 5568 314 5624 Ex
329 5569 348 5623 l.
363 5580 450 5622 runt
461 5564 489 5619 in
499 5562 561 5626 lob,
576 5578 601 5619 c.
617 5577 694 5627 rats,
708 5558 754 5615 Ξ).
779 5629 785 5641 .

179 5641 248 5714 (576
274 5640 329 5695 Pro
344 5653 445 5693 carata
461 5636 542 5707 uulgo
561 5633 669 5704 legitur,
685 5636 827 5701 potentates.

178 5713 245 5792 (577
271 5710 311 5771 Ex
323 5710 343 5771 l.
355 5717 382 5795 et
393 5723 417 5767 c.
429 5722 490 5779 sup.
