3817 6000
80 99 162 157 2605

436 96 769 159 connumeraturus
788 94 960 154 essibus,
1001 128 1012 137 ..
1024 97 1115 155 raus
1131 97 1168 162 ι’.
1193 126 1222 139 -·
1240 97 1338 154 PSAL.
1359 98 1391 155 t.

1654 96 1722 160 tout

77 218 164 273 stitia
176 230 273 273 omnes
286 217 422 286 homines,
435 234 495 273 cum
504 217 688 289 judicariaab
709 217 820 290 injustis
840 217 884 273 di·
897 225 921 282 A
935 219 998 276 dieo
1015 239 1022 275 :
1039 230 1066 275 et
1080 220 1145 277 huic
1166 218 1271 274 auditui
1292 234 1349 274 meo
1365 218 1442 273 dabir
1457 219 1583 288 pendium
1609 227 1634 273 ει
1653 217 1726 273 lati·

939 313 1015 367 tiam.
1031 311 1164 368 Gaudium
1180 312 1298 383 pertinet
1318 311 1352 366 ad
1378 310 1482 382 peccati
1501 304 1700 365 absolutionem
1715 326 1724 364 ι

76 307 216 364 centibus
234 325 242 363 ι
260 328 269 360 ι
288 307 363 375 Reus
379 322 421 365 est
430 310 529 367 mortis
540 310 550 378 (
554 309 649 366 llatrb.
665 325 741 378 xrrr,
753 309 815 379 6).»
830 308 884 365 Et:

83 416 96 449 ι
125 399 157 453 Si
174 398 220 454 hic
234 415 290 455 nou
304 409 377 457 esset
396 400 566 470 malefactor,
587 416 641 457 uou
662 402 709 457 tibi
726 401 885 457 tradidisse-

77 503 226 553 mnseum
243 489 334 559 (ioan.
349 507 428 559 xvuur,
447 493 503 562 50).
522 511 532 545 r

124 583 231 637 Aliter:
253 581 313 636 Tibi
335 581 397 645 soli.
419 582 467 653 qui
482 598 512 638 es
526 581 584 638 liex
598 599 705 655 regum,
721 583 836 653 peccari,
859 593 884 638 et

79 677 192 729 nralam
205 691 295 730 coram
306 684 330 730 te
345 676 407 746 feci,
419 677 466 747 qui
478 677 571 731 omnia
583 676 706 747 inspicis,
719 679 765 749 qui
779 679 812 732 de
824 693 883 732 mea

80 768 175 838 stirpe
188 777 213 823 ιε
225 770 395 825 nasciturum
407 769 568 839 promisisti.
584 768 637 823 Sed
651 785 725 823 nunc
736 771 826 823 ornatis
839 785 884 838 po·

80 860 172 929 palus
195 858 284 915 dicit:
300 859 333 914 de
354 858 441 914 Dauid
456 875 512 914 non
537 872 665 915 nascetur
679 859 816 927 Christus,
835 861 881 930 qui

80 951 143 1005 tale
159 960 299 1021 peccatum
311 951 462 1018 commisit,
488 959 515 1006 ει
529 950 590 1007 ideo
601 952 631 1006 lit
645 952 751 1006 irritum
764 953 883 1022 promis·

79 1058 151 1097 sum
166 1052 242 1098 tunm
259 1044 286 1097 iu
300 1043 428 1113 opinione
451 1044 604 1099 bominum.
624 1043 688 1099 ideo
702 1044 807 1099 dimitto
821 1060 882 1113 pec·

80 1145 182 1189 catum
195 1151 297 1201 meunt,
312 1145 342 1189 ut
351 1136 510 1206 justificeris
530 1137 557 1189 in
569 1136 732 1191 sermonibus
756 1138 809 1191 tais
831 1137 882 1191 inr-

79 1225 188 1296 plendo
199 1227 366 1296 promissum
383 1234 471 1293 tuum,
484 1242 518 1281 ne
531 1224 625 1294 fallax,
644 1227 691 1284 sed
703 1244 786 1283 verax
802 1244 883 1297 appa·

79 1332 151 1372 reas
167 1335 173 1371 :
187 1328 211 1371 et
223 1319 324 1382 uineas,
336 1335 395 1371 cum
411 1318 545 1388 judicaria
567 1334 582 1374 a
595 1320 752 1386 mundanis,
768 1337 820 1375 non
832 1322 881 1375 de·

80 1406 153 1461 bere
173 1413 200 1460 le
215 1406 326 1461 reddere
345 1415 504 1478 eapropter
527 1407 612 1462 multa
626 1416 737 1478 peccata
762 1424 838 1474 mca;
855 1418 882 1463 et

81 1495 245 1564 manifesta,
270 1511 373 1551 uoner
398 1496 504 1552 meritis
528 1497 606 1562 meis,
627 1499 673 1553 sed
704 1500 761 1554 sola
774 1500 879 1571 justitia

937 403 1033 459 latitia
1047 405 1080 460 ad
1094 404 1221 474 perennis
1238 404 1300 459 utta
1315 403 1525 475 perceptionem.
1538 403 1648 455 Aeditui
1660 418 1726 472 prra-

936 498 1012 552 dium
1031 506 1055 551 ει
1072 496 1194 552 letitiam
1206 495 1290 563 dabit,
1302 495 1411 566 quando
1423 495 1514 551 dicet:
1532 513 1542 547 r
1559 492 1665 560 Venite,
1678 493 1725 546 bo·

937 590 1037 644 nedicti
1055 586 1144 643 Patris
1163 587 1227 653 mei,
1239 586 1369 656 percipite
1384 601 1508 657 regnum,
1521 593 1572 640 ete.
1587 604 1596 637 ι
1613 583 1722 657 (llattlr.

936 697 999 747 aar,
1008 679 1066 752 ii.)
1078 680 1235 735 Auditabae
1245 678 1488 734 roceeasaitobant
1500 695 1560 734 orso
1571 668 1722 742 lramiliota,

935 772 1039 829 scilicet
1053 768 1137 825 auinii
1153 770 1325 826 lirmamcnla
1345 771 1372 824 in
1394 770 1553 841 paenitentia
1568 768 1719 826 debilitata.

933 863 1053 919 Perouao
1062 861 1143 917 ctiam
1152 860 1311 931 intelligitur
1321 862 1426 917 ratioet
1439 860 1554 915 liberum
1567 862 1722 926 arbitrium,

934 955 1089 1027 inpeccatis
1101 954 1241 1009 inclinata.
1255 952 1317 1008 llaeo
1331 951 1512 1014 exsultabunt.
1524 968 1586 1006 cum
1597 939 1724 1007 restitues

933 1046 988 1100 rim
1003 1045 1118 1101 rationis
1130 1053 1157 1099 et
1169 1042 1325 1099 laenitatem
1341 1043 1418 1098 liberi
1435 1043 1551 1098 arbitrii.
1566 1027 1635 1096 uim
1649 1042 1724 1098 enim

933 1138 1016 1191 bomo
1031 1137 1149 1208 peccatis
1161 1136 1321 1201 delectatur,
1342 1135 1412 1189 ratio
1426 1144 1590 1198 excecatur,
1605 1133 1723 1188 liberum

932 1230 1076 1284 arbitrium
1094 1226 1260 1284 debilitatur.
1277 1226 1312 1282 Ut
1326 1227 1432 1282 auditui
1448 1242 1503 1281 meo
1517 1226 1565 1282 des
1592 1225 1725 1297 paludium

931 1331 957 1377 et
968 1321 1102 1376 letitiam.

969 1413 1052 1469 Vsus.
1077 1413 1120 1467 ll.
1144 1412 1237 1467 dnerte
1262 1412 1357 1482 [aciem
1373 1418 1447 1463 tuam
1471 1423 1487 1461 a
1509 1408 1623 1478 peccatis
1646 1409 1721 1462 maia.

933 1505 1020 1562 Deum
1037 1514 1149 1578 peccata
1164 1514 1259 1560 nostra
1271 1502 1443 1574 aspiecrerel
1454 1500 1592 1556 reeordari
1602 1509 1645 1556 cst
1655 1501 1723 1555 uelle

3 1596 4 1601 ’
82 1596 135 1642 tua
151 1603 292 1643 sermones
302 1588 335 1642 de
350 1589 533 1658 promissione
552 1590 620 1644 mibi
642 1588 713 1646 laeta
729 1590 787 1646 lore
802 1609 878 1648 eom·
893 1581 915 1636 Β
931 1599 1029 1669 punire
1047 1617 1054 1653 z
1069 1599 1164 1669 [aciem
1178 1612 1194 1649 a
1209 1595 1324 1666 pereatis
1344 1601 1461 1646 auertere
1477 1590 1520 1645 uel
1542 1590 1666 1646 obliuisci
1681 1599 1724 1645 est

81 1680 211 1752 piandos.
225 1679 267 1736 'la
280 1681 356 1737 solus
369 1681 461 1753 iustus
473 1698 503 1738 es
517 1683 544 1737 iu
560 1692 596 1750 te,
608 1682 653 1738 alii
666 1700 714 1754 per
733 1693 770 1740 le.

125 1774 206 1831 iens.
221 1775 246 1830 t.
257 1773 324 1829 Fece
337 1776 407 1829 enim
421 1777 448 1830 in
461 1777 647 1847 iniquitatibus
659 1790 796 1850 coruceptua
807 1798 877 1850 aum,

83 1865 170 1921 idest
198 1866 224 1921 in
251 1867 377 1939 originali
403 1876 525 1937 peccato,
541 1870 606 1939 quia
631 1885 726 1927 omnes
746 1872 773 1926 iu
792 1872 877 1928 ddum

81 1968 279 2025 peecaverunt.
296 1956 330 2013 Et
346 1958 502 2027 inpeccatis
522 1960 639 2029 concepit
656 1977 696 2014 me
709 1971 793 2015 mater
809 1979 876 2017 area.

82 2046 146 2102 Non
161 2057 221 2103 crat
246 2047 331 2105 Dauid
355 2049 389 2104 de
407 2049 543 2105 adulterio
557 2060 648 2116 natus,
674 2051 721 2107 sed
744 2052 778 2108 de
801 2050 878 2110 iesse

79 2138 160 2209 justo
173 2139 233 2193 viro
247 2148 274 2195 ει
287 2140 403 2211 conjuge
416 2141 514 2212 ipsius,
530 2155 582 2196 nec
596 2150 639 2196 εει
649 2150 791 2211 peceatum
802 2158 878 2198 com-

83 2231 179 2287 mistio
201 2232 331 2303 conjugii.
354 2231 406 2288 Sed
433 2233 498 2304 quia
519 2232 644 2289 mortalis
670 2234 704 2290 de
718 2235 877 2305 parentibus

82 2336 261 2395 propagatur,
281 2326 380 2381 merito
396 2325 424 2380 in
444 2326 563 2396 peccatis
577 2326 684 2397 concipi
698 2337 875 2385 memoratur.

3 2438 4 2446 ι
83 2417 161 2474 Mors
185 2419 260 2473 euim
282 2427 325 2474 εει
352 2435 433 2491 poena
458 2419 654 2491 peccatique
676 2438 691 2475 a
717 2423 877 2492 parentibus

84 2509 168 2578 qurasi
179 2507 324 2565 baereditas
335 2510 502 2580 possidetur,
514 2510 560 2566 sed
571 2525 621 2581 per
628 2511 876 2582 concupiscentiam

83 2602 179 2658 carnis
198 2601 379 2658 ministratur.
403 2602 530 2659 cbristus
551 2610 653 2672 ιιιιειιι,
668 2604 716 2675 qui
737 2605 796 2660 siue
811 2622 878 2662 con·

83 2693 255 2765 crupiscentia
268 2703 311 2751 cst
322 2704 482 2765 conceptus,
502 2695 562 2751 sinc
578 2703 690 2765 peccato
708 2705 877 2769 estgencra·

84 2793 145 2850 ιιιε;
162 2784 285 2842 mortalis
304 2795 395 2842 autem
414 2803 469 2843 non
486 2797 584 2843 natura
597 2793 645 2843 εειι
660 2787 799 2846 uoluntate
813 2789 875 2855 luit,

82 2875 146 2930 ideo
161 2877 273 2933 vincens
287 2879 390 2934 urania.

930 1691 1002 1746 nolle
1013 1690 1120 1761 puuire.
1134 1686 1268 1743 Caetcrum
1281 1683 1352 1739 [icus
1367 1698 1475 1752 semper
1489 1681 1587 1751 aspicit
1598 1681 1727 1735 onmium.

929 1782 1072 1838 bominum
1089 1791 1167 1836 actus
1186 1778 1228 1833 rel
1243 1777 1436 1847 cogitationes,
1450 1789 1502 1829 nec
1517 1789 1638 1844 uuquam
1650 1771 1721 1826 obli·

928 1875 1056 1939 uisatur,
1071 1874 1116 1930 cui
1139 1872 1231 1928 omnia
1259 1870 1396 1942 praeterita
1413 1875 1440 1922 et
1457 1868 1549 1920 l'ntura
1565 1874 1630 1921 suut
1650 1880 1721 1935 prur-

929 1967 1026 2023 seutia.
1038 1965 1071 2020 bt
1084 1981 1173 2019 antara
1187 1962 1341 2033 iniquitates
1356 1976 1427 2013 oreas
1442 1957 1509 2011 dele.
1525 1955 1679 2027 Originalcs
1694 1964 1722 2011 et

928 2059 1049 2116 actuales
1064 2058 1131 2124 dele,
1149 2057 1202 2112 boc
1216 2062 1257 2110 εει
1273 2053 1389 2118 dimitte,
1400 2050 1464 2121 quia
1477 2049 1581 2105 crimen
1595 2059 1719 2104 nostrum

933 2151 1083 2207 admissum
1111 2150 1138 2204 in
1168 2146 1332 2219 quibusdam
1359 2143 1437 2213 quasi
1465 2141 1565 2198 tabulis
1580 2140 1721 2208 scribitur,

928 2244 993 2299 dum
1012 2241 1104 2297 diviua
1120 2241 1217 2296 notitia
1236 2233 1447 2294 continetur&
1463 2251 1517 2290 uoti
1533 2242 1639 2288 tantum
1654 2248 1719 2304 pcc·

928 2347 988 2394 eata
1003 2335 1119 2401 dimitte,
1132 2332 1180 2389 sed
1198 2332 1280 2387 ctiam

964 2426 1046 2483 Vsus.
1069 2427 1113 2481 li.
1131 2424 1185 2480 Cor
1211 2422 1338 2478 arandum
1372 2436 1433 2475 crea
1459 2421 1487 2474 in
1507 2417 1646 2485 mabam
1666 2416 1719 2485 Qut

928 2522 981 2577 boc
1006 2528 1083 2592 potes
1110 2516 1209 2583 lacere,
1235 2530 1320 2586 purga
1349 2512 1470 2569 animam
1494 2511 1531 2566 ab
1558 2511 1720 2582 ignorantiae

928 2611 1053 2683 caligine,
1075 2618 1104 2665 ut
1128 2618 1154 2664 te
1176 2607 1279 2678 possim
1303 2619 1371 2677 pure
1401 2603 1500 2659 intueri
1518 2612 1545 2659 et
1558 2602 1718 2675 intelligere.

929 2705 1027 2762 Creme
1050 2703 1170 2776 positum
1197 2709 1240 2757 εει
1264 2700 1309 2756 bic
1328 2713 1378 2770 pro
1400 2707 1559 2761 restaurare.
1585 2694 1652 2752 Creo
1673 2711 1720 2749 cor

928 2798 1065 2859 arnaudum,
1078 2795 1131 2851 hoe
1145 2802 1196 2858 est,
1209 2793 1242 2848 da
1257 2792 1388 2847 mnndum
1402 2788 1579 2845 intellectum.
1594 2786 1647 2843 Cor
1656 2786 1718 2843 idco

930 2905 980 2961 pro
1007 2885 1184 2958 intelligentia
1210 2884 1332 2954 ponitur,
1351 2881 1417 2952 quia
1431 2881 1458 2934 in
1471 2881 1524 2934 boc
1537 2878 1601 2934 lorus
1613 2876 1718 2949 cogita·-

121 2964 203 3024 i'ens.
219 2966 328 3024 8.ch
343 2971 413 3024 enirn
427 2971 564 3028 ueritatem
577 2972 705 3041 dilexisti,
718 2973 743 3030 id
755 2981 798 3029 est
809 2989 875 3029 con·
928 2983 1034 3040 tionum
1045 2994 1106 3035 esse
1119 2975 1229 3033 dicitur.
1246 2993 1255 3026 ι
1275 2972 1313 3029 lie
1327 2972 1419 3041 eorde,
1438 2990 1448 3025 ι
1469 2971 1558 3043 inquit
1571 2969 1716 3037 Dominus,

82 3058 245 3116 laesionem.
257 3060 326 3116 Ecce
339 3073 452 3132 apparet
464 3064 529 3135 qnia
547 3072 575 3118 tu
590 3065 665 3133 prior
676 3065 794 3121 atterent
805 3067 874 3120 aeri·
929 3094 938 3126 r
959 3080 1059 3129 exeunt
1084 3069 1262 3142 cogitationes
1277 3065 1386 3136 (Marti.
1413 3080 1459 3131 ιιι,
1474 3064 1531 3135 ιιι).
1550 3082 1560 3115 ι
1586 3061 1664 3119 Unde
1691 3074 1718 3118 ει

82 3159 165 3205 tatem
192 3152 219 3206 5¹¹
246 3168 290 3207 ¹¹¹⁸
314 3150 413 3218 favere.
427 3153 453 3209 id
469 3147 511 3209 iii
521 3153 701 3225 ⁰⁰il¹t5fl⁰¹¹⁰ffl
716 3157 833 3225 peccati;
848 3167 876 3212 et
925 3182 973 3221 cor
985 3163 1113 3221 conoides
1123 3170 1175 3224 est.
1190 3174 1251 3231 quae
1265 3157 1336 3230 iguis
1349 3157 1432 3213 babet
1444 3157 1602 3227 imaginem,
1615 3162 1645 3211 ut
1658 3171 1717 3212 rne-

80 3244 283 3316 Foesslil'ssfiamt
302 3246 366 3315 (luia
385 3253 413 3299 ¹¹¹
435 3247 510 3316 lilii
526 3262 569 3302 ¹¹¹0
587 3247 707 3302 ‘'lllllisii·
729 3246 835 3303 lacerta
850 3259 875 3302 ei
925 3258 979 3314 rito
991 3256 1038 3312 tali
1052 3253 1187 3326 positione
1202 3251 1237 3306 sit
1251 3250 1425 3321 plasmatum,
1445 3250 1517 3304 unde
1536 3247 1616 3303 uobis
1629 3255 1717 3319 potest

80 3334 188 3390 ⁰⁶⁶¹⁸st⁰
211 3336 349 3406 ³“biennii
371 3347 425 3392 ΜΦ
444 3337 623 3407 mailffeiissffl
648 3338 723 3405 mibi,
736 3337 762 3392 id
775 3347 817 3393 esi
830 3355 875 3394 ιθ·
924 3342 1184 3402 renirecousilium.
1197 3338 1325 3394 Traditur
1339 3338 1453 3394 etiama
1475 3336 1595 3409 physicis
1620 3350 1669 3392 cor
1687 3335 1717 3392 ιιι

81 3428 179 3484 velasti
203 3429 270 3483 mibi
295 3431 424 3502 mysteria
439 3430 500 3486 Filii
518 3431 568 3498 tui,
582 3449 643 3503 quta
655 3433 748 3489 multis
763 3434 873 3505 quidem
924 3437 1021 3509 primis
1034 3435 1061 3490 in
1077 3433 1186 3490 bomine
1203 3430 1325 3487 formari.

82 3521 280 3588 revelasti,sed
294 3524 361 3577 mibi
378 3533 451 3578 ecrta
465 3526 634 3592 monstrasti,
651 3527 739 3596 primo
750 3534 874 3596 utaguo·
961 3527 997 3583 Et
1026 3527 1149 3598 spiritum
1171 3532 1272 3578 rectum
1294 3524 1391 3577 innaua
1414 3523 1442 3576 in
1470 3522 1612 3576 uisceribus
1640 3522 1713 3576 neeis.

82 3628 188 3668 seercm
205 3621 231 3668 ιε
249 3613 642 3683 liabereFiliun13deirrdcut
664 3618 753 3688 ipsum
775 3611 873 3674 obsce·
926 3620 1024 3677 lterato
1042 3617 1077 3673 da
1092 3615 1267 3687 sapientiam,
1294 3613 1322 3668 id
1343 3621 1396 3680 est,
1412 3612 1560 3669 intellectui
1587 3627 1647 3668 meo
1668 3611 1716 3667 Fi·

81 3720 141 3761 rena
151 3721 185 3761 ex
196 3705 301 3761 semine
312 3717 540 3775 meoreutururu,
553 3708 589 3764 ita
606 3716 635 3762 ut
648 3708 802 3779 passionem
814 3708 874 3779 ejus
924 3714 991 3768 lium
1006 3719 1095 3776 tuum,
1112 3716 1142 3762 ut
1157 3706 1225 3761 bene
1249 3704 1352 3775 possim
1379 3705 1497 3774 operari,
1510 3703 1573 3774 quia
1597 3703 1656 3773 ipse
1671 3712 1715 3760 est

84 3809 111 3853 et
125 3797 355 3853 resurrectionem
370 3799 450 3869 quasi
465 3799 554 3856 risam
575 3801 797 3871 praenuntiarem.
812 3799 874 3854 ideo
924 3804 996 3859 linea
1021 3801 1112 3857 omnis
1142 3806 1223 3853 rectae
1244 3795 1423 3866 operationis.
1442 3793 1503 3850 Noa
1527 3792 1650 3863 spiritus,
1667 3794 1715 3850 sed

121 3888 202 3944 Faus.
215 3889 242 3945 9.
266 3890 394 3960 deperata
406 3907 447 3945 me
460 3890 571 3961 hyssopo
586 3899 611 3945 et
623 3892 779 3957 nrundabor,
794 3891 874 3948 idest
924 3897 1008 3952 homo
1036 3895 1192 3958 inauratur,
1206 3890 1271 3946 dura
1300 3903 1315 3943 a
1339 3897 1474 3944 vetustate
1499 3886 1603 3957 peceati
1626 3885 1714 3942 reior-

87 3985 230 4041 mundabis
244 4001 287 4041 me
297 4001 346 4056 per
358 3986 518 4057 sanguinem
531 3987 550 4041 F
553 3987 592 4042 ilii
605 3985 663 4042 Dei.
677 3986 795 4044 llistoria
814 3998 874 4044 tan-
924 3994 1022 4042 matur.
1522 3973 1528 3984 ’

3 4139 4 4148 ¹
87 4079 165 4150 [uitur.
180 4078 200 4133 F
202 4079 323 4136 asciculo
338 4079 450 4151 byssopi
462 4080 655 4151 aspergebatur
666 4081 777 4153 sanguis
792 4096 874 4152 super
959 4076 1043 4133 vers.
1057 4072 1151 4131 tabe
1165 4074 1292 4145 projicias
1308 4089 1348 4126 ute
1364 4088 1381 4125 o
1394 4070 1462 4141 socie
1476 4079 1532 4125 tua.
1547 4069 1569 4122 Δ
1585 4069 1653 4140 sacia
1667 4067 1714 4123 liei

3 4223 4 4234 ,
87 4172 232 4241 leprosum,
257 4171 422 4227 otmundus
446 4169 636 4242 bebatlbeuit.
660 4172 727 4242 ιιι).
756 4170 873 4245 Sanguis
923 4171 1076 4241 proficitur,
1105 4167 1152 4240 quui
1183 4165 1273 4220 curari
1294 4160 1541 4220 contemuitur.lta
1561 4161 1715 4225 innormat

3 4321 5 4342 k
89 4264 137 4317 iste
163 4263 327 4333 significauit
350 4263 512 4334 sangninem
535 4262 597 4318 Filii
624 4263 683 4331 bei,
698 4280 753 4336 quo
769 4265 868 4338 leprosi
885 4275 907 4330 Ι)
922 4261 1039 4333 amplius
1053 4275 1105 4314 aaa
1116 4256 1246 4330 projiciar
1266 4253 1488 4311 aconsotbtilale
1506 4254 1576 4323 eius,
1599 4262 1714 4322 quaest

88 4372 198 4428 corpore
220 4366 248 4412 et
268 4358 360 4412 anima
384 4366 450 4412 suut
475 4357 609 4414 mundati.
626 4358 767 4429 llyssopus
788 4360 872 4414 berba
924 4353 1007 4423 [acies
1031 4362 1089 4417 tua,
1105 4366 1154 4421 per
1170 4365 1251 4421 quam
1267 4346 1482 4418 crrgnoscerlset
1495 4360 1550 4400 nou
1570 4344 1712 4416 permittas

88 4467 167 4524 parra
188 4459 229 4506 εει
245 4450 396 4521 reprimens
417 4459 552 4506 tumorem
568 4451 718 4521 pulmonis.
732 4451 874 4523 Signilicat
924 4449 1038 4504 ulterius
1049 4446 1284 4504 excederelineum
1298 4451 1384 4498 tuam.
1396 4439 1431 4495 Et
1447 4438 1577 4511 Spiritum
1592 4449 1712 4492 sarratam

88 4541 263 4599 bumilitatem
277 4541 391 4609 Christi,
405 4542 453 4613 qui
471 4558 501 4598 se
514 4541 613 4595 obtulit
641 4539 707 4596 Deo.
733 4540 874 4613 ilyssopus
924 4557 955 4594 ne
969 4540 1076 4609 anseres
1098 4554 1182 4604 aare,
1208 4534 1314 4591 scilicet
1334 4533 1467 4603 Spiritum
1495 4531 1645 4601 prophetiae
1670 4531 1711 4585 uel

88 4635 184 4692 dicitur
215 4634 306 4690 radice
340 4648 445 4705 petram
474 4643 710 4705 percurrebam
733 4643 809 4704 petra
832 4644 874 4690 est
923 4630 1087 4687 dilectionis.

87 4727 220 4784 Christus.
961 4721 1041 4778 iras.
1063 4722 1106 4776 ll.
1120 4718 1289 4774 lieddemilri
1311 4718 1432 4773 laetitiam
1447 4716 1575 4771 salutaria
1594 4715 1643 4780 tui,
1659 4714 1711 4768 boc

121 4818 233 4874 Lauabia
248 4836 297 4886 me,
314 4829 338 4876 ει
351 4821 525 4891 supernivem
550 4816 705 4885 dealbabor,
728 4817 755 4873 id
768 4826 810 4874 est
824 4834 874 4888 pu·
922 4822 975 4882 est,
990 4828 1034 4869 me
1049 4812 1092 4869 iac
1106 4812 1206 4867 babere
1220 4810 1345 4865 letitiam
1367 4810 1400 4865 de
1416 4810 1568 4865 salvatione
1582 4806 1643 4861 Filii
1660 4806 1710 4860 tui.

3 4917 4 4924 ’
90 4911 204 4967 rileabis
223 4926 267 4966 me
282 4927 330 4981 per
352 4911 517 4967 lavationem
540 4908 679 4981 baptismi,
693 4917 720 4963 ct
731 4922 779 4962 ero
794 4907 873 4962 albus
923 4906 1044 4963 Gratiam
1062 4905 1180 4976 Spiritus
1193 4903 1278 4959 sancti
1294 4918 1324 4958 se
1336 4902 1462 4957 amisisse
1472 4899 1623 4971 coprroscit,
1646 4899 1711 4966 unia

88 5019 160 5073 super
182 5002 275 5056 niuem.
303 5002 401 5056 Anima
419 5003 500 5057 babet
523 4999 669 5055 candorem
693 5013 785 5063 suum,
801 4998 873 5054 sieut

89 5111 183 5166 corpus
193 5110 286 5152 suum.
297 5093 332 5150 Et
344 5095 415 5150 iuter
430 5109 525 5151 omues
536 5091 657 5149 risibiles
671 5099 811 5147 creaturas
829 5090 871 5146 ni·

89 5188 123 5243 bil
135 5187 225 5243 albius
239 5197 282 5244 est
302 5187 377 5253 uiue,
389 5204 472 5259 super
487 5202 570 5258 quam
581 5186 608 5240 in
625 5200 740 5256 corpore
753 5195 795 5239 εει
806 5199 872 5239 carn·

89 5281 134 5336 dor
146 5281 254 5336 animae.
269 5278 303 5335 Et
316 5290 462 5352 postquam
479 5279 531 5334 boc
544 5277 641 5334 leceris
658 5295 666 5333 ι

120 5372 203 5430 Vsus.
213 5374 257 5431 ib.
273 5374 386 5430 Aeditui
400 5390 455 5428 meo
473 5372 550 5428 dabis
562 5371 689 5443 pendium
702 5379 727 5425 ει
738 5367 869 5423 laetitiam.

3 5537 5 5552 .
89 5466 214 5539 Superius
231 5467 325 5523 dixisti
349 5486 356 5522 :
388 5467 471 5534 eladi,
494 5464 588 5537 popule
612 5479 695 5531 nurus,
715 5472 741 5516 et
765 5460 868 5531 loquar.

2 5555 6 5662 i
90 5558 150 5616 Ecce
168 5560 250 5616 audio
265 5561 422 5616 obedienter
436 5556 500 5624 auid
512 5556 662 5625 praecipias,
693 5568 742 5610 nec
758 5560 868 5609 eontra·

924 4999 1041 5070 Spiritus
1069 5004 1180 5052 sauctus
1199 5004 1342 5067 peccantes
1353 4994 1430 5064 lugit‚
1444 5002 1471 5048 et
1485 5007 1538 5048 ιιοιι
1559 4990 1662 5045 habitat
1683 4990 1710 5044 ιιι

922 5104 1039 5161 corpore
1053 5088 1163 5144 subdito
1174 5087 1293 5157 peccatis
1309 5104 1316 5140 a
1332 5093 1357 5139 el
1377 5084 1474 5154 spiritu
1492 5080 1636 5152 principali
1648 5097 1712 5135 con·

922 5181 1001 5252 liram
1011 5195 1062 5246 me,
1074 5191 1109 5232 ue
1122 5175 1221 5232 iterum
1236 5188 1416 5246 peccem,ucc
1430 5171 1515 5227 autimi
1530 5169 1712 5226 mutabilitate

921 5288 936 5327 a
952 5280 978 5327 te
998 5269 1147 5327 discedam.
1168 5265 1218 5323 liic
1242 5265 1363 5321 Trinitas
1384 5273 1512 5334 expresse
1530 5260 1641 5333 ponitur
1656 5278 1664 5314 :
1679 5260 1714 5317 ln

922 5361 1025 5433 Spiritu
1045 5359 1187 5433 principali
1208 5357 1300 5426 Pater,
1320 5357 1349 5413 in
1373 5354 1477 5427 Spiritu
1489 5365 1559 5410 recto
1570 5352 1590 5406 F
1593 5352 1667 5421 ilius,
1680 5353 1710 5410 ιιι

921 5453 1025 5525 Spiritu
1039 5463 1133 5509 aurrcto
1156 5453 1215 5523 ipse
1231 5450 1354 5522 ,Spiritus
1373 5458 1486 5505 sanctus
1496 5446 1638 5518 accipitur.
1649 5443 1709 5502 Nou

921 5562 1012 5606 tarrrcn
1027 5547 1087 5605 ideo
1103 5545 1217 5617 Spiritus
1227 5544 1383 5616 principalia
1393 5542 1502 5612 dicitur,
1515 5540 1588 5613 quod
1605 5540 1663 5612 ipso
1674 5539 1710 5595 sit
