3817 6000
218 272 290 340 ltus

698 274 853 336 uuutloltl
874 274 1068 334 nlilitrusttt
1087 277 1361 336 uttttttusrlinu.

1774 286 1841 347 Ιῖῖιΰ

216 388 284 456 gitta
305 384 392 443 sertor
407 387 604 459 impetuosins;
618 389 654 444 ita
666 388 813 459 judicium,
832 401 935 462 ‹ruaatu
951 399 1042 455 tar-A
1060 400 1188 459 terreant,
1200 402 1228 448 et
1240 393 1374 448 interdum
1387 393 1429 449 rel
1443 394 1596 451 orationum
1622 397 1664 450 rel
1677 395 1841 467 judiciorum

216 476 290 545 dius,
303 486 378 532 tanto
392 478 501 549 gravius
513 476 635 534 siturum
650 487 702 536 est.
716 480 804 552 llujus
819 482 858 539 rei
873 483 953 539 datur
968 483 1006 537 si·

217 571 355 643 gniilcatio
376 571 415 626 vel
438 572 465 625 in
489 572 607 643 eoquod
622 588 703 630 arcus
718 576 830 645 ponitur
847 577 874 631 in
887 576 1006 633 nubibus

218 666 291 733 coeli,
301 666 366 721 dum
377 665 534 736 judicantur
547 683 620 722 nune
634 668 733 736 sancti,
745 669 919 739 postmodum
931 670 1006 740 judi·

217 768 304 814 caturr
319 777 326 818 :
340 760 380 815 vel
401 760 427 814 iu
442 760 542 815 vexillo
556 760 657 827 crucis,
671 761 696 815 iu
711 777 764 832 qua
778 760 865 817 iudex
880 763 1003 818 rivorum

217 860 244 905 et
255 862 425 907 mortuorum
441 853 563 909 tradebat.
572 853 705 923 iudicanti
720 870 750 910 sc
765 853 867 924 injuste
882 865 1004 925 postmo-

216 943 281 998 ‹lum
303 944 475 1015 judicaturus
493 947 576 1016 juste.
591 944 668 1012 Quod
687 945 807 1018 siguum,
824 948 870 1018 qui
894 946 1005 1017 conspi-

216 1035 302 1104 ciunt,
316 1038 448 1108 faginina
463 1039 532 1109 socie
544 1055 622 1093 arcus
634 1038 765 1094 imitando
776 1038 876 1094 Christi
898 1040 1005 1109 passio-

216 1145 289 1194 nem,
310 1130 385 1201 quia,
411 1131 435 1188 si
450 1131 517 1187 socii
529 1133 687 1202 passionum
703 1147 810 1199 snmus,
827 1132 909 1189 simul
924 1142 951 1188 et
962 1149 1005 1188 re-

216 1219 394 1278 surrectionis
404 1222 517 1278 erimus.
534 1242 543 1275 r
561 1220 589 1278 Si
606 1225 798 1295 compatimur,
812 1231 839 1279 et
852 1240 1004 1297 conregna·

1056 484 1162 556 sagittis
1181 486 1269 542 acutis
1283 495 1466 556 prosternant.
1481 486 1559 544 Unde
1579 489 1606 545 in
1621 491 1701 548 laude
1714 494 1786 565 regis
1799 496 1841 549 sui

1056 576 1150 631 dieunt
1164 575 1217 648 ipsi
1232 577 1332 633 milites
1346 577 1457 635 assidue
1472 597 1479 635 r
1493 579 1604 651 Sugitur
1619 593 1671 637 tsoe
1685 592 1783 653 arutoe,
1796 601 1843 655 pe-

1055 667 1112 737 pub'
1128 668 1176 721 aab
1199 677 1224 722 te
1243 669 1348 736 ruderit,
1363 671 1392 741 in
1415 670 1494 725 corde
1519 672 1686 728 inimicorum
1713 677 1790 746 regia.
1812 674 1842 732 lu

1056 756 1139 812 corde
1153 757 1256 828 utiqrre,
1271 774 1326 814 uon
1339 761 1367 814 in
1383 776 1499 832 corpore
1515 764 1623 829 eadent,
1634 765 1681 834 qui
1696 766 1842 824 humilias·

1056 858 1226 918 tunoleum
1246 851 1324 922 prius
1336 862 1428 909 essent
1446 854 1550 911 inimici
1570 857 1652 927 regis,
1664 860 1733 915 liunt
1749 861 1842 930 amirei,

1055 953 1103 1001 aut
1115 955 1188 1002 certe
1204 945 1227 1002 si
1252 948 1349 1003 nolunt
1363 948 1422 1005 lieri
1437 951 1529 1018 amici,
1545 966 1578 1008 ae
1593 965 1770 1022 perseverant
1781 971 1842 1014 esse

1055 1040 1169 1107 inimici,
1188 1056 1242 1096 non
1261 1042 1417 1115 etlugienta
1437 1042 1508 1101 iacie
1527 1060 1608 1102 arcus
1631 1048 1658 1102 in
1672 1047 1717 1104 die
1733 1048 1840 1119 judieii,

1056 1138 1121 1185 turae
1140 1129 1168 1185 iu
1190 1145 1305 1202 corpore
1326 1132 1456 1190 simulet
1477 1135 1504 1189 in
1518 1135 1600 1192 corde
1621 1137 1747 1204 leriendi,
1761 1150 1843 1212 atquc

1055 1221 1082 1277 iu
1096 1240 1233 1280 carcerem
1246 1226 1375 1297 gehenuae
1388 1227 1458 1297 ignis
1472 1229 1641 1291 detrudendi.
1651 1229 1763 1295 Verum,
1777 1234 1842 1303 quia

215 1314 307 1371 bfimus
319 1315 477 1381 illamvnr,
495 1314 550 1385 ll).
569 1335 580 1369 ι

251 1406 331 1463 lituu
355 1416 397 1463 est
415 1409 481 1479 pari,
497 1406 570 1464 aliud
593 1417 635 1464 est
657 1406 766 1464 Cinisto
788 1408 915 1480 compati,
939 1409 1005 1481 quia

215 1514 269 1554 nou
298 1499 462 1571 omnesqui
488 1499 629 1570 patiuntur
652 1500 761 1556 Cbristo
778 1500 1002 1571 compatiuntur;

215 1606 269 1646 non
285 1607 379 1647 omraes
405 1591 451 1663 qui
464 1593 619 1648 moriuntur
644 1591 756 1647 Christo
771 1593 1002 1647 commoriuntur.

216 1678 427 1739 Similitcraliud
438 1691 480 1738 est
490 1698 614 1753 regnare,
624 1682 814 1738 aliudCliristo
824 1697 1002 1752 conregnare.
1090 1679 1243 1751 diapsalma
1259 1684 1304 1740 bic
1317 1685 1510 1755 interponitur,
1522 1702 1607 1755 quoa
1628 1687 1710 1744 dictis
1725 1690 1844 1746 dicenda

214 1771 316 1830 Passus
333 1784 375 1829 est
385 1776 454 1830 latro
467 1774 654 1847 blasphemus,
670 1790 724 1830 uun
738 1784 827 1831 tamen
839 1774 949 1831 Christo
962 1784 1004 1831 est
1019 1740 1041 1795 B
1054 1781 1249 1837 succinentem
1262 1775 1326 1845 quia
1339 1774 1433 1842 Dauid,
1447 1777 1495 1847 qui
1507 1778 1627 1846 psallens
1635 1779 1693 1848 jam
1714 1782 1794 1838 visus
1804 1793 1847 1840 est

213 1882 375 1937 eompassus
389 1886 396 1922 ε
411 1877 536 1923 mortuus
548 1877 599 1935 est,
621 1884 674 1922 non
691 1877 780 1922 tamen
797 1867 907 1923 (iluisto
924 1884 1003 1924 com·
1054 1864 1238 1935 ussttrupsisse
1256 1881 1401 1936 personam
1424 1867 1573 1938 judicantis
1594 1880 1622 1925 et
1640 1886 1706 1927 arcu
1734 1884 1847 1930 extento

213 1967 348 2015 mortuus.
376 1958 517 2031 Regnabat
541 1957 638 2026 Nero,
663 1959 710 2015 sed
738 1976 793 2015 nou
819 1961 1004 2032 conregnabat
1055 1956 1199 2021 auiuentis,
1215 1957 1359 2028 rependas
1377 1960 1593 2014 commiuatione
1618 1962 1846 2034 assumirperso·

213 2049 333 2106 Claristo.
347 2049 434 2105 Porro
449 2050 584 2122 poeuitrus
598 2062 624 2107 et
637 2052 771 2108 contuens
787 2054 857 2109 latro
872 2054 899 2108 iu
913 2069 946 2109 eo
962 2064 1004 2109 est
1054 2067 1116 2106 narn
1130 2051 1249 2107 oratoris
1267 2060 1295 2106 et
1306 2052 1497 2109 intercessoris
1511 2053 1605 2111 dicens
1623 2054 1679 2111 lieo
1696 2074 1702 2110 :
1727 2056 1763 2111 Ur
1779 2059 1845 2114 libe-

213 2139 323 2196 Cluisto
338 2156 499 2211 carnapassus
510 2152 537 2197 et
550 2152 748 2209 commortuus,
761 2143 834 2214 quod
847 2145 1004 2213 perurendo
1054 2153 1144 2196 renrnr
1160 2142 1250 2197 dilecti
1263 2142 1325 2197 rni:

212 2243 240 2289 ιι
254 2235 407 2290 coufitendo
418 2236 489 2290 inter
501 2247 648 2306 poeuasest
656 2237 831 2308 justificatus.
843 2236 927 2293 llulto
938 2255 1004 2294 vcro
1091 2235 1172 2291 i'cus.
1193 2235 1218 2291 7.
1235 2234 1346 2291 Scirum
1368 2236 1412 2305 [ac
1429 2237 1538 2293 desiero
1554 2246 1610 2304 tuo,
1632 2248 1658 2292 et
1677 2241 1779 2294 eundi
1795 2258 1847 2295 irre.

213 2324 312 2381 melius
336 2324 443 2391 luisset,
460 2326 483 2381 si
505 2335 569 2382 ante
583 2342 678 2398 poerras
699 2328 867 2398 justilicatus
892 2340 1004 2400 propter
1088 2324 1162 2380 Ordo
1182 2325 1329 2381 verborum
1353 2336 1418 2383 est:
1437 2327 1535 2381 eraudi
1560 2343 1610 2394 ne,
1623 2340 1647 2381 er
1673 2327 1776 2382 ιιιιιιιιι
1803 2331 1849 2399 {ac

1055 1313 1242 1373 misericordia
1259 1327 1286 1373 et
1300 1318 1399 1374 veritas
1412 1321 1566 1390 praecedent
1580 1321 1677 1378 faciem
1691 1332 1779 1389 tuam,
1793 1324 1841 1379 lu·

1054 1406 1106 1461 dea
1120 1408 1269 1474 tremende,
1282 1408 1309 1463 in
1335 1408 1486 1481 Scripturis
1501 1412 1623 1468 ueritatis
1636 1425 1747 1485 propter
1762 1416 1843 1471 mise·

1055 1499 1200 1556 ricordiam
1221 1509 1295 1557 tuam
1313 1502 1410 1559 declini
1434 1505 1608 1561 metuentibus
1628 1517 1653 1561 re
1668 1508 1844 1579 aigrrifieario-

1054 1607 1123 1657 nem,
1135 1599 1164 1645 at
1178 1591 1281 1662 fugiunt
1294 1609 1311 1646 a
1328 1593 1396 1662 [urie
1409 1610 1498 1648 arcus.

210 2416 344 2488 justitiam
366 2428 471 2476 tractus
494 2419 592 2476 luisset
606 2421 640 2476 ad
654 2435 784 2492 pieriam,
809 2422 881 2479 sieut
894 2422 1003 2490 Petrus,
1053 2418 1161 2472 defleta
1181 2427 1237 2484 tua,
1251 2426 1280 2471 “¹
1299 2418 1443 2472 ‘fieremus
1456 2417 1547 2472 ‘1510‘st
1563 2419 1612 2474 ¹1⁴5·
1628 2417 1696 2485 0⁰5³
1720 2422 1848 2475 futurum

213 2512 260 2582 qui
276 2519 387 2583 propter
408 2512 543 2583 justitiam
557 2515 664 2570 ciricius
690 2516 725 2569 ab
744 2515 797 2569 alin
810 2514 949 2572 etduetus
969 2515 1003 2570 ad
1054 2521 1094 2567 est
1119 2509 1266 2581 judicium,
1289 2527 1345 2582 quo
1363 2528 1412 2583 per
1435 2511 1628 2582 ineffugibilem
1657 2523 1724 2569 tunc
1748 2530 1849 2570 areum

211 2619 321 2659 crucem
337 2620 386 2660 sua
402 2614 490 2661 morte
515 2623 568 2664 uon
591 2607 687 2679 culpas
707 2606 838 2678 expiavit,
851 2608 899 2663 sed
917 2608 1002 2664 lieuru
1054 2614 1120 2661 sunt
1135 2604 1258 2671 feriendi,
1270 2606 1318 2677 qui
1332 2621 1407 2660 nurrc
1422 2606 1647 2678 superevolrruta
1664 2608 1736 2677 [acie
1753 2624 1848 2675 arens,

213 2696 382 2769 glorifieavit,
404 2707 433 2753 ut
444 2698 606 2770 praedixerat
619 2699 645 2755 ei
665 2698 804 2767 Christus,
820 2709 883 2755 ante
897 2698 1003 2771 signill·
1054 2696 1119 2754 dum
1138 2698 1257 2770 [rapiendi
1270 2708 1378 2769 tempus
1398 2708 1441 2754 est
1457 2718 1464 2752 z
1479 2714 1530 2768 ogo
1555 2698 1639 2755 llavid
1654 2716 1704 2771 pro
1722 2701 1768 2757 bis
1784 2718 1849 2769 oro,

213 2806 280 2848 trans
305 2807 357 2863 qua
373 2803 462 2849 naorte
485 2792 686 2849 clarillcaturus
704 2802 778 2851 esset
800 2793 896 2850 licum.
918 2792 1004 2848 Nimi-
1053 2789 1100 2861 qui
1119 2790 1360 2845 coarmatabuutur
1376 2791 1403 2845 in
1430 2790 1500 2847 tituli
1523 2792 1711 2863 inscriptione,
1726 2804 1758 2848 ut
1783 2812 1849 2850 mu-

212 2899 285 2951 rum,
301 2885 365 2940 dum
381 2883 461 2941 Petro
471 2886 640 2957 significatur
663 2902 718 2958 qna
734 2895 822 2942 morte
839 2885 1004 2943 clarificatu-
1054 2887 1111 2935 laio
1126 2879 1153 2934 iu
1168 2880 1209 2935 eis
1225 2879 1335 2935 nomine
1355 2877 1435 2947 duob,
1455 2882 1527 2952 qttod
1549 2882 1853 2954 ilrierpreiattll't'trimi·

213 2991 261 3031 rus
275 2982 348 3032 esset
369 2974 466 3042 Derim,
492 2986 532 3043 tu,
549 2975 667 3042 Christe,
686 2977 714 3032 iu
729 2992 784 3033 uuo
797 2975 877 3034 Petro
905 2977 1003 3034 dedisti
1054 2987 1111 3037 ιιι,
1127 2971 1192 3027 uana
1206 2971 1288 3026 311ῑὶοῑ
1299 2978 1327 3026 θῑ
1337 2970 1438 3039 dilecti,
1450 2982 1477 3028 θῑ
1488 2973 1528 3028 5ῑο
1538 2973 1787 3032 liisslffnlll‘il'stsil'
1798 2982 1851 3045 ¹²⁵.

213 3067 386 3121 rrrrtuentibrrs
401 3078 425 3122 te
436 3068 667 3139 aigrrificntionem,
678 3079 707 3124 ut
722 3070 826 3140 fugiunt
849 3070 947 3141 esurie
957 3088 1038 3157 erc
1055 3080 1105 3136 pro
1122 3066 1222 3136 quibus
1235 3081 1319 3121 orans
1339 3067 1402 3122 dicu
1419 3086 1425 3123 :
1445 3066 1554 3122 Snlnrtnr
1570 3069 1614 3138 [ur
1625 3070 1733 3126 decana
1748 3082 1812 3138 tva,
1825 3085 1853 3130 et

212 3175 270 3224 cus,
295 3173 327 3214 eo
344 3159 425 3215 modo
444 3175 499 3231 quo
521 3157 591 3232 sugit
607 3159 714 3216 Petrus.
740 3159 809 3218 Nam
834 3162 909 3233 quia,
939 3179 1002 3219 cum
1053 3158 1151 3212 eraudi
1169 3174 1218 3213 me.
1243 3156 1303 3213 Non
1329 3158 1401 3225 dico,
1428 3161 1526 3214 raaudi
1552 3161 1625 3230 illos,
1640 3163 1705 3233 quia
1729 3167 1774 3221 rel
1794 3183 1852 3223 nou

213 3250 407 3321 ossetjuuior‚
429 3267 458 3308 se
471 3253 628 3309 accinxerat
643 3262 670 3309 et
683 3253 870 3310 ambulaverat
894 3255 940 3310 ubi
954 3271 1003 3312 vo·
1054 3259 1144 3317 oraui,
1165 3251 1207 3306 vel
1231 3266 1285 3306 non
1306 3251 1471 3308 sufficienler
1486 3263 1575 3322 orant,
1591 3271 1642 3311 uec
1659 3259 1790 3315 exaudiri
1810 3263 1854 3316 ut.

213 3343 305 3412 lebat;
327 3345 401 3414 justa
423 3344 584 3402 vicissitudo
604 3346 720 3417 iustitiae
737 3347 894 3417 requirebat
919 3358 949 3404 ιιι
969 3349 1004 3404 ab
1054 3342 1098 3414 gui
1113 3351 1187 3407 sunt,
1205 3343 1325 3413 quandiu
1342 3343 1369 3398 iu
1383 3343 1455 3398 tituli
1468 3344 1645 3415 inscriptione
1667 3350 1771 3405 mutati
1796 3369 1853 3408 uon

213 3437 267 3494 alio
280 3438 435 3511 cingeretur
460 3448 489 3496 et
509 3439 654 3496 duceretur
668 3455 724 3512 qrro
737 3441 830 3508 nollet,
853 3456 904 3513 pro
918 3440 1004 3514 gloria
1054 3442 1134 3500 suut;
1150 3435 1197 3489 sed
1211 3435 1283 3502 vlico,
1295 3434 1392 3489 eraudi
1406 3451 1447 3490 ine
1462 3436 1568 3506 proluis
1584 3447 1722 3506 orantem,
1734 3459 1813 3513 quos
1826 3444 1853 3500 ia

213 3528 259 3584 Dei
275 3529 460 3588 clarilicauda.
1053 3526 1152 3582 dilecto
1167 3525 1186 3580 F
1189 3526 1235 3581 ilio
1252 3536 1300 3582 tuo
1312 3525 1420 3583 luituros
1430 3527 1544 3584 dilectos
1558 3537 1621 3584 tuus
1632 3530 1851 3601 predestinasti.

249 3619 450 3692 Propemodum
466 3622 557 3679 similo
569 3633 611 3681 est
623 3624 697 3688 lruic,
713 3625 778 3680 dnm
796 3623 858 3696 quis
871 3641 1005 3697 recogno·
1055 3622 1162 3678 Exaudi
1174 3622 1340 3694 mprobis,
1357 3630 1388 3679 ut
1400 3622 1475 3693 quod
1485 3623 1543 3694 jam
1554 3634 1620 3680 suut
1632 3628 1659 3680 in
1674 3626 1770 3683 oerrlis
1786 3629 1853 3693 teis,

212 3729 279 3770 cens
306 3713 406 3772 delicia
423 3715 587 3786 juventutis,
603 3717 630 3771 in
654 3717 756 3789 quibus
780 3718 937 3774 ambulabat
956 3717 1003 3773 ubi
1053 3717 1098 3771 cui
1113 3714 1206 3772 lutura
1222 3724 1288 3770 sunt
1299 3716 1457 3786 prasentia,
1472 3716 1527 3772 sint
1547 3716 1629 3772 etiam
1642 3717 1670 3772 iu
1684 3719 1780 3774 oeulis
1799 3721 1853 3775 lie-

214 3804 331 3876 rolebat,
346 3815 572 3877 spontaneorum
591 3808 688 3879 jugum
713 3809 821 3865 Domini
847 3808 904 3865 leue
922 3822 1004 3879 super
1053 3807 1170 3872 minum,
1186 3806 1277 3862 dilecti
1293 3806 1420 3862 videlieet
1444 3805 1589 3862 mauilrste
1617 3806 1652 3861 ab
1679 3806 1792 3865 odiosis
1810 3810 1854 3866 di-

214 3898 334 3967 setollit,
356 3909 438 3971 atque
459 3901 592 3972 regularis
607 3900 668 3957 virae
683 3901 791 3957 vinculo
803 3917 851 3972 por
874 3899 1004 3957 obedien·
1054 3898 1146 3954 stincti
1170 3898 1240 3954 sieut
1262 3896 1359 3962 Jacob,
1375 3897 1410 3954 de
1426 3913 1482 3969 quo
1495 3897 1562 3954 dicit
1579 3917 1613 3952 :r
1640 3896 1728 3956 Jacob
1754 3901 1851 3968 dilexi,

213 3993 280 4047 tiam
294 3992 424 4065 cingitur,
436 3994 583 4050 reducitur
602 4011 657 4066 quo
679 4010 734 4049 riou
745 3993 813 4048 vult.
829 3991 896 4047 Nam
909 4006 1003 4047 revera
1054 3990 1125 4048 Fsau
1137 4001 1227 4048 autem
1243 3991 1307 4047 odio
1318 3991 1402 4046 habui
1421 3990 1552 4062 (tiaran.
1573 4007 1592 4059 ι,
1605 3991 1634 4057 2,
1649 3992 1689 4059 5).
1709 4013 1719 4044 ι
1741 3992 1852 4049 esa-u

213 4084 330 4141 multum
348 4094 390 4141 est
403 4087 522 4158 pretiosa
538 4087 582 4144 illa
598 4087 763 4153 obedientia,
780 4086 807 4141 iu
828 4102 882 4156 qua
902 4082 1005 4155 trangi-
1054 4103 1106 4155 me,
1123 4072 1314 4142 nt‘iibereninr
1339 4085 1431 4141 dilecti
1460 4086 1499 4139 lai
1520 4086 1554 4140 ab
1574 4084 1689 4149 odiosis,
1706 4087 1852 4156 quemme

212 4186 260 4234 tur
280 4180 408 4237 uoluntas
432 4182 696 4253 propria,nvagistro
720 4180 842 4250 sapiente
867 4178 1005 4250 sapienter
1053 4178 1137 4236 lamb
1150 4180 1198 4235 ribi
1216 4180 1333 4236 dilectus
1354 4179 1486 4234 liberatus
1505 4188 1547 4234 ιιι
1557 4177 1592 4232 ab
1607 4175 1678 4232 Esau
1696 4176 1787 4234 batte
1799 4196 1851 4234 suo

213 4273 389 4346 praecipiente
415 4275 489 4346 quod
505 4275 614 4345 expedit
628 4274 661 4329 ad
676 4273 791 4345 gloriam
813 4270 871 4337 Ilei,
885 4271 1004 4327 esdisci·
1054 4275 1216 4332 tibiodioso
1240 4274 1316 4330 illurn
1332 4281 1521 4346 persequente,
1551 4271 1591 4326 vel
1614 4271 1688 4326 sicut
1712 4270 1852 4328 liberatas

213 4365 279 4436 pulo
291 4366 430 4422 humiliter
441 4366 584 4424 obediente
604 4380 655 4434 pro
668 4364 754 4436 gloria
776 4363 824 4419 liei
844 4361 944 4433 :utrivis
961 4371 1004 4419 est
1053 4367 1221 4424 esuriremus
1235 4366 1306 4422 idem
1319 4381 1335 4420 a
1350 4362 1443 4419 Labau
1458 4362 1649 4418 arunculosuo
1661 4361 1745 4418 illum
1754 4380 1849 4434 perse-

213 4457 301 4528 gloria
327 4466 438 4529 propter
469 4457 558 4528 ipsum
589 4456 701 4513 obedire
732 4470 816 4525 super
843 4452 1407 4532 cathedramqureate,atqueproidolis
1422 4454 1494 4526 apud
1513 4453 1851 4522 illuminemienfflem

213 4549 300 4622 lloysi
324 4549 490 4616 sedentibus,
518 4564 574 4605 nou
590 4557 698 4604 tantum
715 4547 797 4603 bonis
813 4553 843 4602 et
859 4545 1003 4613 prodestis,
1054 4554 1099 4609 nia
1109 4568 1158 4608 sua
1171 4558 1311 4607 scrutante
1320 4563 1371 4605 nec
1384 4547 1539 4603 inveniente
1550 4547 1623 4619 quod
1633 4545 1850 4624 guaerebhtgsk

214 4642 261 4698 sed
281 4642 363 4697 etiam
380 4640 505 4710 discolis,
518 4641 668 4697 dummodo
693 4656 748 4698 uon
768 4639 832 4695 talia
846 4638 1005 4710 praecipiant
1054 4644 1198 4700 liberentur
1209 4642 1299 4698 dilecti
1319 4642 1369 4707 tui,
1384 4649 1415 4696 ut
1437 4641 1563 4712 prinecps
1578 4637 1674 4698 muudi
1688 4625 1787 4714 buiris
1805 4657 1851 4714 pta

213 4735 314 4807 utribus
325 4714 482 4791 cathedram
492 4736 596 4807 justam
611 4732 868 4805 subvertant‚pluris
878 4732 1004 4788 babendo
1053 4735 1328 4807 Labausiguillcatus
1349 4731 1416 4787 nilril
1436 4747 1517 4787 suurn
1543 4732 1615 4803 apud
1640 4747 1692 4788 eos
1712 4729 1849 4792 insuit.

215 4845 280 4886 suus
295 4828 456 4886 traditiones
481 4845 581 4901 pravas
595 4844 679 4902 quam
695 4826 742 4884 liei
767 4832 887 4884 sanctas.
910 4824 1005 4896 ltaque
1054 4826 1103 4885 llel
1117 4828 1190 4884 sicut
1210 4827 1344 4882 liberatus
1364 4833 1408 4880 ιιι
1425 4823 1496 4879 idem
1519 4823 1635 4879 dilectus
1660 4824 1696 4878 ab
1716 4821 1849 4884 iside:

215 4922 267 4978 sub
280 4921 382 4980 talibus
392 4921 626 4978 irretractabiliter
637 4920 709 4993 cingi
722 4935 756 4975 ac
769 4917 831 4974 duci
842 4918 876 4974 ad
884 4917 1004 4988 aliquem
1053 4920 1189 4978 discordia
1214 4919 1345 4984 tiliorum,
1360 4915 1471 4988 quaudo
1488 4916 1561 4971 venit
1577 4917 1611 4971 aul
1631 4914 1739 4989 loseph
1764 4919 1850 4976 filiu

214 5014 348 5082 laborem,
366 5030 421 5087 quo
436 5012 509 5071 Deus
525 5014 703 5086 glorificetur,
716 5012 780 5085 luga
790 5022 833 5069 est
850 5009 944 5067 alacic
960 5025 1006 5064 ar·
1054 5028 1135 5069 suum
1148 5011 1333 5069 dominantem
1348 5009 1375 5063 in
1391 5017 1448 5064 tota
1461 5020 1532 5064 serra
1546 5006 1669 5080 AEgypti,
1681 5009 1854 5068 siclihu·

213 5123 265 5167 eus
282 5124 371 5181 usque
384 5108 464 5178 adeo,
482 5116 513 5164 ut
529 5107 571 5166 sic
586 5108 694 5165 eluctus
714 5106 742 5162 in
756 5106 877 5161 humano
896 5101 1003 5173 judicio
1055 5118 1099 5161 rar
1113 5104 1203 5160 ‹lirecn
1215 5104 1255 5159 ιιιὶ
1270 5103 1306 5159 ab
1317 5102 1446 5158 laesura
1461 5100 1537 5156 clade
1550 5099 1727 5154 subditorum
1742 5099 1856 5160 ἄπα·

215 5215 271 5258 non
285 5203 374 5259 solum
386 5217 441 5258 riou
457 5202 551 5259 timeat
571 5199 646 5258 leriri
665 5216 695 5257 se
709 5215 774 5255 arcu
790 5197 898 5272 judicii,
911 5196 960 5253 sed
978 5205 1005 5252 ιι
1037 5197 1178 5276 'dantium
1208 5213 1256 5252 seu
1280 5196 1478 5266 cogitationum
1499 5191 1614 5247 laricem
1639 5191 1854 5252 accusantium.

216 5294 275 5367 ipse
286 5311 339 5351 uon
361 5311 431 5352 vana
446 5311 493 5370 spe
508 5295 535 5351 in
554 5294 656 5352 Clrristi
674 5292 856 5365 promissione
873 5290 1004 5356 conlldat,

217 5392 240 5447 si
252 5393 468 5464 perseveraverit
482 5391 611 5463 usquein
626 5391 719 5458 duem,
731 5387 804 5459 quod
819 5387 855 5443 sit
865 5385 1005 5456 judicatu-

217 5502 266 5543 rus
284 5501 347 5543 cum
373 5484 504 5554 llomino,
522 5494 550 5541 et
568 5484 713 5555 habiturus
735 5482 762 5537 in
780 5479 885 5551 judicio
908 5493 1003 5534 areum

218 5578 277 5637 suis
291 5577 455 5634 adversariis
469 5578 630 5634 timendum.
646 5574 700 5631 lieo
717 5574 829 5641 mirum,
852 5586 914 5628 cum
928 5581 954 5626 ιι
977 5571 1003 5626 iu

221 5673 273 5728 bac
283 5673 337 5727 vita
353 5670 390 5726 ita
403 5671 458 5727 sint
470 5673 573 5728 arcuati
586 5671 674 5737 electi,
688 5681 718 5726 ιιι
729 5670 756 5725 in
770 5670 831 5725 luce
843 5667 1003 5744 sagittarum

223 5758 270 5817 uo
292 5761 374 5817 etiam
398 5776 471 5820 nune
495 5763 587 5822 lrostes
611 5762 760 5819 invisibiles
782 5769 862 5833 atqtm
882 5759 1005 5816 visibiles

1055 5298 1104 5346 aur
1115 5290 1195 5345 etiam
1211 5286 1414 5343 ‹leiendeutium
1433 5285 1459 5340 iu
1472 5285 1516 5339 die
1529 5299 1582 5354 qua
1599 5281 1742 5353 judicabit
1753 5280 1854 5338 noae

1055 5398 1109 5439 uus
1123 5380 1230 5438 oocrrlra
1242 5380 1377 5436 cordium.
1392 5376 1554 5433 sicutenim
1566 5372 1668 5444 ioseph
1683 5371 1796 5432 iratres
1806 5390 1856 5429 at·

1056 5474 1169 5531 cusabat
1180 5471 1251 5544 apud
1266 5481 1371 5544 patrem
1386 5465 1501 5528 crimine
1525 5467 1658 5539 pessimo,
1673 5481 1710 5524 sc
1734 5469 1857 5540 proi-le

1056 5565 1125 5637 patri
1140 5564 1250 5636 quidem
1265 5563 1381 5618 dilectus
1395 5561 1456 5628 luit,
1468 5559 1515 5616 sed
1531 5557 1631 5614 iratres
1641 5557 1856 5620 ιιιιιιιωηιι.

1056 5675 1107 5715 nee
1117 5667 1240 5730 poteraut
1252 5656 1276 5712 ci
1284 5655 1433 5728 quidquam
1445 5652 1556 5724 pacibcr
1567 5650 1643 5722 logui
1651 5649 1737 5722 (uera.
1744 5665 1863 5710 ruva.

1057 5755 1096 5822 ti,
1111 5755 1151 5811 sic
1164 5769 1251 5822 usqne
1265 5751 1346 5808 bodie
1359 5749 1450 5804 dilecti
1464 5749 1503 5802 tui
1517 5746 1553 5802 ub
1564 5745 1616 5817 boe
1635 5753 1705 5802 sunt
1718 5739 1866 5806 hub
