3817 6000
180 200 251 260 ison
661 190 815 250 cundoet
836 190 1032 250 conpositi
1053 187 1327 248 tintcundsenud.
1576 233 1588 250 ,
1738 188 1813 246 {5⁰8

180 308 324 370 ierrnando
338 324 367 366 sc
382 305 552 379 imprimens
569 304 676 379 Tuque,
687 306 779 375 Pater,
802 307 856 362 hec
878 305 969 377 ipsum
985 312 1008 368 Α
1022 319 1091 371 rem,
1114 303 1325 369 consolatorem.
1341 303 1505 361 salvatorem
1527 313 1555 361 et
1576 307 1813 360 mrrsmrstorein.

180 401 354 478 sigillationis
377 416 447 474 opus
466 414 515 470 per
538 398 640 471 ipsum,
660 408 689 456 et
710 414 773 455 cum
794 399 866 470 ipso,
895 409 922 454 et
940 397 969 453 in
1023 392 1076 451 Sed
1098 403 1127 450 tu
1140 394 1277 451 interdurn
1295 395 1435 452 subtrdds
1460 395 1658 452 consolationis
1669 404 1696 451 ει
1715 392 1814 450 minsis

180 496 241 567 ipso
252 493 360 566 penicis
375 490 402 548 in
418 491 506 549 seruis
518 490 573 547 tuis
587 490 675 548 eidem
688 489 968 562 iilioconiiyurandis.
1020 485 1154 541 auxilium
1166 495 1303 557 speratum
1314 493 1342 542 et
1353 494 1578 557 rogatum,atque
1589 501 1637 557 per
1646 484 1700 541 boe
1714 485 1815 540 absen-

217 582 357 641 litantem
383 582 437 639 hoc
460 581 562 653 ipsum,
586 581 660 652 quud
683 579 761 648 iacis,
783 580 870 639 ladas
890 580 971 638 ualde
1022 575 1316 648 tasquodammodote
1331 576 1498 634 invocatum.
1520 576 1618 633 Nonne
1637 584 1702 632 tnnc
1715 588 1815 632 ιιεωι·
1887 593 1888 606 ¹

180 676 310 732 uelociter
323 690 377 731 noo
394 674 423 729 iu
443 673 495 742 ira,
509 672 557 731 sed
580 672 608 729 in
629 667 817 730 misericordia
836 681 893 739 tus,
908 670 971 728 ideo
1021 669 1095 726 sario
1119 668 1283 738 couiundor,
1305 683 1369 726 cum
1388 669 1430 726 sic
1449 678 1477 727 te
1498 670 1629 748 invocans
1652 683 1708 725 non
1724 682 1814 724 etan-

180 768 243 824 dico
256 783 263 820 ι
281 764 396 822 illustro
408 753 504 835 iucem
523 772 597 842 taem
611 779 690 835 super
702 778 806 819 serram
817 771 903 826 teum,
914 761 972 816 roi·
1020 757 1104 816 dior?
1540 781 1545 788 ·

180 875 241 915 oum
255 874 296 913 me
323 857 366 928 [ac
395 857 423 912 in
440 855 625 912 misericordia
644 865 702 910 tun.
717 853 771 911 Per
785 854 970 926 [ccierotrmm
1058 849 1111 909 Sed
1133 859 1193 910 esto
1209 851 1246 909 sit
1262 867 1436 921 conoessum,
1452 861 1483 909 ut
1497 868 1552 908 uon
1579 851 1712 909 exaudiar
1725 852 1815 909 inter·
1890 839 1891 844 ¹

163 999 165 1002 ,
180 947 303 1020 intelligo
316 947 415 1002 Filium
438 956 516 1002 tuum
531 963 538 1000 ι
553 960 601 1016 per
616 945 828 1000 mirericordiam
840 953 913 999 tuom
928 944 971 999 in·
1021 941 1098 1008 dum,
1112 943 1242 1014 quoniam
1254 944 1314 1016 lego
1324 943 1439 1000 Paulum
1451 942 1603 1014 apostolum
1617 941 1698 998 tertio
1708 955 1815 1014 rogan·

181 1041 273 1112 telligo
287 1040 418 1111 Spiritum
430 1047 565 1094 sanctum.
580 1036 693 1092 rituum
704 1052 770 1109 myo
779 1037 970 1108 [oriem-trem,
1022 1043 1076 1091 tem
1096 1050 1150 1090 non
1174 1036 1344 1102 exauditum,
1367 1044 1532 1107 poteratque
1553 1033 1617 1090 inde
1639 1034 1674 1090 ad
1702 1042 1816 1105 tenipus

182 1130 275 1199 idest,
292 1130 485 1186 filiumtuum
510 1142 657 1200 superme,
670 1138 700 1183 ut
714 1127 918 1198 complantatus
931 1127 972 1183 si·
1022 1124 1164 1194 coniundi,
1196 1126 1321 1183 nesciens
1344 1141 1400 1182 non
1423 1125 1458 1184 ad
1486 1125 1673 1198 insipientiam
1696 1139 1728 1181 se
1757 1138 1814 1179 non

182 1221 328 1277 militudini
353 1220 451 1277 mortis
464 1227 492 1276 ει
505 1218 715 1276 resurrectionis
737 1217 797 1290 ejus
810 1232 859 1289 per
874 1216 973 1273 ueteris
1022 1217 1193 1274 exauditum.
1214 1214 1341 1273 Nondum
1355 1216 1456 1288 quippe
1475 1216 1556 1273 scirit
1580 1215 1697 1287 psallere
1712 1229 1721 1268 r
1739 1213 1814 1269 lim
1894 1265 1895 1284 ,

136 1365 141 1370 .
182 1312 304 1368 bominis
327 1310 577 1378 mortificationem,
605 1318 632 1366 ει
651 1308 799 1366 nouitatem
812 1308 973 1380 justeuitas
1023 1327 1107 1376 meur,
1118 1309 1239 1366 ciamuio
1253 1310 1388 1380 perdiem,
1400 1319 1425 1364 et
1440 1324 1491 1363 non
1503 1308 1641 1375 exaudies,
1654 1314 1816 1374 eteoclem
1894 1287 1895 1306 ¹

182 1404 307 1462 inveniar
319 1406 347 1460 in
363 1402 541 1475 unaqualibet
561 1402 635 1457 iilius
656 1397 777 1458 iormosa
792 1399 871 1457 iaeic.
886 1397 973 1456 Habet
1023 1420 1076 1459 non
1103 1403 1138 1457 cd
1161 1401 1343 1473 insipientiam
1360 1401 1426 1456 miii
1454 1400 1541 1474 (Peri.
1557 1415 1616 1468 nr,
1639 1398 1679 1471 3).
1707 1397 1816 1454 Revera

182 1511 302 1567 namque
320 1495 468 1564 formosam
483 1489 584 1550 iaciem'
597 1492 727 1559 bominis,
742 1491 831 1560 boris,
844 1491 931 1548 ieonis
945 1499 974 1548 et
1023 1494 1087 1551 hinc
1097 1493 1131 1550 ad
1147 1493 1409 1565 tempusdpostoius
1423 1490 1653 1559 confundebatur,
1668 1490 1742 1563 quod
1756 1504 1817 1545 non

182 1589 282 1661 aquilae
294 1588 422 1644 volantis.
449 1583 599 1644 Coniornra
613 1600 657 1641 me
673 1585 791 1652 homini,
809 1585 885 1653 boui,
900 1584 971 1641 leoni
1022 1585 1236 1648 exaudiebatur:
1260 1586 1308 1643 sed
1323 1600 1379 1642 non
1405 1594 1448 1642 est
1472 1583 1604 1642 coniusus
1617 1584 1648 1639 in
1674 1592 1813 1646 eumn,

182 1667 210 1738 ct
228 1681 327 1752 aquiiae
345 1679 449 1736 volanti
463 1693 511 1750 per
536 1678 623 1749 ipsius
642 1677 792 1733 Dominice
806 1676 973 1733 incarnatio-
988 1652 1009 1709 B
1023 1679 1089 1751 quia
1100 1678 1155 1735 cito
1168 1678 1273 1749 accepit
1291 1692 1454 1749 responsum
1465 1676 1600 1745 diuinum,
1623 1690 1680 1749 quo
1694 1675 1816 1731 iosuae·

161 1833 162 1836 ,
182 1774 238 1839 nis,
251 1772 400 1843 passionis,
426 1770 639 1829 resurrectionis
657 1777 686 1826 et
705 1767 876 1852 assensionis
890 1767 973 1828 iidem
1023 1772 1115 1840 batur,
1128 1785 1184 1828 non
1198 1785 1261 1829 esse
1276 1778 1342 1828 tunc
1356 1770 1433 1839 utile,
1448 1768 1523 1843 quod
1540 1770 1693 1842 petebatur.
1705 1767 1738 1825 in
1751 1767 1817 1825 aliis

181 1880 214 1921 ει
230 1864 377 1921 dilectione
412 1870 583 1934 operantem.
611 1859 663 1916 Per
685 1858 846 1933 mysterium
870 1867 974 1915 sanetae
1022 1877 1089 1919 vero
1101 1862 1224 1935 Apostoli
1240 1861 1368 1934 precibus
1382 1870 1411 1919 ει
1424 1862 1607 1930 orationibus,
1621 1862 1725 1933 quibus
1738 1870 1817 1933 pete-

181 1955 381 2013 inearoationis
396 1953 464 2010 milri
477 1953 514 2010 sit
530 1952 616 2009 iacies
636 1951 757 2008 hominis
779 1949 890 2007 habenti
904 1965 972 2022 pru·
1023 1953 1105 2014 batur
1118 1961 1221 2011 eterna
1234 1953 1320 2020 salus,
1337 1954 1394 2024 ipsc
1418 1953 1446 2010 in
1459 2005 1461 2008 ,
1475 1953 1587 2010 nourine
1601 1951 1753 2008 silvatoris
1767 1966 1818 2024 pe·
1900 1957 1901 1982 ι

182 2046 314 2126 dentiam,
333 2060 396 2117 quaa
415 2044 499 2101 iaciat
512 2042 676 2100 rationabile
689 2040 852 2113 obsequium
866 2055 971 2098 meunt.
1024 2053 1084 2103 tens
1099 2045 1138 2102 ita
1162 2044 1215 2102 init
1236 2043 1393 2113 exauditus,
1417 2052 1449 2102 ut
1469 2059 1611 2117 nunquam
1633 2045 1739 2116 legatur
1751 2043 1818 2102 inda

181 2135 234 2194 Per
249 2137 411 2211 mysterium
425 2135 573 2192 Dominicae
590 2133 730 2207 passionis
746 2132 815 2189 mihi
832 2133 869 2191 sit
888 2131 974 2191 iacies
1022 2134 1167 2202 molosso,
1186 2135 1267 2207 qrrasi
1296 2143 1415 2193 eternus
1439 2135 1548 2207 adiutor
1565 2134 1705 2193 ineassum
1732 2132 1818 2193 luerit

181 2228 274 2298 rituli,
288 2229 346 2286 sire
359 2228 449 2295 boris,
464 2226 676 2285 hostiaescilicet
690 2225 847 2293 rictrudis,
862 2225 974 2282 lrabemi
1024 2226 1177 2284 invocatus.
1202 2225 1242 2285 lta
1255 2235 1283 2284 ει
1299 2229 1486 2301 eyocbmans
1503 2243 1552 2300 per
1566 2226 1639 2285 diem
1653 2235 1816 2294 etoomem,
1903 2221 1904 2250 ¹

182 2319 401 2392 temperantiam,
415 2334 468 2391 qua
481 2332 589 2375 carnem
603 2331 693 2373 meam
706 2332 769 2375 eum
782 2315 895 2374 uitiiset
907 2330 975 2374 eou-
1024 2317 1049 2376 si
1064 2333 1120 2377 non
1133 2318 1266 2376 exaudiar
1278 2318 1480 2390 equanimiter,
1495 2318 1554 2376 iero
1568 2318 1651 2375 talem
1674 2317 1817 2374 motusic·

182 2409 358 2482 cupiscentiis
383 2409 552 2482 cruciliyam.
570 2407 623 2466 Per
637 2409 799 2481 mysterium
825 2406 975 2465 Dominieae
1024 2423 1098 2476 nem,
1118 2408 1269 2466 dummodo
1292 2410 1395 2466 sitnon
1419 2409 1455 2466 ad
1477 2408 1657 2480 insipientiam
1674 2408 1751 2475 miii,
1766 2409 1815 2466 sed
1905 2433 1906 2476 ι

181 2502 392 2561 resurrectionis
407 2501 476 2557 mihi
491 2500 528 2559 sit
537 2499 623 2558 iacies
636 2500 726 2574 leonis
738 2501 850 2558 habenti
864 2499 975 2557 iortitu·
1024 2498 1059 2556 ad
1082 2498 1275 2565 eruditionem,
1291 2498 1465 2572 quodrirtus
1479 2499 1676 2556 ininiirmitate
1689 2499 1817 2571 pericia-
1906 2541 1907 2556 ι

181 2594 286 2664 dinem,
302 2594 330 2650 in
344 2610 397 2665 qua
410 2593 511 2650 riueuti
532 2592 601 2649 mini
617 2607 693 2649 mors
704 2592 811 2664 peccaui
829 2592 902 2648 nitra
916 2605 974 2648 non
1026 2597 1081 2660 tur,
1093 2590 1180 2648 uirtus
1200 2589 1306 2647 scilicet
1320 2590 1408 2647 drmae
1433 2588 1595 2650 humilitatis
1610 2589 1638 2646 in
1656 2589 1817 2646 infirmitate

182 2683 420 2743 dominetur.·Per
445 2685 608 2758 mysterium
631 2683 781 2741 Dominicis
803 2680 976 2742 assensionis
1015 2679 1143 2752 ,iniirme
1167 2680 1312 2750 orationis,
1338 2680 1459 2738 maxime
1472 2680 1520 2738 nbi
1541 2681 1595 2739 tale
1608 2681 1675 2754 quid
1690 2691 1816 2755 meatur,

182 2778 249 2834 milri
271 2777 307 2835 sit
325 2776 409 2836 iacies
430 2776 529 2849 aquilae
548 2776 677 2843 volantis,
689 2775 799 2833 babenti
815 2790 869 2830 non
884 2788 975 2831 meam
1025 2787 1075 2843 per
1087 2771 1172 2843 quod,
1184 2770 1209 2828 si
1222 2771 1317 2828 datum
1331 2769 1425 2840 inerit,
1439 2772 1516 2830 salus
1525 2780 1626 2829 ceterum
1638 2771 1814 2844 impediatur.

179 2868 327 2942 justitiam,
349 2884 411 2941 rynae
434 2868 563 2925 deorsum
587 2867 683 2937 trahit,
696 2866 742 2924 sed
765 2866 898 2939 justitiam
914 2864 974 2934 liei,
1026 2859 1079 2919 Ubi
1091 2869 1184 2922 autem
1197 2862 1251 2919 tale
1263 2862 1376 2935 aliquod
1390 2872 1453 2934 peto
1475 2862 1650 2929 beneficium,
1661 2863 1738 2935 qnod
1751 2879 1817 2936 pro-

116 3022 124 3039 ,
181 2977 243 3035 quae
253 2977 364 3020 sursum
375 2961 461 3019 uehit.
988 2992 1010 3052 c
1026 2958 1107 3018 desse
1119 2960 1207 3033 possit
1218 2958 1253 3017 ad
1265 2958 1394 3018 solatium
1407 2967 1551 3029 aeternum,
1561 2973 1666 3032 queso,
1681 2976 1735 3016 nort
1752 2976 1816 3016 corr-

217 3050 404 3122 lta,'liomine,
420 3051 529 3107 illustre
542 3051 639 3122 iaciens
654 3059 728 3106 tunm
738 3067 816 3123 super
827 3066 877 3118 me,
891 3059 975 3121 atque
1025 3052 1126 3123 [endor
1141 3052 1170 3108 in
1186 3060 1326 3121 curnem,
1341 3066 1397 3109 non
1411 3052 1479 3109 milri
1502 3052 1662 3124 denegetur,
1679 3053 1752 3124 quod
1768 3068 1817 3109 ne·

182 3154 215 3201 ut
227 3142 341 3201 omnino
354 3143 407 3199 sim
422 3151 498 3199 tutus
516 3150 664 3214 aqrratnor
677 3142 825 3202 contrariis
837 3140 973 3209 faciebus,
1024 3151 1119 3217 yatum
1141 3158 1204 3201 esse
1223 3150 1321 3201 ιιοεεει
1343 3143 1372 3200 iu
1401 3151 1545 3202 aemrnum.
1570 3141 1633 3199 don
1654 3144 1816 3216 confundar,

183 3251 245 3306 quae
256 3243 331 3303 sunt,
348 3234 434 3306 aspis,
447 3232 605 3301 basiliscus,
616 3233 661 3290 ico
672 3241 700 3289 ει
711 3232 807 3302 draco,
820 3235 847 3289 in
861 3233 974 3290 cirron·
1024 3234 1151 3306 quorrierr
1169 3234 1287 3313 insecuri
1305 3244 1330 3290 te
1343 3233 1481 3291 bonorum
1496 3233 1620 3291 cordium
1632 3235 1817 3292 habitatorem

182 3328 240 3382 dito
252 3326 332 3398 faciei
357 3334 411 3381 tuce
424 3338 557 3381 conserua
573 3338 627 3392 me,
651 3332 679 3379 et
692 3322 795 3380 scierim
818 3339 859 3378 me
880 3324 924 3395 [cc
946 3325 975 3380 in
1025 3334 1170 3393 eternum,
1184 3325 1233 3398 qui
1254 3326 1278 3382 si
1294 3325 1436 3384 inroratus
1453 3325 1641 3393 conveneris,
1665 3334 1694 3382 et
1706 3341 1752 3382 me
1769 3341 1820 3383 ra-

183 3418 437 3484 mirericordicmn,
449 3416 529 3474 idest
546 3417 575 3472 in
591 3417 695 3488 Spiritu
711 3424 808 3473 sancto
821 3414 974 3482 Paracleto,
1025 3432 1108 3475 cuum
1129 3417 1279 3485 dimiseris,
1305 3431 1354 3474 ero
1377 3416 1511 3475 coniusus
1530 3417 1559 3474 in
1584 3426 1729 3475 aeteruum.
1751 3416 1819 3487 Sed,

183 3509 238 3566 tale
259 3523 339 3582 opus,
354 3507 429 3580 quod
452 3516 582 3580 operatus
595 3521 626 3564 es
641 3507 670 3563 in
693 3521 748 3571 me,
774 3506 974 3576 corriirmando,
1025 3494 1129 3578 ouaeso,
1143 3524 1195 3564 noo
1212 3509 1396 3580 confunderis
1412 3495 1686 3581 cicrcumcisionis
1698 3510 1820 3566 incoari

183 3614 219 3656 ne
236 3598 322 3656 semel
335 3597 512 3656 distinetusa
534 3597 675 3654 consortio
687 3596 853 3668 pertidorum
874 3607 900 3653 et
923 3598 976 3653 im·
1026 3609 1061 3669 te,
1077 3600 1133 3657 imo
1146 3600 1279 3656 liberatus
1292 3615 1309 3655 a
1325 3599 1371 3655 tali
1386 3597 1549 3656 coniusione
1567 3600 1712 3669 gaudeam,
1727 3608 1757 3657 et
1768 3615 1819 3656 er·

183 3691 291 3763 piorum
310 3691 409 3747 iterum
423 3688 588 3756 confundar,
600 3689 627 3745 id
645 3697 697 3757 est,
711 3689 892 3747 commiscear
903 3690 974 3747 iilis:
1025 3691 1124 3747 suitcm
1139 3703 1193 3746 non
1215 3688 1249 3745 ad
1263 3689 1358 3746 boram
1372 3689 1400 3745 in
1421 3689 1481 3746 luce
1502 3689 1605 3747 nocivae
1619 3690 1687 3747 milri
1704 3691 1821 3747 maudi-

183 3794 239 3836 oon
264 3779 318 3837 sim
340 3777 472 3837 eoniusus
501 3794 533 3836 ac
559 3775 736 3837 simuliusus
756 3778 927 3850 cumimpiis
947 3780 975 3836 in
1026 3781 1181 3855 tionis,sed
1202 3782 1370 3839 iooeternam
1383 3782 1418 3839 de
1441 3782 1521 3839 bonis
1534 3782 1603 3838 mini
1616 3780 1771 3853 proiuturis
1784 3797 1820 3839 ex

183 3885 270 3927 unum
293 3885 342 3928 nas
366 3871 514 3942 perditum,
537 3871 618 3943 quale
642 3871 683 3928 iiii
708 3885 753 3928 me
775 3878 931 3938 autumant,
947 3873 975 3929 in
1027 3872 1090 3939 boc,
1106 3889 1191 3939 nune,
1206 3882 1334 3945 eiusque
1349 3872 1729 3942 insaecuium,inaeteruum.

184 3977 303 4034 quorum
319 3962 408 4019 oculis
421 3977 473 4034 ego
487 3962 576 4033 iactas
589 3980 649 4019 rem
669 3973 798 4035 tanquam
820 3979 865 4020 ror
886 3965 977 4035 perdi·
1051 3963 1148 4022 stiur
1162 3984 1169 4020 ι
1182 3963 1222 4022 Tu
1235 3979 1265 4022 cs
1281 3963 1416 4022 Sacerdos
1437 3964 1465 4020 iu
1479 3973 1622 4033 aeternum,
1638 3976 1667 4020 tu
1679 3979 1710 4021 us
1720 3962 1820 4020 Ponti·

184 4062 253 4111 tam.
268 4050 330 4108 Nou
343 4052 396 4111 sim
408 4067 471 4109 eum
482 4052 537 4111 iliis
548 4053 575 4108 in
588 4070 642 4111 una
656 4053 822 4127 Babylonica
836 4053 977 4112 coniusio-
1026 4054 1072 4127 [ει
1095 4053 1251 4112 iutnrorum
1263 4055 1412 4123 bonorum,
1426 4054 1612 4113 Dominelesu
1627 4053 1749 4113 Christe.
1764 4053 1821 4111 lta·

184 4160 229 4203 ne.
241 4143 291 4203 Vel
308 4161 360 4201 uon
378 4146 537 4218 eonsnrrdor,
553 4147 579 4203 id
591 4155 644 4215 est,
659 4161 714 4202 non
725 4146 898 4213 erubescam,
911 4150 977 4217 qno·
1026 4160 1081 4218 que
1098 4146 1249 4204 meandum
1272 4144 1391 4204 cilicium
1406 4155 1484 4204 tuum
1500 4154 1529 4203 et
1548 4146 1721 4218 pontificium
1743 4145 1821 4202 iutu-

183 4238 257 4295 niem
271 4236 389 4293 inoocori
401 4247 436 4295 te.
458 4234 518 4294 Non
532 4244 590 4305 tua,
615 4236 663 4293 sed
684 4247 710 4293 te
723 4237 853 4305 invocari,
868 4237 935 4309 orris
949 4246 977 4294 te
1026 4252 1121 4299 rorum
1136 4239 1283 4306 bonorum,
1298 4254 1361 4310 quae
1372 4247 1487 4296 manent
1500 4239 1527 4295 in
1547 4245 1698 4308 uernum,
1721 4253 1821 4310 qnmso

183 4328 374 4402 potiusquam
396 4335 444 4384 tua
467 4326 497 4382 in
517 4341 562 4382 me
586 4326 680 4383 uenire
697 4325 862 4384 desiderari.
888 4326 977 4399 Super
991 4347 1014 4404 p
1027 4347 1079 4388 non
1101 4330 1250 4403 coriander
1274 4330 1301 4387 in
1328 4340 1457 4387 eternum
1481 4330 1621 4404 denegatis
1646 4330 1716 4387 mihi
1738 4331 1820 4389 bonis

184 4421 237 4477 hae
250 4419 424 4476 inuocatione
437 4417 602 4487 confundor,
625 4418 735 4490 quoties
749 4434 803 4475 non
817 4419 912 4477 raieos
926 4419 976 4476 de·
1028 4423 1166 4493 mansuris
1179 4423 1206 4478 iu
1228 4431 1371 4483 eternum.
1394 4420 1474 4491 Quod
1488 4421 1563 4479 euim
1586 4420 1821 4494 Scripturarocnt

185 4518 338 4569 monstrare
352 4518 379 4566 te
389 4508 515 4566 habitare
529 4509 557 4565 in
575 4524 631 4579 me,
646 4508 728 4566 audio
749 4510 818 4566 mihi
833 4509 887 4567 dici
902 4527 909 4565 :
925 4508 976 4566 dii
1026 4510 1216 4569 contusionem
1239 4511 1374 4584 cuiusque
1385 4511 1526 4584 petitionis
1541 4512 1764 4585 denegationem,
1777 4513 1822 4570 lo·

183 4611 223 4658 est
237 4599 306 4656 Deae
315 4608 375 4657 tarra
383 4598 471 4672 (Psoi,
483 4615 539 4668 xm,
548 4597 691 4673 liilitiam
701 4598 727 4654 in
736 4598 870 4671 principio
878 4599 976 4672 psalmi
1027 4616 1077 4659 cus
1099 4602 1145 4659 iiie
1158 4617 1208 4673 pro
1222 4603 1380 4661 testimonio
1400 4611 1453 4671 est,
1469 4602 1516 4661 ubi
1540 4601 1703 4673 mesabee,
1729 4612 1821 4662 mater

185 4690 397 4760 dixiiuextasi,
418 4690 462 4749 rei
476 4690 504 4748 in
522 4706 623 4763 parere
646 4705 708 4747 meo
729 4710 736 4748 ι
754 4689 787 4747 in
802 4701 837 4760 te,
853 4689 975 4758 Domine,
1028 4693 1194 4763 Salomonis,
1220 4695 1254 4752 ad
1269 4711 1361 4769 regern
1383 4696 1507 4769 ingressa
1531 4695 1602 4753 dixit
1627 4694 1821 4753 :Petiticnen

185 4784 299 4858 sperem,
312 4799 365 4839 non
376 4784 526 4855 confundor
539 4786 567 4839 in
580 4795 707 4841 uternam
722 4799 732 4839 .·
747 4791 775 4840 et
788 4798 863 4840 nunc
874 4782 974 4840 iterum
1026 4804 1108 4844 anem
1128 4803 1175 4860 epo
1196 4796 1255 4860 peto
1280 4799 1337 4845 ote
1350 4802 1360 4843 .·
1374 4803 1475 4859 quero,
1499 4803 1531 4843 oe
1554 4785 1703 4859 confandat
1719 4786 1821 4859 {scien

185 4877 214 4933 in
224 4889 326 4949 pavore
337 4890 401 4933 meo
414 4876 477 4934 dico
494 4892 501 4929 :
518 4892 569 4930 non
588 4875 747 4946 confundor,
762 4875 886 4948 quoniam
899 4875 977 4931 inco·
1027 4894 1113 4935 meam
1127 4877 1188 4952 (iil
1204 4879 1268 4951 iiey.
1283 4894 1313 4947 ιι,
1329 4877 1385 4950 id),
1403 4893 1436 4936 ac
1448 4878 1473 4937 sl
1486 4878 1581 4936 dicat:
1599 4875 1711 4935 Faciem
1726 4893 1818 4935 metm

186 4967 244 5024 cori
256 4976 290 5024 te.
303 4965 440 5041 Repetitio
451 4967 596 5024 affirmatio
606 4975 658 5024 est.
671 4966 700 5023 ln
715 4967 907 5036 hacoratioue,
922 4983 977 5039 qua
1027 4965 1184 5035 conlundis,
1198 4966 1252 5023 nisi
1265 4967 1339 5040 quod
1353 4976 1416 5039 peto
1427 4967 1535 5027 leceris.
1560 4965 1618 5024 ilex
1630 4975 1723 5024 autem
1739 4965 1820 5024 Salo-

185 5069 249 5133 peto
264 5068 341 5120 tutus
355 5060 443 5120 deria
460 5059 634 5130 copiosiore,
657 5061 694 5117 ita
708 5061 822 5129 scilieet,
842 5070 874 5119 ut
888 5076 977 5133 neque
1027 5072 1093 5114 mon
1106 5056 1203 5115 iaciem
1217 5066 1282 5115 tunc
1296 5059 1393 5117 matris
1406 5056 1541 5138 confudit,
1557 5059 1622 5131 quia
1639 5073 1695 5117 uon
1706 5059 1820 5132 sapien·

185 5151 336 5222 confundar
359 5152 388 5207 in
411 5161 549 5220 murnum,
568 5168 649 5223 neque
666 5153 827 5223 confundor,
851 5153 976 5225 quoniam
1027 5157 1069 5205 ter
1081 5148 1175 5221 pen'rit
1186 5156 1281 5220 petens
1293 5148 1394 5222 Abisag
1406 5147 1604 5206 sunamitidem
1623 5149 1685 5207 dari
1703 5163 1819 5208 uxoren

185 5242 305 5299 irrorari
319 5251 353 5299 te.
370 5241 431 5299 Non
443 5257 510 5318 rogo
522 5241 682 5315 simpliciter
698 5252 728 5300 ut
743 5258 797 5300 non
812 5241 976 5312 coniundar,
1027 5239 1232 5313 Adonie,quod
1244 5255 1291 5296 rex
1302 5239 1422 5310 prudens
1433 5254 1518 5312 reyno
1529 5254 1582 5297 suo
1595 5238 1751 5313 irrteliiyens
1761 5254 1819 5299 non

128 5352 130 5357 ’
185 5335 319 5407 quoniam
330 5344 374 5394 est
386 5334 514 5405 contusio
527 5337 667 5395 adducens
681 5336 893 5411 gloriam,cum
914 5335 978 5408 quis
1027 5331 1166 5403 expedire,
1182 5330 1271 5387 noluit
1291 5330 1393 5388 iacere.
1409 5329 1457 5388 Sic
1477 5339 1505 5387 et
1519 5330 1602 5388 modo
1617 5329 1751 5402 Εεειειὶι,
1775 5331 1821 5389 rei

186 5427 366 5485 confunditur
385 5429 420 5486 ad
435 5428 695 5500 penitentiamsed
717 5430 770 5485 noc
784 5442 851 5500 rogo
870 5434 902 5483 ut
924 5443 978 5483 non
1028 5437 1201 5496 unaqueque
1224 5422 1311 5480 tidelis
1336 5422 1431 5481 anima
1460 5421 1596 5481 iuterdmn
1622 5424 1821 5495 confudimr,

190 5517 339 5588 mosander
352 5520 379 5575 in
395 5530 539 5588 aeternum,
553 5526 580 5576 et
592 5535 644 5574 non
664 5519 822 5590 coriander,
838 5518 932 5588 idest,
949 5517 977 5574 in
1028 5531 1091 5573 cum
1107 5530 1161 5572 uon
1173 5513 1331 5583 exauditur,
1346 5515 1374 5572 in
1398 5515 1442 5572 iris
1455 5502 1586 5585 maxime,
1603 5531 1759 5587 quaererus
1770 5514 1823 5572 Sa-

190 5618 234 5670 ec,
247 5608 373 5675 quoniam
386 5610 503 5669 invocari
520 5620 555 5666 re.
570 5608 694 5666 irrorari
707 5610 780 5667 enim
799 5619 824 5667 ιε
834 5608 978 5667 auxiliato-
1029 5607 1122 5666 lomon
1134 5608 1185 5665 scit
1197 5621 1254 5665 nou
1266 5606 1405 5681 expedire,
1420 5608 1444 5666 si
1466 5604 1532 5665 liant
1544 5606 1622 5679 iuxta
1634 5617 1697 5665 rota
1708 5608 1822 5682 petitio·
