3817 6000
436 205 572 263 ¹707

1387 193 1689 251 Gssltllonl
1728 189 2117 248 PRAEPOSt'rt
2159 187 2704 246 nElCltssnst‘EnG.

3549 180 3690 234 ltus

433 325 583 379 salva
615 318 793 374 omnis
816 332 963 380 caro,
986 315 1080 370 scd
1128 322 1347 383 propter
1378 313 1581 367 electos
1615 309 2006 367 breviabuntur
2036 317 2079 373 Α
2112 306 2189 361 vit
2228 305 2282 359 in
2327 305 2580 375 sepulcro
2603 304 2988 358 demonstrans
3019 299 3073 354 in
3121 313 3218 368 spe
3263 295 3534 352 novitatis
3561 311 3694 364 gan·

434 409 651 484 (Manili.
694 423 841 471 xxiv,
877 407 993 474 ⁴22),
1022 426 1040 455 ι
1092 414 1145 458 et
1188 412 1319 459 tunc
1360 402 1656 472 Scripturae
1698 398 2000 471 implebun-

434 516 522 562 tur
560 503 628 557 de
670 497 992 554 Antichristi
1044 497 1302 559 triennio,
1358 496 1501 550 sicut
1532 495 1600 550 de
1637 509 1770 548 mcae
1821 492 2005 560 sepul·

435 608 569 651 tnrae
598 590 802 646 triduo.
845 588 1113 659 licgnabit
1138 586 1282 641 enim
1321 600 1418 654 per
1448 592 1661 653 tempus
1677 591 1731 637 et
1761 592 2006 650 tempoza

430 692 483 737 ct
508 681 793 737 dimidium
824 680 1103 748 temporiS,
1146 676 1201 731 id
1244 684 1327 731 est
1356 691 1451 746 per
1487 685 1596 730 tres
1619 688 1794 730 annos
1835 681 1890 726 et
1922 671 2008 724 di-

435 774 680 834 niluliimi¹
712 790 832 838 qm..
864 771 941 826 aie
997 772 1050 824 in
1082 768 1214 823 Eliae
1266 768 1602 837 temporibus
1643 774 1726 821 est
1754 764 2009 835 praefigu-

435 878 628 922 ...ιιι-ιιι,
664 870 880 932 quamdi·
909 877 1019 916 non
1040 862 1179 930 pluit
1202 875 1377 915 anuos
1407 867 1517 913 tres
1547 864 1603 912 et
1643 870 1859 910 menses
1887 869 2003 908 sex.

435 958 600 1022 Longi
628 974 772 1010 1.Ἰ”ΙἸι·
808 974 824 1006 i
844 953 904 1008 iai
933 960 1061 1008 sunt
1091 951 1179 1005 isti
1207 950 1325 1005 dies
1367 949 1496 1004 mali
1539 948 1720 1015 malis,
1751 962 1888 1016 quos
1927 954 2007 1000 te-

431 1054 547 1114 iigqit
588 1054 696 1102 lui-i:
740 1050 888 1114 μ·;ι;,,;ι
923 1044 1108 1098 nimiae
1135 1041 1433 1096 siccitatis:
1470 1049 1705 1096 attamen
1738 1037 1889 1104 Eliae,
1925 1038 2007 1107 ip·

431 1163 660 1211 numqui·
696 1139 934 1211 pam-isti
976 1137 1153 1190 viduae
1190 1134 1503 1204 Sareptanae
1529 1134 1739 1186 lucrant
1773 1131 2003 1187 breviati

435 1255 475 1303 μ.
503 1255 519 1287 ιμ
555 1239 952 1283 ὴιι-ι-ι·ιιμ·ιιιηιιι
983 1227 1175 1282 sarinae
1210 1226 1373 1282 simul
1420 1235 1472 1280 et
1514 1225 1641 1289 olei,
1682 1235 1741 1278 ut
1782 1223 1862 1278 eis
1894 1238 2003 1276 non

435 1327 736 1375 macrianus
792 1318 959 1388 iungi.
1010 1316 1274 1372 Similiter
1309 1316 1367 1369 in
1414 1315 1609 1370 diebus
1657 1313 2004 1377 Anticliristi,

431 1423 650 1483 quanm*
688 1419 872 1483 pariit-1
906 1412 1087 1469 omnis
1124 1410 1331 1480 justus,
1359 1407 1492 1463 Eliae
1533 1408 1589 1462 in
1626 1408 1743 1463 zelo
1781 1406 2007 1478 justitiae

428 1508 785 1574 assimilatus,
824 1505 1260 1576 persecutionem
1289 1501 1545 1571 patietur,
1576 1508 1632 1555 et
1667 1498 1794 1554 inde
1816 1499 2006 1554 clauso

431 1602 567 1654 *suffiti
595 1602 871 1654 &itltltniifiln
903 1602 1160 1650 illirlllltltz
1212 1597 1464 1650 aulularia
1500 1592 1673 1660 pilaria
1694 1591 2003 1647 voluntarla

2109 397 2365 452 dentibus
2413 411 2540 451 esse
2570 393 2910 465 pausandum
2959 394 3012 446 in
3064 391 3154 446 die
3183 389 3477 446 charitatis
3506 404 3692 443 resur·

2111 489 2270 554 rexit,
2306 489 2591 557 ipsamque
2618 483 2964 551 charitatem,
3011 497 3137 552 quae
3167 478 3409 550 Spiritus
3437 478 3565 548 ejus
3591 489 3693 543 est,

2109 585 2224 640 suis
2248 583 2531 652 discipulis
2574 581 2870 637 insufflavit
2916 580 3138 635 dicens:
3177 597 3195 630 ι
3229 577 3483 648 Accipite
3528 575 3696 648 Spiri-

2110 686 2222 730 tum
2252 684 2502 731 sanctum
2559 672 2745 746 (Joan.
2774 687 2869 737 xx,
2897 671 3014 742 22).
3039 689 3057 722 ι
3110 668 3232 737 Quo
3260 679 3492 740 accepto
3516 676 3696 740 gratu-

2109 768 2282 824 lantes
2303 767 2494 824 dicunt
2522 784 2536 821 ε
2582 784 2600 820 ε
2630 764 2887 820 Charitas
2933 761 3033 817 Dei
3064 761 3262 817 diflusa
3295 769 3384 815 est
3421 762 3482 814 in
3512 761 3697 815 cordi-

2108 861 2212 916 bus
2255 858 2461 914 nostris
2499 873 2599 929 per
2652 854 2915 928 Spiritum
2953 862 3230 920 sanctum,
3273 853 3371 924 qui
3418 853 3590 908 datus
3614 864 3696 906 est

2108 952 2267 1006 nobis
2295 950 2468 1020 (Rom.
2496 967 2550 1012 v,
2576 951 2650 1021 5).
2684 968 2705 1002 ι
2764 948 2907 1020 Ergo
2963 946 3106 1002 sicut
3149 960 3295 1000 nunc
3320 960 3574 1016 exsurgo
3603 959 3700 1015 ego

2107 1042 2366 1097 Cin-istus
2397 1041 2450 1094 in
2481 1039 2591 1096 diei
2643 1040 2816 1095 tertiae
2863 1036 3124 1103 diluculo,
3162 1037 3242 1092 sic
3267 1051 3489 1105 semper
3514 1052 3703 1090 exsur-

2106 1152 2226 1205 9am
2250 1135 2302 1188 in
2327 1133 2611 1190 charitatis
2627 1131 2865 1186 dilaculo
2892 1131 3143 1185 tenebras
3164 1129 3417 1187 odiorum
3443 1128 3697 1197 pellente.

2185 1226 2337 1283 Unde
2361 1235 2440 1292 tu,
2464 1227 2556 1299 qui
2585 1226 2688 1293 νίς,
2715 1236 2776 1281 ut
2801 1226 2898 1280 tibi
2928 1239 3037 1278 non
3082 1222 3373 1287 dormiam,
3407 1225 3510 1278 sed
3539 1224 3697 1294 quasi

2107 1320 2377 1375 excitatus
2406 1319 2663 1388 precibus
2693 1319 2802 1372 tuis
2852 1317 2906 1370 in
2934 1315 3264 1385 adjutorium
3294 1324 3458 1370 tuum
3504 1331 3696 1368 enar·

2108 1429 2251 1483 qaue,
2287 1411 2427 1467 scito
2455 1411 2583 1480 quia
2615 1410 2661 1464 si
2690 1408 2813 1465 odis
2869 1409 3090 1462 fratrem
3137 1417 3315 1472 tuum,
3368 1406 3424 1459 in
3459 1405 3701 1460 tenebris

2109 1518 2191 1571 es,
2225 1512 2279 1558 et
2301 1517 2526 1558 necesse
2583 1500 2752 1556 habes
2782 1501 2862 1555 ire
2907 1515 2972 1553 ac
3003 1498 3348 1554 reconciliari
3386 1495 3556 1551 fratri
3590 1507 3697 1561 tuo,

2107 1603 2161 1649 et
2190 1603 2319 1649 tunc
2358 1593 2580 1648 veniens
2615 1591 2670 1645 in
2699 1589 2980 1647 charitatis
3008 1587 3160 1644 claro
3183 1588 3454 1655 diluculo,
3481 1596 3540 1643 et
3567 1588 3695 1641 olle-

431 1698 663 1746 ialicsrist
695 1694 874 1746 *inlinis
903 1704 1064 1754 tciia,
1088 1690 1248 1758 justin
1276 1706 1380 1742 nnn
1400 1683 1831 1751 dclii-itwl'arina,
1862 1685 2006 1738 unde
2038 1673 2081 1726 Β
2111 1704 2236 1744 rens
2275 1702 2474 1741 munus
2503 1695 2661 1740 tuam
2690 1684 2757 1739 ad
2781 1684 2949 1738 altare
2978 1697 3184 1749 meum,
3212 1682 3424 1737 senties
3477 1697 3573 1736 me
3605 1682 3696 1735 tibi

433 1790 583 1854 prinis
647 1790 711 1838 ati
751 1790 979 1838 &illiti-ni
1024 1782 1268 1850 aliquivis
1316 1794 1368 1834 ct
1416 1782 1613 1832 animat
1664 1775 2009 1832 necessarius

431 1878 775 1942 i,:·snll÷.·i‡tl.tti·‚
819 1886 867 1926 cl
895 1874 1072 1926 niuniu
1132 1886 1240 1938 quin
1288 1870 1659 1922 nxiiilas‘rnmr
1708 1864 1877 1922 facies
1917 1881 2010 1920 eo·-

435 1990 571 2027 ιιιιιι,
603 1986 667 2023 nc
691 1970 807 2023 itm
831 1970 955 2019 :nali
987 1966 1268 2019 villicatum*
1296 1962 1400 2015 illis
1432 1966 1658 2015 nimium
1685 1957 2008 2030 longi.Natn

431 2071 571 2119 sicut
603 2083 743 2115 istim:
775 2079 1052 2131 ι-πκιιιᾞιιιιι
1084 2059 1320 2111 diluculo
1368 2059 1544 2107 li'iiltiri
1572 2053 1859 2123 sepultura}
1876 2065 2011 2105 meae

435 2159 515 2207 iix
551 2159 843 2223 inlinipli-lu
875 2167 927 2207 cl
971 2151 1196 2203 ιιίιιΙιιιῙῑι
1224 2151 1538 2203 alitus-‚riam
1572 2191 1584 2211 ,
1621 2145 1704 2200 sic
1729 2153 1858 2199 tunc
1887 2158 2011 2198 sur-

431 2267 552 2315 ,pain
583 2251 643 2299 ml
691 2247 951 2315 jtltllt.·ttltll
987 2243 1280 2295 inevitanda
1320 2255 1532 2311 [millitia
1584 2235 1872 2302 malorum,
1915 2233 2010 2305 qui

431 2363 443 2387 ι
467 2359 555 2391 tini
583 2343 839 2395 illitisiint,
879 2355 971 2403 μη]-
1003 2347 1052 2387 vt
1092 2335 1380 2395 sinfurihta,
1416 2343 1540 2383 [ιιιιιτ
1580 2327 1893 2398 repentinus
1925 2325 2008 2380 eis

432 2430 780 2500 superveniet
836 2428 1089 2483 interitus
1148 2425 1204 2478 in
1260 2422 1355 2476 illo
1409 2420 1672 2487 diluculo,
1719 2417 2011 2489 appropin-

429 2528 631 2593 quante
654 2519 904 2574 videlicet
943 2530 1140 2587 magno
1160 2515 1248 2570 die
1286 2512 1705 2570 resurrectionis
1728 2512 2010 2566 universa-

432 2615 520 2676 lis,
552 2627 715 2681 quem
745 2610 889 2664 diem
940 2606 1207 2679 praecedet
1252 2604 1411 2676 quasi
1447 2603 1746 2659 diluculum
1777 2601 1924 2656 clara
1952 2600 2012 2653 il-

433 2705 688 2761 lustratio
723 2703 993 2757 adventus
1019 2699 1149 2766 mei,
1173 2712 1283 2769 qua
1321 2697 1632 2754 destruetur
1662 2701 1903 2765 potestas
1925 2699 2008 2746 te-

433 2800 725 2853 nebrarum
782 2793 1084 2849 confortata
1113 2805 1212 2862 per
1255 2789 1653 2845 Antichristutn
1697 2799 1861 2857 quem
1908 2799 2010 2855 ego

433 2888 752 2945 intel-liciam
781 2884 977 2956 spiritu
996 2883 1110 2938 oris
1139 2881 1269 2948 mei,
1319 2890 1375 2936 et
1418 2880 1695 2935 destruam
1745 2879 1849 2933 hac
1888 2877 2008 2946 ipsa

435 2979 793 3036 illustratione
829 2975 1094 3034 adventus
1115 2971 1244 3038 mei,
1269 2980 1329 3025 ut
1358 2970 1496 3027 sciat
1537 2984 1597 3025 se
1627 2983 1737 3022 non
1793 2982 2007 3037 semper

431 3069 861 3133 dominaturum,
889 3080 1065 3135 neque
1089 3079 1177 3119 me
1213 3079 1279 3119 ac
1304 3077 1457 3118 meos
1507 3063 1562 3115 in
1590 3060 1865 3131 speluncis
1914 3076 2008 3131 op-

432 3178 750 3237 pressurum
788 3160 1125 3217 clarescente
1146 3155 1385 3211 diluculo
1424 3153 1652 3226 justitiae
1677 3168 1771 3224 per
1794 3168 1881 3209 me
1915 3167 2006 3208 so-

432 3258 539 3311 lem
565 3252 795 3325 justitiae
846 3260 977 3306 tunc
1009 3255 1320 3319 surgentem
1364 3246 1432 3301 ad
1457 3244 1811 3317 Judicaudum
1856 3242 2007 3299 vivos

431 3359 487 3408 et
536 3356 816 3415 mortuos,
842 3344 1023 3416 justos
1078 3351 1133 3397 et
1165 3340 1419 3411 injustoS,
1469 3336 1744 3409 quomodo
1793 3336 1877 3392 sol
1903 3336 2008 3390 iste

435 3440 746 3498 visibilisin
792 3452 1023 3493 ascensu
1076 3451 1177 3490 suo
1223 3432 1487 3503 dijudicat
1538 3444 1705 3486 sanos
1734 3438 1790 3484 et
1833 3429 2008 3499 lippos

432 3532 645 3589 oculos.
680 3528 820 3585 Nam
849 3536 996 3584 certe
1018 3537 1147 3583 tunc
1172 3525 1247 3579 illi
1278 3524 1680 3594 torquebuntur
1702 3522 1933 3577 videndo
1953 3532 2008 3576 et

435 3626 750 3693 invidendo,
782 3624 983 3696 quibus
1013 3631 1096 3677 est
1123 3621 1419 3691 impietatis
1460 3619 1748 3691 lippitudo,
1785 3617 2007 3690 quando

432 3720 519 3774 lex
545 3716 772 3788 justitiae
800 3715 1101 3771 clarescere
1123 3710 1345 3782 incipiet
1373 3711 1425 3765 in
1458 3712 1553 3767 illo
1590 3709 1826 3765 diluculo
1854 3720 2008 3764 tene-

434 3808 866 3881 brasinjttstitiae
893 3806 1147 3878 fugaturo
1173 3821 1268 3875 per
1304 3803 1742 3874 praedicationem
1786 3814 2008 3858 tuorum

439 3903 681 3965 testium,
706 3900 799 3971 qui
839 3899 996 3969 quasi
1025 3899 1134 3953 duo
1163 3896 1492 3971 candela-bra
1516 3896 1752 3952 lucentia
1801 3911 2006 3966 praece·

435 4001 566 4049 derit
590 4008 772 4048 meum
803 3993 1114 4045 adventum.

504 4086 678 4140 Aliter
703 4103 715 4139 :
749 4084 1046 4152 Exsuryam
1072 4079 1309 4134 diluculo
1339 4081 1394 4133 in
1420 4077 1664 4149 quolibet
1685 4077 1850 4133 eorde
1872 4076 2008 4130 mihi

435 4185 802 4242 commortuo,
851 4191 947 4246 per
977 4184 1251 4235 timorem,
1288 4172 1356 4226 de
1385 4170 1490 4225 fide
1534 4185 1666 4223 sana
1702 4168 2006 4223 venientem

434 4270 572 4328 mibi
600 4269 918 4339 consepulto
973 4282 1067 4335 per
1106 4264 1364 4335 quietem,
1420 4262 1485 4316 de
1528 4275 1622 4331 spe
1655 4261 1881 4315 robusta
1917 4274 2010 4314 ve-

2111 1779 2430 1844 excitatum,
2455 1777 2584 1847 quia
2632 1777 2740 1831 tuis
2788 1772 3045 1845 precibus
3076 1773 3368 1828 invocatus
3410 1787 3698 1842 extume-

2108 1872 2368 1926 diluculo.
2403 1868 2473 1925 Ut
2506 1883 2638 1941 ergo
2671 1867 2742 1924 sit
2767 1868 2978 1923 clarum
3029 1865 3315 1922 charitatis
3365 1862 3693 1926 diluculum,

2109 1974 2160 2019 et
2192 1963 2426 2019 tenebrae
2475 1963 2527 2016 in
2577 1976 2644 2017 eo
2692 1975 2798 2015 non
2849 1959 2960 2015 sint
3008 1959 3151 2025 ullae,
3196 1973 3324 2013 cum
3369 1957 3600 2012 stabitis
3632 1957 3695 2011 ad

2107 2058 2395 2124 orandum,
2432 2055 2712 2120 dimittite,
2746 2054 2792 2110 si
2841 2052 2972 2123 quid
3022 2051 3236 2106 habetis
3268 2052 3547 2106 adversus
3606 2051 3696 2103 al.-

2108 2165 2292 2220 quem,
2340 2158 2400 2203 ut
2444 2156 2499 2203 et
2546 2146 2707 2201 Pater
2755 2153 2935 2199 vester
2981 2141 3219 2198 coelestis
3260 2142 3511 2196 dimittat
3544 2141 3693 2194 rotis

2111 2252 2334 2311 peccata
2357 2248 2561 2296 vestra.
2587 2235 2632 2292 0
2656 2236 2872 2308 quoties
2916 2250 3012 2306 per
3036 2241 3206 2290 totam
3256 2242 3485 2290 noctem
3544 2228 3691 2288 lalu-

2111 2340 2294 2387 rantes
2343 2331 2484 2386 nihil
2529 2329 2794 2399 cepimus,
2821 2325 2951 2397 quia
2987 2333 3100 2381 rtte
3129 2325 3419 2392 orationis,
3456 2323 3548 2381 iel
3575 2340 3694 2394 pra»

2108 2423 2396 2480 dicationis
2417 2431 2543 2478 ante
2568 2422 2744 2475 lucem
2767 2417 3078 2475 dilectionis
3103 2417 3499 2487 expandimus,
3533 2428 3592 2473 et
3616 2434 3673 2472 ex

2107 2517 2412 2589 perimento
2458 2512 2811 2587 probavimus
2865 2510 3011 2582 quod
3048 2527 3246 2565 vanum
3272 2520 3361 2566 est
3384 2512 3558 2567 nobis
3578 2522 3694 2567 ante

2108 2606 2285 2664 lucem
2306 2621 2552 2679 surgere,
2586 2604 2703 2660 sine
2733 2619 2840 2674 qua
2869 2602 3004 2657 niltil
3028 2601 3158 2657 boni
3189 2601 3256 2656 ad
3279 2603 3525 2658 salutem
3543 2604 3693 2659 uobis

2070 2711 2074 2715 ’
2108 2716 2304 2771 capere
2345 2697 2680 2770 possumus!
2707 2695 2751 2751 Ο
2779 2696 2964 2752 oriens
3014 2693 3270 2763 splendor
3301 2694 3447 2751 lucis
3482 2708 3693 2752 aeteruae

2107 2803 2160 2848 et
2178 2792 2261 2847 sol
2295 2792 2546 2862 justitiae,
2574 2790 2717 2856 veni,
2738 2797 2794 2843 et
2818 2787 3066 2842 illumina
3096 2787 3347 2844 sedentes
3367 2787 3426 2842 in
3458 2790 3691 2844 tenebris

2108 2894 2162 2941 et
2188 2886 2382 2939 umbra
2413 2883 2648 2937 mortis!
2682 2881 2758 2937 Da
2791 2881 2952 2936 nobis
2993 2881 3171 2951 primo
3215 2879 3548 2944 diluculum,
3576 2882 3689 2935 dein

2111 2977 2453 3048 splendorem
2480 2975 2850 3031 meridianum
2879 2991 2893 3042 3
2932 2974 3000 3031 da
3034 2973 3294 3045 incipere,
3333 2972 3401 3029 da
3429 2972 3691 3044 perticere

2112 3071 2426 3126 mandatum
2451 3079 2605 3125 tuum
2644 3085 2867 3136 novum,
2915 3076 2975 3123 ut
3011 3067 3303 3139 diligamus
3330 3068 3572 3123 invicem
3602 3111 3618 3131 ,
3647 3081 3692 3123 et

2109 3165 2190 3221 sic
2232 3164 2287 3218 in
2328 3177 2528 3235 magno
2575 3162 2773 3234 gaudio
2826 3176 2928 3217 nos
2968 3160 3131 3217 amici
3180 3161 3370 3231 sponsi
3406 3162 3691 3216 audiemus

2111 3262 2161 3308 te
2185 3267 2449 3323 sponsum
2495 3252 2808 3322 loquentem
2851 3250 3001 3306 Patri
3033 3259 3166 3307 tuo:
3199 3248 3510 3321 Exstat-qam
3555 3251 3691 3304 dile-

2107 3345 2227 3401 culo
2251 3361 2351 3417 ego
2399 3345 2712 3416 psalterium
2746 3354 2795 3399 et
2845 3344 3076 3409 cithara,
3118 3352 3174 3399 et
3227 3344 3527 3399 audientur
3581 3345 3694 3400 dul-

2109 3440 2194 3495 cia
2214 3437 2428 3494 cantica
2451 3437 2740 3505 dramatis,
2769 3438 2946 3494 deme
2971 3451 3036 3492 ac
3058 3451 3153 3507 per
3179 3452 3268 3492 me
3296 3439 3622 3493 resonantia
3643 3439 3691 3492 in

2107 3532 2345 3602 populis.

2179 3621 2315 3678 Nam
2343 3623 2631 3693 confitevor
2658 3622 2753 3676 tibi
2779 3622 2835 3677 in
2861 3620 3093 3692 populis,
3117 3620 3344 3676 Domine
3369 3638 3390 3688 ,·
3423 3622 3689 3693 psal-tan

2108 3716 2286 3769 dicam
2322 3714 2419 3769 tibi
2449 3716 2506 3769 in
2532 3716 2793 3787 pentibus,
2827 3715 2881 3771 id
2909 3723 3015 3783 est,
3052 3713 3250 3769 faciam
3294 3715 3351 3770 in
3394 3715 3690 3789 populiset

2109 3810 2360 3882 gentibus
2382 3825 2640 3865 resonare
2661 3808 3035 3865 consessiones
3054 3817 3428 3880 peccatorum,
3459 3827 3556 3866 seu
3582 3813 3691 3866 lau-

2111 3902 2398 3957 dationum
2422 3908 2476 3956 et
2510 3900 2751 3971 psalmos
2805 3901 3078 3956 bonorum
3108 3916 3357 3972 operum.
3387 3900 3450 3957 lu
3493 3904 3692 3973 quibus

2111 3993 2496 4049 confitentibus
2524 4007 2626 4064 ego
2654 3992 2748 4047 tibi
2797 3992 3104 4063 confitebor,
3130 4001 3186 4048 et
3238 3993 3294 4048 in
3332 3993 3691 4065 psallentibus

2109 4102 2210 4157 ego
2230 4086 2493 4156 psalmum
2515 4085 2689 4139 dicam
2715 4086 2832 4153 tibi,
2855 4086 2988 4156 quia
3013 4087 3135 4142 sine
3159 4101 3248 4142 me
3289 4086 3430 4142 nihil
3458 4099 3693 4159 possunt

2110 4174 2308 4242 facere,
2335 4176 2428 4232 sed
2451 4191 2552 4246 ego
2576 4177 2732 4232 ineis
2763 4191 2983 4247 operor,
3032 4185 3087 4232 et
3128 4188 3182 4231 tu
3227 4177 3284 4232 in
3331 4193 3423 4233 me
3465 4195 3693 4234 maneus

2112 4266 2229 4336 ipsc
2252 4266 2388 4323 sacis
2419 4282 2611 4336 opera,
2643 4275 2696 4321 et
2727 4276 3012 4337 propterea
3045 4269 3140 4323 tibi
3170 4283 3268 4338 per
3289 4283 3378 4323 me
3401 4269 3477 4326 de
3503 4270 3693 4339 hujus·

434 4364 711 4428 nientem,
767 4361 1010 4427 mihique
1052 4356 1483 4411 conresuscitato
1542 4369 1638 4424 per
1683 4352 2005 4407 charitatem
2044 4370 2083 4424 ί)
2113 4359 2258 4412 modi
2310 4358 2571 4428 operibus
2608 4359 2835 4414 debetur
2879 4360 3061 4415 omnis
3098 4361 3294 4431 gloria,
3343 4372 3406 4416 ut
3445 4363 3694 4419 videlieet

435 4458 595 4528 quasi
644 4455 858 4511 tertiani
906 4452 1083 4514 diem,
1125 4453 1266 4507 duos
1300 4452 1417 4506 dies
1473 4448 1595 4503 lidei
1646 4447 1892 4503 videlicet
1945 4462 2009 4502 ac

434 4552 550 4620 spei
581 4547 1023 4617 subsequentem.
1077 4542 1134 4598 ln
1190 4541 1357 4613 hujus
1390 4541 1563 4598 tertiae
1618 4540 1724 4596 diei
1773 4538 2007 4593 dituculo

433 4657 535 4712 ego
558 4653 840 4708 exstirpant
887 4653 998 4692 non
1028 4638 1333 4691 moriturus
1384 4633 1642 4705 amplius,
1684 4632 1833 4703 quia,
1874 4632 2004 4686 dum

435 4733 680 4790 charitas
706 4744 984 4799 nunquam
1013 4728 1236 4794 excidit,
1265 4726 1429 4781 etiam
1452 4726 1543 4781 lux
1588 4726 1709 4796 ejus
1744 4724 1799 4779 in
1849 4734 2008 4779 aeter-

434 4840 568 4881 num
595 4832 776 4879 manet
809 4823 1033 4892 reliquis
1055 4822 1247 4877 diebus
1272 4820 1723 4891 praetcreuntibus
1752 4833 1877 4873 curn
1904 4816 2009 4872 fide

434 4934 500 4973 ac
523 4931 639 4988 spe,
685 4931 805 4986 quae
826 4930 933 4968 non
970 4899 1428 4969 erit‘adveniente
1452 4926 1512 4967 re
1535 4927 1658 4982 quae
1687 4910 2007 4967 credebatur

436 5025 500 5065 ac
530 5009 873 5079 sperabatur.
922 5004 1062 5060 Nam
1092 5025 1110 5058 ι
1143 5005 1258 5061 sive
1309 5006 1509 5076 linguae
1536 5003 1852 5068 cessabunt,
1891 5002 2007 5057 sive

434 5102 664 5157 scientia
692 5102 1027 5167 destruetur,
1058 5101 1175 5156 sive
1212 5098 1513 5169 propbetiae
1548 5097 1962 5153 evacuabuntur
1988 5116 2002 5152 :

435 5192 592 5249 Nunc
628 5204 810 5249 autem
861 5202 1084 5248 manent
1111 5193 1269 5259 fides,
1309 5206 1455 5262 speS,
1489 5191 1729 5246 charitas
1758 5191 1861 5245 tria
1892 5191 2008 5245 haec

435 5283 503 5354 (Ι
526 5284 650 5339 Cor.
686 5302 806 5350 xiii,
846 5286 898 5351 8,
932 5286 1077 5353 15),
1122 5284 1286 5339 veluti
1313 5284 1404 5337 lux
1447 5284 1610 5338 trium
1633 5281 1865 5337 dierum.
1900 5280 2007 5336 Sed

436 5377 553 5432 sola
588 5377 703 5445 dies
733 5379 1019 5433 charitatis
1050 5393 1157 5432 non
1186 5375 1419 5441 excidet,
1432 5374 1561 5444 quia
1588 5373 1672 5429 sol
1706 5373 1828 5442 ejus
1851 5372 2008 5428 Chri-

425 5475 555 5521 -stus
583 5482 691 5521 non
715 5469 945 5535 occidet,
974 5471 1067 5538 qui
1103 5479 1225 5539 post
1251 5468 1394 5523 diem
1441 5466 1587 5533 tldei,
1618 5480 1726 5536 qua
1752 5465 2009 5534 pependit

436 5556 491 5609 in
518 5572 700 5623 cruce,
732 5560 1026 5614 ostendens
1059 5570 1293 5615 veterem
1333 5559 1607 5613 bominem
1642 5556 1841 5611 virtute
1881 5555 2005 5613 ndei

434 5650 893 5718 mortificandum,
952 5663 1239 5723 postquam
1278 5653 1420 5709 diem
1464 5652 1599 5723 spei,
1645 5665 1751 5722 qua
1785 5652 2003 5721 requie-

2111 4448 2356 4504 videntes
2380 4464 2544 4518 opera
2578 4451 2704 4504 talia
2733 4452 2787 4505 in
2813 4451 2969 4507 sevel
3007 4452 3131 4509 aliis
3170 4453 3495 4510 bominibus
3528 4457 3664 4526 glori

2110 4538 2270 4591 licent
2296 4546 2347 4593 tc
2391 4536 2627 4606 Patrem,
2665 4541 2838 4609 quiin
2882 4542 3037 4597 coelis
3086 4559 3166 4599 es.
3209 4541 3345 4599 Nam
3396 4556 3453 4601 et
3490 4562 3601 4617 egi·
3635 4561 3692 4600 ιι

2110 4630 2336 4701 gloriam
2369 4631 2445 4685 tui
2475 4631 2652 4687 resero
2695 4634 2841 4702 quod
2876 4632 3042 4690 facio.
3069 4632 3222 4691 Unde
3255 4646 3309 4692 et
3335 4636 3467 4693 dieo
3498 4656 3515 4691 ε
3563 4638 3694 4692 Cui-

2107 4721 2294 4790 titebor
2328 4724 2445 4790 tibi,
2480 4724 2532 4779 id
2568 4733 2671 4790 est,
2707 4726 2774 4780 ad
2825 4725 3041 4782 laudem
3086 4728 3165 4782 tui
3199 4729 3255 4782 in
3299 4731 3546 4799 populis,
3592 4730 3690 4784 Do·

2110 4817 2268 4882 mim,
2298 4832 2437 4885 qnos
2466 4816 2607 4872 l'acio
2646 4817 2742 4872 tibi
2779 4820 3047 4883 confiteri,
3094 4830 3144 4872 et
3188 4821 3459 4890 psalmum
3515 4824 3692 4878 diem

2110 4908 2224 4974 tibi,
2258 4909 2326 4963 ad
2356 4909 2615 4964 bonorem
2649 4910 2749 4978 tui,
2778 4911 2831 4964 in
2858 4910 3120 4982 qentibus,
3148 4911 3202 4966 in
3231 4915 3452 4983 populis
3470 4914 3695 4971 luriaco·

2107 5016 2255 5066 rum,
2282 5002 2418 5057 etin
2449 5004 2687 5073 pentibus
2734 5003 2979 5058 omnium
3027 5006 3309 5060 nationum
3345 5004 3558 5062 faciam
3597 5010 3694 5063 boc

2108 5111 2250 5167 opus
2281 5097 2484 5151 bonum
2521 5097 2839 5166 psalmodiae
2867 5112 2932 5153 ac
2974 5097 3174 5163 laudis,
3206 5081 3366 5169 cujus
3398 5100 3529 5156 hac
3558 5118 3700 5172 prt-

2108 5189 2264 5258 cipua
2296 5197 2381 5244 est
2403 5190 2661 5245 materia:

2181 5280 2344 5336 Vsa&
2378 5281 2464 5335 tl.
2506 5281 2772 5345 Quoniam
2797 5280 3140 5352 maynificata
3163 5293 3239 5336 est
3263 5298 3430 5353 usque
3446 5284 3521 5338 ad
3536 5288 3702 5340 cetu

2108 5375 2475 5430 misericordia
2499 5384 2614 5443 tua,
2645 5386 2693 5429 et
2718 5392 2878 5445 usque
2905 5376 2972 5429 ad
2996 5378 3154 5431 nubes
3180 5378 3373 5431 ceritas
3399 5390 3521 5434 tnta.
3545 5378 3707 5435 Unde

2107 5482 2212 5522 nos
2239 5476 2429 5538 gentes
2455 5483 2518 5523 ac
2543 5468 2727 5538 populi
2759 5469 3069 5523 confitendo
3090 5479 3145 5524 et
3174 5469 3464 5539 psallendo
3487 5476 3710 5545 gratia,-

2107 5561 2321 5631 agimus
2367 5560 2463 5614 tibi
2527 5560 2638 5615 Deo
2682 5560 2853 5625 Patri,
2907 5563 3158 5633 quoniam
3206 5564 3572 5633 ittaqriificate
3633 5581 3710 5622 est

2108 5668 2266 5721 usqae
2303 5652 2371 5705 ad
2419 5652 2572 5707 coelos
2620 5654 2984 5709 misericordia
3015 5665 3132 5720 tua,
3188 5664 3239 5708 et
3278 5657 3480 5711 veritas
3537 5675 3716 5729 usq-e
3800 5662 3801 5678 ¹
