3817 6000
373 196 516 256 1463

1331 196 1636 255 GERnoffl
1675 195 2066 253 PRAEPOSlTl
2102 195 2650 253 REICHERSPERG.

3484 200 3635 258 im

373 312 480 368 boc
504 311 713 378 dicunt,
764 315 940 384 lerant
968 315 1244 385 confestim
1284 314 1643 383 confusionem
1677 331 1830 370 suam
1865 329 1948 368 re-
1974 315 2021 374 A
2048 313 2339 379 adulando,
2376 317 2510 378 sive,
2540 322 2600 368 ut
2626 323 2835 383 putant,
2863 318 3129 371 veraciter
3165 315 3443 373 laudando
3462 320 3633 389 quasi

371 389 623 477 p'ercussi
692 419 919 476 operum
995 407 1269 463 bonorum
1314 415 1465 462 tanta
1524 406 1944 477 magnificentia,

374 515 542 569 quam
590 499 776 555 nullus
806 498 1084 556 humanus
1114 501 1420 561 intellectus
1471 500 1606 555 mihi
1645 500 1823 556 valeat
1863 500 1949 557 vel

375 589 635 663 dignetur
667 590 966 658 ascribere,
1001 593 1219 649 lucente
1268 592 1324 648 in
1349 592 1607 664 operibus
1634 593 1772 649 meis
1811 593 1950 648 divi-

376 696 463 738 nae
508 681 698 753 gratiae
727 682 1016 740 manifesta
1063 694 1116 741 et
1161 685 1277 742 sola
1309 684 1646 756 operatione,
1669 692 1832 754 atque
1857 683 1948 738 illa

377 778 715 852 dignatione,
770 795 879 852 qua
908 796 1033 836 cum
1082 795 1259 838 essem
1311 779 1588 852 indignus,
1616 779 1837 851 dignata
1867 788 1953 836 est

378 871 595 941 operari
627 887 723 943 per
749 887 858 938 me,
892 888 957 929 ac
999 887 1214 928 mecum
1247 887 1407 928 suum
1438 887 1577 943 opus
1599 871 1864 937 divinum,
1897 880 1954 926 et

379 962 644 1021 divinitus
675 965 750 1022 ita
799 966 1229 1039 magnificatum,
1265 974 1327 1023 ut
1377 982 1465 1021 me
1489 982 1710 1038 quoque
1740 973 1954 1022 tacente

381 1068 611 1132 cogatur
638 1059 784 1116 serre
823 1059 1204 1115 confusionem
1230 1075 1407 1124 suam,
1442 1058 1536 1128 qui
1557 1057 1693 1112 mibi
1719 1058 1953 1113 homun-

380 1154 508 1214 culo
554 1155 965 1225 praesumpserit
1010 1154 1307 1209 attribuere
1326 1153 1556 1225 gloriam
1585 1153 1821 1210 divinam
1850 1153 1952 1208 soli

381 1246 492 1303 Deo
513 1245 772 1313 debitam,
797 1245 890 1316 qui
924 1245 1052 1301 facit
1087 1246 1355 1302 mirabilia
1388 1262 1586 1316 magna
1617 1246 1789 1313 soluS,
1815 1257 1870 1302 et
1897 1247 1953 1301 in

381 1354 494 1410 quo
515 1339 632 1396 solo
656 1349 803 1395 recte
833 1338 1179 1409 gloriandum
1220 1352 1304 1397 est
1327 1340 1477 1396 omni
1507 1348 1718 1406 sancto,
1744 1339 1839 1410 qui
1869 1339 1954 1394 sa·-

380 1431 458 1489 cit
485 1431 756 1487 mirabilia
780 1431 834 1486 in
862 1433 970 1487 rita
997 1448 1117 1496 sua,·
1146 1448 1268 1504 quae
1298 1449 1408 1489 non
1439 1433 1658 1490 aliunde
1678 1433 1825 1501 fecit,
1848 1434 1955 1492 nisi

383 1522 516 1594 quia
542 1522 633 1580 ille
654 1522 711 1579 in
753 1539 820 1580 eo
853 1523 997 1589 fecit,
1041 1526 1137 1597 qui
1174 1524 1302 1582 facit
1330 1526 1601 1582 mirabilia
1651 1542 1846 1600 magna
1873 1542 1960 1582 so-

383 1615 493 1671 lua.
521 1614 579 1671 ln
616 1616 817 1687 quibus
859 1617 1122 1674 faciendis
1163 1619 1433 1675 bonorum
1465 1636 1710 1682 meorum
1739 1636 1845 1676 non
1872 1621 1958 1676 in-

2050 406 2270 463 divitem
2293 407 2559 478 bonisque
2595 408 2781 464 multis
2809 409 2893 464 vel
2918 408 3313 479 spiritualibus,
3343 410 3429 464 vel
3458 412 3633 467 etiam

2052 500 2438 571 temporalibus
2472 500 2836 557 abundantem
2866 501 3173 574 glorificant
3192 511 3248 558 et
3267 503 3512 560 exaltant
3545 521 3639 562 me

2051 593 2167 651 suis
2194 592 2468 650 laudibuS.
2509 591 2619 664 qu
2652 609 2769 648 vero
2798 609 2985 664 eqenus
3014 604 3065 648 et
3093 610 3293 664 pauper
3311 611 3451 663 sum,
3478 596 3637 666 iudi-

2052 685 2137 740 cio
2163 699 2286 741 meo
2326 684 2569 756 proprio,
2596 685 2726 755 quia
2752 700 2852 756 ego
2884 701 2970 740 me
3000 686 3176 757 ipsum
3205 702 3483 758 cognosco
3508 705 3638 744 me·

2053 777 2159 833 lius
2183 792 2346 847 quam
2374 776 2500 849 ipsi,
2526 786 2581 833 et
2609 778 2725 834 scio
2763 778 2907 848 quod
2946 765 3135 851 eqenus
3161 787 3212 834 et
3242 797 3445 851 pauper
3484 797 3635 836 mm.

2059 869 2284 943 qunus,
2311 871 2440 942 quia
2471 871 2660 927 multis
2689 871 2905 945 indigeo
2934 889 2949 925 ε
2991 889 3214 942 pauper,
3242 873 3371 943 quia
3398 888 3510 929 non
3540 875 3642 929 ha·

2054 964 2177 1028 beo,
2213 963 2414 1033 quibus
2447 963 2683 1037 indigeo.
2743 962 2859 1031 Est,
2909 965 3006 1036 qui
3061 965 3247 1022 multis
3298 966 3520 1037 indiget,
3579 974 3643 1022 et

2055 1055 2224 1110 multa
2249 1070 2469 1126 quoque
2499 1055 2683 1122 habet,
2710 1056 2913 1127 quibus
2965 1055 3189 1128 indiget,
3241 1057 3332 1114 hic
3382 1059 3511 1115 licet
3563 1060 3644 1115 sit

2054 1162 2266 1216 egenus.
2300 1161 2407 1202 non
2440 1155 2620 1202 tamen
2642 1155 2728 1202 cst
2750 1163 2969 1217 pauper.
3007 1146 3104 1204 Est
3132 1149 3261 1204 item
3300 1150 3396 1221 qui
3440 1151 3644 1221 paucis

2058 1236 2279 1308 indiget,
2304 1248 2357 1295 et
2387 1255 2581 1312 pauca,
2610 1239 2809 1311 quibus
2848 1239 3075 1312 indiget,
3107 1242 3289 1309 habet,
3338 1259 3518 1314 neque
3547 1243 3646 1302 nie

2059 1346 2263 1402 pauper
2286 1339 2391 1396 est,
2422 1332 2534 1389 imo
2556 1332 2644 1388 ille
2670 1347 2731 1389 se
2756 1332 3064 1401 ditioribuS,
3098 1335 3192 1405 qui
3217 1335 3468 1405 pluribus
3490 1336 3645 1392 indi-

2060 1432 2206 1494 gent,
2250 1424 2515 1496 pluraque
2544 1425 2765 1493 habent,
2798 1427 3072 1497 copiosior
3110 1436 3214 1492 est,
3264 1429 3393 1499 quia
3441 1429 3646 1487 melius

2060 1524 2143 1573 est
2166 1516 2348 1573 minus
2368 1532 2528 1589 agere
2551 1532 2714 1593 quam
2746 1518 2870 1588 plus
2912 1518 3131 1585 habere,
3186 1520 3454 1591 divesque
3502 1523 3648 1578 satis

2062 1618 2146 1666 est
2174 1609 2265 1664 illa
2306 1619 2617 1680 paupertas,
2665 1624 2832 1680 quam
2872 1611 3019 1665 nulla
3051 1621 3372 1684 coangustat
3402 1622 3645 1684 egestas.

384 1707 550 1780 diget,
583 1709 680 1765 sed
707 1718 888 1766 tamen
911 1725 1009 1780 per
1039 1726 1124 1764 me
1146 1710 1292 1777 seen,
1324 1720 1378 1767 eg
1402 1712 1533 1768 sagit
1555 1713 1781 1780 bonum,
1807 1713 1958 1783 quod
1987 1675 2031 1733 Β
2061 1698 2213 1757 Unde
2239 1709 2323 1757 est
2346 1700 2477 1756 illud
2522 1720 2536 1756 ε
2570 1699 2866 1773 sufficiebat
2914 1702 3063 1758 nobis
3099 1713 3382 1774 paupertas
3433 1715 3647 1766 nostre.

385 1802 490 1860 sibi
519 1803 714 1874 placet.
745 1802 826 1858 Tu
849 1819 981 1876 ergo
1004 1805 1158 1860 solus
1201 1806 1254 1860 in
1304 1821 1391 1861 me
1423 1806 1684 1873 lauderiS,
1709 1817 1765 1862 et
1790 1807 1960 1879 glori-

384 1891 588 1961 liceris,
634 1894 750 1965 qui,
782 1910 907 1950 cum
957 1909 1057 1963 ego
1085 1894 1275 1951 videor
1317 1895 1457 1952 bene
1507 1895 1705 1962 facere,
1740 1908 1796 1958 tu
1821 1899 1960 1955 bene

386 1980 526 2040 sacis
561 1997 658 2054 per
685 1999 793 2039 me.
823 1982 963 2051 Quia
1009 1999 1138 2038 vcro
1184 1984 1315 2040 illud
1356 2000 1648 2042 commune
1672 1994 1757 2047 est
1800 1986 1961 2042 bonis

385 2088 441 2134 et
460 2076 642 2144 maliS,
673 2084 737 2132 ut
763 2092 860 2147 per
900 2093 996 2132 eos
1032 2078 1168 2133 bene
1197 2095 1262 2134 ac
1291 2079 1429 2135 bona
1477 2090 1533 2135 tu
1564 2081 1740 2137 bonus
1768 2096 1961 2152 opere-

387 2169 488 2236 ris,
518 2183 644 2225 cum
693 2169 827 2226 solis
855 2177 1038 2225 autem
1084 2171 1189 2227 illis
1219 2173 1433 2242 operari
1455 2172 1671 2242 diceris,
1702 2190 1843 2245 quos
1865 2189 1964 2246 per

389 2258 592 2317 bonam
627 2260 982 2318 intentionem
1018 2263 1097 2320 tui
1122 2265 1249 2320 boni
1295 2264 1476 2335 operis
1517 2276 1799 2325 consortes
1848 2266 1964 2324 elli·

388 2353 490 2411 cis.
509 2351 650 2411 vInde
670 2355 848 2428 magis

463 2443 624 2504 Vns.
658 2447 747 2504 17.
804 2447 1111 2514 Exsultent,
1153 2460 1205 2506 et
1263 2450 1511 2507 laetentur
1553 2468 1709 2523 super
1761 2463 1810 2507 te
1851 2471 1961 2508 om-

388 2553 478 2594 nes
498 2549 788 2610 quoerentes
814 2549 884 2606 te,
909 2549 960 2595 et
985 2541 1164 2596 dicant
1188 2559 1390 2613 semper
1409 2559 1431 2598 .·
1461 2541 1833 2615 Magnificetur
1857 2543 1967 2599 Do-

389 2631 588 2698 minus,
619 2631 712 2701 qui
735 2631 963 2703 diligunt
1009 2633 1246 2689 salutare
1274 2644 1442 2704 tuum,
1468 2635 1563 2707 qui
1584 2646 1771 2691 amant
1802 2633 1965 2691 Chri-

388 2729 541 2780 stum
569 2721 909 2781 Salvatorem
941 2740 1155 2791 verum,
1206 2726 1353 2795 quod
1380 2742 1508 2782 cum
1547 2726 1700 2784 dives
1737 2728 1836 2796 sis,
1866 2744 1967 2799 ego

391 2831 525 2873 vero
557 2831 764 2886 egenus
791 2826 846 2874 et
890 2833 1098 2890 pauper
1137 2820 1264 2885 sim,
1304 2827 1361 2875 tu
1412 2829 1593 2877 tamen
1623 2822 1810 2892 gratiae
1863 2831 1969 2878 tuae

393 2908 538 2966 dona
565 2924 678 2966 non
713 2910 974 2968 deserens
995 2912 1158 2968 etiam
1198 2927 1296 2982 per
1334 2926 1423 2967 me
1447 2928 1740 2983 pauperem
1764 2922 1818 2970 et
1841 2929 1969 2984 ege-

392 3017 550 3070 num,
597 3010 763 3075 atque
809 3019 1024 3060 mecum
1057 3005 1138 3063 sic
1163 3005 1409 3077 operaris
1434 3021 1599 3077 opera
1623 3007 1875 3074 mirifica,
1907 3018 1966 3063 ut
1993 3027 2035 3085 C

393 3094 443 3151 si
470 3093 598 3166 quis
627 3108 692 3151 ea
720 3094 857 3151 mibi
892 3096 1255 3168 assignaverit
1288 3097 1475 3168 aliquo
1503 3098 1688 3153 sobrio
1716 3098 1967 3154 auditore

394 3187 672 3257 audiente,
697 3187 1158 3289 consestimsserat
1181 3188 1558 3247 confusionem
1584 3206 1763 3256 suam,
1790 3190 1968 3246 dicat·

396 3294 506 3353 que
528 3280 607 3336 illi
631 3296 648 3337 2
674 3281 858 3350 Quare
902 3282 1160 3339 attribuis
1185 3284 1458 3353 peccatori
1489 3285 1700 3339 homiui
1726 3283 1969 3354 opusju-

395 3372 579 3442 stitiae,
609 3389 750 3445 opus
778 3374 1017 3441 virtutis,
1065 3390 1206 3445 opus
1236 3373 1501 3432 Domini?
1524 3374 1706 3442 Quare
1732 3376 1971 3431 homun-

396 3468 524 3525 culo
551 3468 754 3540 exiguo
789 3468 1040 3539 assignas
1067 3484 1207 3540 opus
1254 3468 1627 3541 magnificum,
1658 3470 1807 3539 quod
1837 3483 1971 3523 con-

397 3567 508 3617 stat
525 3559 644 3617 lieri
670 3575 781 3617 non
802 3575 983 3630 posse,
1010 3560 1115 3616 nisi
1141 3577 1172 3615 a
1202 3561 1320 3617 solo
1342 3560 1496 3616 Deo?

465 3654 679 3724 Aliter:
712 3653 1018 3722 Eoesultent,
1044 3666 1094 3710 et
1144 3656 1411 3714 laetentnr.
1461 3655 1742 3714 Exsultent
1779 3671 1974 3727 corpa-

398 3749 479 3809 ris
537 3748 859 3807 alacritate:
889 3748 1138 3806 loetentur
1179 3751 1376 3806 mentis
1419 3750 1693 3807 hilaritate
1746 3762 1976 3820 superte

398 3857 578 3899 omnes
613 3852 904 3913 quaerentes
940 3853 1009 3912 te,
1037 3861 1194 3914 super
1225 3854 1273 3899 te
1310 3842 1518 3900 fundati
1549 3863 1562 3898 ε
1595 3852 1882 3915 quoerentes
1930 3855 1977 3897 te

403 3934 733 4006 glorificare,
765 3952 874 3993 non
928 3952 1036 4004 me,
1064 3945 1230 4008 atque
1275 3937 1643 4008 glorificantes
1682 3945 1737 3993 te
1762 3937 1815 3990 in
1843 3951 1930 3991 me
1962 3956 1974 3990 :

400 4036 456 4089 el
490 4030 673 4086 dicant
728 4046 930 4100 semper
971 4049 991 4086 .·
1040 4030 1412 4102 Magnificetur
1451 4030 1728 4084 Dominus.
1782 4028 1978 4084 Dicant

402 4139 608 4195 seraper
633 4125 910 4181 interdum
942 4125 1128 4191 labiis,
1151 4125 1354 4196 jugiter
1374 4132 1554 4180 autem
1590 4124 1825 4182 clamore
1852 4140 1978 4180 cor-

406 4217 514 4286 dis,
540 4217 673 4289 quid
719 4218 944 4274 dicant?
995 4216 1371 4287 Magnificetur
1393 4217 1676 4283 Dominus,
1711 4218 1797 4272 vel
1832 4233 1979 4273 sem-

406 4324 506 4379 per
538 4310 910 4381 maqnifieetur
938 4307 1194 4363 Dominus
1220 4307 1275 4361 iu
1302 4323 1458 4363 servo
1481 4323 1605 4375 suo,
1633 4323 1794 4379 quem
1818 4308 1982 4380 justi-

2059 1805 2117 1850 ut
2152 1794 2352 1851 divitiae
2378 1805 2807 1866 computarentur
2828 1794 2981 1866 (Tob.
3009 1813 3063 1863 v,
3093 1796 3207 1866 25).
3249 1796 3363 1868 qu
3384 1814 3504 1852 uero
3527 1814 3653 1869 eqe-

2058 1907 2157 1944 nus
2207 1897 2257 1943 et
2284 1904 2483 1958 pauper
2510 1905 2648 1952 sum,
2674 1889 2805 1959 quia
2844 1889 3030 1945 multis
3076 1889 3312 1960 indigeo,
3357 1907 3485 1961 quae
3525 1907 3645 1947 non

2062 1983 2254 2049 habeo,
2297 1982 2482 2038 multis
2510 1982 2725 2053 indigeo
2750 1992 2973 2053 propter
3002 1997 3090 2037 me
3118 1981 3319 2052 ipsum,
3354 1985 3481 2054 quia
3524 1984 3647 2040 fra·

2061 2076 2185 2148 gitis
2212 2091 2313 2147 ego
2341 2091 2484 2141 sum,
2518 2090 2694 2145 neque
2726 2074 2957 2130 modicis
2989 2075 3073 2130 vel
3100 2075 3290 2146 paucis
3329 2076 3496 2148 hujus
3519 2081 3653 2134 vitae

2063 2167 2409 2224 adminiculis
2446 2175 2737 2232 contentus
2766 2181 2887 2225 esse
2916 2182 3161 2237 possum.
3199 2167 3393 2225 Gravis
3424 2186 3651 2242 qnoque

2064 2275 2185 2317 sum
2223 2277 2237 2312 τ
2270 2274 2396 2314 nam
2439 2259 2613 2329 [actus
2645 2276 2765 2316 sum
2815 2257 3156 2328 mihimetipsi
3192 2262 3367 2332 grauis
3396 2261 3522 2332 (Iob
3547 2278 3650 2330 vu,

2063 2352 2177 2423 20),
2203 2368 2377 2422 neque
2401 2353 2467 2408 ad
2490 2367 2723 2424 superna
2747 2355 2914 2414 levari
2936 2371 3159 2426 possum
3188 2356 3377 2426 paucis
3401 2365 3499 2411 aut
3521 2372 3650 2411 mo-

2066 2446 2202 2502 dicis
2232 2447 2493 2505 virtutum
2520 2447 2807 2516 vehiculis,
2837 2459 2933 2506 aut
2971 2450 3113 2506 raris
3163 2465 3381 2505 morum
3424 2461 3654 2505 saneto-

2065 2556 2187 2595 rum
2218 2541 2433 2611 pennis.
2474 2538 2552 2598 lta
2577 2541 2633 2598 in
2675 2543 2911 2613 meipso
2944 2551 3165 2613 propter
3191 2557 3280 2598 me
3322 2541 3501 2612 ipsum
3529 2545 3657 2612 plu·

2065 2632 2222 2688 ribus
2244 2631 2478 2703 indigeo,
2510 2649 2633 2704 quae
2661 2634 2787 2706 quia
2824 2651 2932 2692 non
2963 2634 3158 2702 habeo,
3181 2652 3381 2706 pauper
3397 2651 3536 2689 sum.

2138 2722 2404 2781 Praeterea
2449 2736 2669 2798 propter
2698 2726 2835 2784 alios
2862 2744 2960 2798 per
2998 2744 3086 2783 me
3105 2728 3376 2799 juvandos
3422 2739 3479 2784 et
3510 2743 3651 2782 con-

2070 2815 2328 2871 solandos
2374 2817 2500 2872 item
2527 2819 2776 2888 pluribus
2816 2835 2949 2891 egeo
2997 2836 3120 2891 quae
3161 2837 3270 2877 non
3318 2821 3512 2876 babeo.
3566 2819 3653 2875 mi

2072 2905 2289 2976 quidem
2314 2905 2552 2964 clamant
2571 2909 2655 2965 vel
2684 2909 2983 2981 respiciunt
3014 2912 3083 2966 ad
3116 2927 3203 2967 me
3231 2913 3390 2983 quasi
3412 2912 3480 2968 ad
3508 2912 3657 2967 divi-

2071 3007 2178 3055 tem
2210 3014 2269 3055 se
2307 3001 2582 3056 consolari
2622 3003 2708 3058 vel
2756 3002 3014 3072 adjuvare
3049 3004 3318 3060 valentem
3360 3021 3427 3060 ac
3454 3004 3658 3059 dehen-

2072 3099 2198 3149 tem.
2251 3092 2363 3164 Epo
2394 3110 2513 3148 vero
2556 3111 2744 3165 egenus
2789 3105 2842 3150 et
2884 3113 3083 3167 pauper
3118 3113 3255 3151 sum.
3288 3094 3417 3151 Scio
3445 3110 3537 3149 mo
3559 3096 3659 3150 de-

2070 3184 2199 3241 bere
2224 3185 2331 3241 illis
2357 3186 2712 3257 adjutorium,
2740 3198 2795 3244 et
2818 3189 3096 3256 solatium,
3140 3189 3233 3246 sed
3260 3188 3386 3243 inde
3411 3188 3652 3243 misera-

2071 3277 2196 3334 bilis
2241 3294 2428 3350 e9enus
2454 3289 2506 3340 οι
2532 3296 2730 3350 pauper
2756 3297 2894 3348 sum,
2924 3281 3071 3352 quod
3094 3280 3442 3351 constringor
3471 3280 3660 3337 debito

2073 3372 2140 3427 ad
2178 3372 2317 3427 alios
2350 3372 2673 3442 juvandum,
2704 3374 2800 3444 qui
2849 3389 2949 3430 nec
2984 3372 3338 3443 mihimetipsi
3388 3371 3660 3442 prodesse

2075 3479 2319 3534 possum,
2356 3464 2488 3535 quia
2519 3481 2708 3535 egenus
2736 3475 2787 3520 et
2829 3482 3029 3536 pauper
3052 3482 3191 3521 sum.
3241 3465 3336 3523 Est
3369 3477 3555 3523 autem
3605 3469 3661 3522 in

2075 3560 2180 3615 hoc
2205 3559 2341 3615 mihi
2371 3574 2496 3629 spes
2526 3560 2688 3617 unica
2727 3561 2919 3619 salutis
2956 3571 3011 3618 ct
3048 3563 3460 3630 consolationis,
3506 3563 3660 3634 quod

2077 3649 2332 3706 Dominus
2369 3651 2630 3708 sollicitus
2659 3663 2736 3707 ast
2763 3656 2884 3708 mei.

2150 3741 2414 3800 Hebraica
2460 3746 2661 3801 veritas
2689 3745 2892 3801 habet:
2925 3744 3135 3817 Eyenus
3176 3758 3228 3803 et
3269 3764 3473 3819 pauper
3516 3755 3663 3814 um,

2079 3835 2224 3905 quod
2249 3836 2362 3907 jam
2398 3843 2483 3891 est
2522 3836 2848 3905 expositum.
2889 3835 3087 3893 Nostra
3137 3837 3417 3893 translatio
3452 3838 3660 3893 habet:

2083 3926 2355 3983 Mendicus
2383 3943 2500 3982 sum
2539 3937 2589 3981 et
2624 3944 2842 3998 pauper,
2890 3929 3035 3999 quod
3081 3930 3155 3984 ita
3197 3929 3393 4000 exponi
3439 3937 3661 4000 potest:

2081 4019 2186 4076 Alii
2211 4036 2336 4077 cum
2370 4035 2429 4075 se
2464 4020 2674 4075 laudari
2705 4020 2936 4076 audiunt
2982 4022 3127 4092 apud
3162 4037 3223 4078 se
3257 4021 3657 4088 intumescunt,

2080 4124 2134 4171 et
2197 4129 2323 4170 cum
2392 4111 2669 4169 Pharisaeo
2703 4112 2934 4168 dicunt:
2974 4112 3190 4169 Gratias
3218 4113 3313 4169 tibi
3344 4131 3463 4186 aqo,
3491 4113 3661 4181 Deus,

2082 4206 2208 4277 quia
2230 4222 2332 4261 non
2364 4222 2482 4259 sum
2507 4207 2642 4260 sicut
2670 4206 2847 4260 coeteri
2874 4206 3146 4261 hominum
3175 4205 3327 4276 (Luc.
3354 4222 3513 4273 xvsti,
3542 4208 3661 4279 Η).

2088 4297 2199 4368 qu
2249 4306 2426 4353 autem
2484 4298 2753 4352 mendicus
2804 4314 2922 4352 sum
2970 4298 3160 4354 dicens
3207 4313 3329 4357 cum
3365 4298 3662 4369 publicano

405 4400 622 4459 licando
667 4416 734 4457 ac
760 4400 1160 4472 magnificando
1186 4416 1245 4456 se
1290 4400 1472 4471 ipsum
1501 4401 1844 4457 demonstrat
1862 4417 1981 4456 ma·
2013 4383 2058 4441 D
2087 4406 2218 4447 8⁰08
2257 4390 2495 4460 9⁰¹¹¹¹²⁰S
2538 4391 2726 4447 ⁰0u¹⁰8
2757 4391 2824 4445 Μ
2854 4390 3053 4447 0oe¹⁸¹¹¹¹
3097 4405 3208 4446 1¹⁰¹!
3232 4392 3442 4446 levante
3472 4409 3486 4445 ἓ
3516 4390 3662 4458 Qfiid

407 4509 602 4568 gnum,
634 4493 758 4559 {seu
791 4491 1160 4565 magnificum.
1209 4490 1424 4563 Semper
1462 4492 1646 4563 itaque
1678 4493 1980 4563 maqnifice-

412 4595 502 4643 tur
540 4585 798 4641 Dominus
824 4586 881 4641 iu
924 4600 1011 4653 eo,
1065 4586 1212 4657 quod
1249 4586 1642 4656 multiplicetur
1694 4601 1979 4641 servorum

412 4677 535 4750 ejus
570 4692 855 4745 uumerus,
891 4692 957 4732 ac
983 4679 1350 4749 niaqnifieetur
1389 4693 1498 4733 non
1538 4680 1604 4733 ad
1640 4677 1851 4743 horam,
1887 4680 1983 4733 sed

418 4790 614 4838 murum-r
638 4770 863 4838 quilibet
891 4786 1079 4822 siz-rrius
1107 4770 1246 4838 rJus,
1276 4769 1434 4839 cujus
1458 4779 1703 4839 respectu
1731 4770 1845 4838 ipse
1867 4784 1984 4824 ma-

422 4866 702 4938 guilirntur
738 4874 791 4918 et
815 4866 1075 4934 glorietur
1105 4862 1360 4933 ,appellari
1383 4861 1667 4917 Dominus·
1707 4861 1804 4918 Est
1829 4878 1985 4916 uam-

414 4978 522 5034 que
552 4962 694 5030 apud
730 4958 979 5010 [ansuinus-
1019 4971 1233 5026 {pinque
1255 4955 1538 5022 usitatum,
1567 4963 1648 5019 ut,
1678 4970 1801 5010 cum
1832 4954 1984 5009 vide·-

418 5062 506 5111 tur
558 5054 819 5107 honustus
855 5062 907 5103 ut
939 5050 1209 5119 preibis-us
1252 5047 1576 5119 cujusquam
1622 5046 1836 5103 Domini
1870 5063 1986 5103 scr-

418 5167 542 5211 rffi,
594 5147 714 5199 inula
766 5143 1103 5199 hi.,·z2u.1rnl·=ili=÷
1135 5156 1198 5196 nc
1239 5140 1559 5212 magnificus
1586 5150 1845 5211 appareat
1869 5140 1987 5210 ipse

422 5243 706 5295 imminua.
750 5239 891 5307 Ergu
919 5251 971 5291 ut
1003 5239 1051 5287 in
1107 5249 1384 5289 nervorum
1419 5248 1646 5288 suorum
1679 5233 1986 5288 clarificatis

422 5351 482 5387 ui:
510 5335 871 5403 *magnificatis
895 5331 1181 5384 virtutibus
1203 5328 1570 5398 maynificetur
1596 5324 1872 5392 Dominus,
1903 5326 1988 5380 dia

421 5434 547 5480 cant
566 5439 767 5496 semper
796 5440 816 5479 .·
851 5420 1222 5493 Magnificatur
1247 5417 1524 5481 Dominus,
1555 5418 1647 5489 qui
1685 5418 1875 5472 volunt
1894 5433 1987 5471 sa-

422 5520 596 5573 lutare
619 5528 791 5578 tuum.
823 5515 1064 5573 Domine.

499 5607 658 5665 Vena.
698 5609 784 5663 18.
841 5605 955 5679 Eyo
991 5623 1108 5661 vero
1136 5622 1322 5677 egenus
1351 5615 1398 5659 et
1435 5620 1630 5673 pauper
1658 5620 1796 5667 sum,
1826 5601 1986 5668 Deus,

429 5698 620 5767 adjuva
646 5716 745 5754 me.
785 5698 888 5764 llli,
929 5701 1023 5769 qui
1069 5700 1202 5754 mihi
1229 5694 1644 5767 dicuntzEuge,
1695 5711 1829 5766 cuge
1876 5695 1990 5750 sive

2084 4482 2248 4539 dico?
2296 4480 2437 4538 Deus
2473 4482 2731 4552 propitius
2760 4493 2870 4537 esto
2899 4481 3029 4535 mihi
3056 4481 3340 4550 peccatori.
3390 4479 3485 4536 Sic
3510 4498 3661 4536 men·

2083 4577 2231 4630 dicus
2261 4590 2380 4630 sum
2406 4583 2455 4629 et
2484 4591 2682 4645 pauper
2705 4574 2912 4644 iudicio
2941 4574 3182 4644 proprio,
3222 4575 3386 4631 ctiam
3414 4590 3542 4631 cum
3566 4591 3663 4629 ex·

2083 4669 2246 4726 tollor
2268 4667 2477 4738 judicio
2515 4667 2712 4722 alieno.
2754 4665 3028 4720 Mendicus
3054 4682 3175 4722 sum
3196 4680 3297 4737 pro
3317 4667 3660 4737 impetranda

2086 4769 2429 4833 peccatorum
2462 4759 2813 4831 indulgentia,
2852 4758 2947 4829 qui
2978 4759 3298 4829 magnificor
3339 4759 3484 4830 apud
3522 4759 3664 4815 alios

2084 4855 2153 4911 de
2179 4854 2443 4911 virtutum
2478 4854 2650 4925 copia.
2689 4853 2959 4909 Mendicus
3001 4869 3146 4921 sum,
3183 4868 3292 4908 non
3332 4863 3394 4909 ιιι
3433 4869 3663 4921 avarus,

2084 4949 2179 5020 qui
2213 4949 2349 5019 petit
2372 4948 2534 5005 etiam
2562 4946 2857 5017 superflua,
2889 4946 2983 5001 sed
3014 4957 3075 5002 ut
3102 4961 3306 5017 pauper
3325 4954 3519 5017 petens
3562 4963 3666 5002 ne·

2087 5042 2345 5099 cessaria.
2392 5040 2661 5095 Mendicus
2690 5046 2740 5090 et
2763 5053 2961 5107 pauper
2982 5054 3100 5091 sum
3126 5037 3255 5108 quia
3278 5046 3421 5107 peto,
3449 5047 3506 5093 et
3533 5053 3669 5093 nec-

2086 5133 2217 5190 dum
2268 5131 2596 5188 sufficienter
2646 5128 2932 5183 exauditus
2986 5142 3129 5183 sum.
3185 5126 3456 5182 Mendicus
3509 5145 3668 5192 suns,

2088 5232 2216 5300 quia
2245 5238 2399 5300 peto;
2427 5237 2477 5283 et
2504 5243 2723 5298 pauper,
2752 5226 2880 5296 quia
2909 5224 3044 5278 mihi
3090 5238 3196 5278 non
3252 5222 3481 5279 sufficio.
3534 5220 3669 5276 meo

2089 5322 2270 5377 adbuc
2298 5319 2613 5375 mendicans
2647 5317 2770 5372 dico
2805 5337 2816 5371 :

2160 5413 2388 5484 Adjutor
2413 5428 2555 5468 meus
2581 5419 2631 5465 et
2653 5418 2917 5481 protector
2936 5426 3080 5465 meus
3115 5419 3170 5463 tu
3196 5422 3291 5471 es,·
3318 5405 3454 5459 Deus
3494 5419 3669 5468 snus,

2091 5523 2154 5560 ne
2182 5505 2491 5559 tardaveris.
2529 5501 2575 5557 Ο
2598 5502 2845 5568 Domine,
2885 5502 3100 5571 adjutor
3128 5516 3271 5555 meus
3297 5513 3378 5560 es,
3400 5494 3495 5567 qui
3526 5495 3669 5549 bae-

2093 5606 2251 5652 tenus
2282 5597 2336 5650 in
2363 5595 2549 5650 multis
2574 5594 2733 5650 bouis
2773 5593 3027 5664 adjuvisti
3068 5608 3187 5657 me;
3226 5597 3488 5661 protector
3515 5602 3669 5644 ms

2091 5706 2171 5758 cs,
2217 5688 2311 5759 qui
2357 5703 2389 5742 a
2435 5687 2593 5742 malis
2633 5686 2817 5742 multis
2847 5683 3128 5755 protexisti
3171 5698 3288 5749 me;
3332 5679 3476 5734 Das
3510 5693 3668 5735 mus
