3817 6000
166 212 221 269 225
630 209 790 269 GARNEM
803 210 883 269 CAN.
904 210 986 270 REG.
1007 211 1037 271 ὓ.
1058 213 1221 273 rturunts
1239 215 1350 273 tants,

167 342 211 399 un,
229 324 284 396 ta).
297 321 349 393 Qut
360 321 470 394 quidem
496 338 544 395 per
561 324 687 381 timorem
703 326 880 398 semetipsum
909 329 994 390 abd
1010 337 1092 387 tuens
1102 329 1226 387 uitrsed
1244 340 1271 387 ει
1281 331 1372 387 tomice
1387 333 1553 390 nodomreot
1568 350 1721 409 mammon,
1742 343 1804 400 tae.
1904 376 1905 383 .

167 432 320 475 sconsurus
335 414 462 486 iugerat;
480 416 527 471 sed
554 424 643 472 tamen
658 418 808 489 requisitus
838 419 960 477 innotuit
1011 430 1130 478 tornum
1145 423 1249 479 cotutor
1261 439 1323 479 error
1347 423 1458 496 (Teren.
1470 441 1507 493 rr,
1524 426 1563 497 5).
1587 427 1658 495 Quid
1681 446 1807 506 namque

167 507 395 579 quantumctiam
409 506 644 563 timeostirnebat.
663 507 733 564 Cum
748 510 822 565 enim
843 527 877 565 ex
895 527 959 582 pec·
1010 516 1176 575 lamiasuisi
1197 518 1342 575 haereticos
1365 520 1493 591 appellat,
1520 522 1668 581 humanam
1689 528 1803 598 quidem

166 610 230 656 cato
250 613 371 670 praesens
384 612 467 669 poena
482 599 625 668 metuitur,
639 610 666 656 ει
680 602 783 659 amissa
798 601 845 658 bei
873 602 958 660 iacies
1011 605 1120 677 faciem,
1136 610 1184 667 sed
1195 610 1316 667 bettoina
1329 624 1378 682 per
1391 611 1557 683 impietatem
1582 617 1666 674 eorda
1691 630 1803 692 gestun-

166 704 221 747 non
236 698 354 757 amatur,
369 691 450 745 timor
462 704 496 745 ex
516 690 616 748 timore
647 702 700 761 εει,
720 709 775 749 non
799 710 833 751 ex
863 695 957 751 hunri-
1010 702 1154 771 tesiQuia
1173 718 1240 776 ergo
1261 704 1309 760 itio
1342 712 1475 775 tempore,
1502 706 1545 763 rei
1572 709 1684 780 quando
1704 723 1802 770 sancta

165 781 521 853 utoresdperbuqotppe,
540 784 743 855 (tripotentem
759 787 783 843 si
808 787 957 844 liceatnou
1010 793 1134 852 Ecclesia
1157 796 1323 852 adversitate
1350 797 1495 867 premitur,
1524 801 1616 871 pravis
1641 804 1803 877 quibusque

165 873 268 945 puniri,
284 886 338 928 non
358 872 469 929 deserit.
488 871 597 931 Ssdhis
616 875 804 932 sicutdictum
821 882 864 930 est
896 890 958 931 tuo·
1011 884 1527 956 predieatoribuslicentiatocntinnis
1548 889 1641 961 datur,
1668 894 1737 952 bene
1757 897 1802 951 di·
1904 892 1905 945 l

165 962 341 1034 disquatuor
365 962 456 1032 culpa,
487 972 516 1017 ut
538 963 566 1018 in
591 965 675 1021 corde
698 965 799 1036 agitur,
821 965 906 1019 eliam
923 964 951 1019 in
1010 976 1083 1032 (gitur
1099 996 1106 1032 ς
1122 976 1225 1034 Lamioe
1245 995 1375 1034 mammas
1399 980 1574 1048 nudaverunt,
1593 984 1658 1055 quia
1677 1001 1801 1043 errorem

166 1069 251 1124 opere
267 1062 451 1124 perpetratur.
474 1054 519 1111 nir
533 1056 625 1111 euim:
643 1056 732 1122 Quare
744 1072 808 1127 ,non
833 1056 861 1110 io
878 1053 957 1110 veina
1010 1084 1091 1125 suum
1103 1071 1180 1141 pravi
1191 1071 1383 1142 mercatores
1393 1073 1479 1131 libel-0
1491 1075 1650 1146 praedicam,
1660 1077 1739 1137 Tunc
1750 1095 1801 1138 ω.

166 1154 386 1207 nortemanni?
401 1150 487 1208 Vutra
501 1153 602 1224 quippe
619 1163 662 1209 est
679 1154 819 1224 peccantis
836 1151 957 1208 bominis
1010 1162 1208 1231 eulogiarum,
1226 1165 1291 1235 quia
1310 1168 1381 1224 mate
1395 1184 1526 1241 sequaces
1545 1173 1721 1240 parvulorum
1737 1175 1801 1230 ani.

167 1245 247 1315 crdpa
274 1245 363 1301 latens
383 1261 445 1316 quae
465 1245 573 1302 occuito
597 1254 769 1315 peccatorem
783 1245 914 1315 concipit,
930 1253 958 1301 et
1011 1266 1081 1315 mas,
1095 1251 1162 1307 dunt
1180 1268 1308 1324 peruersa
1320 1257 1471 1327 insinuant,
1501 1259 1535 1315 ad
1560 1260 1727 1332 impietatem
1745 1274 1802 1321 nu*

166 1345 273 1393 reatum
289 1354 369 1394 suum
382 1338 472 1394 adhue
484 1338 511 1391 in
526 1338 648 1393 tenebris
660 1338 813 1394 abscondit.
828 1337 957 1409 Egressus
1009 1342 1117 1400 trisndo
1127 1345 1303 1402 confirmant.

138 1480 140 1487 ,
165 1444 199 1483 ee
212 1439 287 1485 utero
297 1447 349 1485 nou
363 1432 456 1487 rtatim
470 1430 557 1501 perii?
572 1429 593 1484 d
608 1430 688 1486 vuira
708 1431 744 1486 de
763 1439 842 1486 utero
849 1431 955 1498 exitur,
1235 1437 1317 1510 300
1334 1436 1450 1495 CAPUT
1467 1436 1559 1498 ΧΗ),

166 1532 229 1574 cnm
246 1530 385 1589 peccator,
417 1535 479 1591 quae
504 1521 531 1576 in
554 1518 676 1590 occuito}
689 1520 870 1586 commiserit,
898 1521 958 1578 baec
1325 1543 1360 1584 ns
1378 1544 1482 1588 cosrrs.

167 1610 251 1667 etiam
279 1612 306 1666 in
323 1620 418 1682 aperto
432 1614 604 1669 committere
625 1627 680 1666 non
701 1611 849 1668 erubescit.
871 1611 955 1680 Quasi
1044 1618 1120 1691 (555)
1136 1618 1282 1676 Gestarum
1296 1622 1407 1679 nomine
1424 1623 1509 1679 animi
1535 1640 1634 1685 sensus
1652 1628 1802 1701 designan-

165 1702 240 1758 enim
259 1701 295 1758 ab
305 1703 497 1759 occultationis
514 1719 573 1760 succ
593 1704 675 1759 rutra
698 1713 900 1775 processerant,
922 1705 957 1762 de
1009 1718 1063 1778 tur,
1077 1710 1149 1768 sicut
1162 1711 1189 1768 in
1201 1711 1272 1768 libro
1296 1712 1367 1769 beati
1391 1712 1442 1771 Job
1462 1730 1511 1787 per
1526 1716 1638 1789 Eiipiraz
1656 1720 1691 1776 de
1705 1722 1801 1795 iniquo

166 1793 268 1864 quibus
282 1794 418 1865 propbeta
433 1794 541 1852 dicebat
556 1794 610 1851 :Et
633 1804 770 1865 peccaturo
787 1811 866 1851 rorum
880 1797 959 1867 quoti
1007 1802 1109 1859 dicitur
1124 1802 1304 1859 :Atrenrrcrrtr
1313 1805 1385 1875 fonte
1398 1805 1478 1862 robur
1496 1808 1566 1879 ejus,
1579 1820 1605 1865 ει
1623 1811 1713 1867 inedia
1724 1814 1801 1870 ineo-

167 1884 287 1940 Sodoma
299 1886 510 1956 praedocuerunt
522 1884 592 1957 (Ιεα.
606 1902 649 1955 ur,
663 1887 702 1954 9).
717 1886 905 1960 Curcsceptur
916 1904 959 1960 ge-
1008 1892 1057 1947 dot
1075 1901 1162 1948 certor
1188 1892 1262 1949 iiiios
1283 1894 1344 1963 (tot
1359 1910 1439 1966 xrtn,
1462 1898 1518 1965 ts).
1545 1899 1693 1973 Scriptum
1713 1916 1801 1962 sacrae

163 1976 241 2033 nibus
253 1979 266 2032 i
278 1977 413 2034 Nimirum
431 1987 571 2051 peccator,
589 1992 653 2036 cum
669 1980 726 2050 jans
750 1980 785 2035 de
811 1980 957 2051 iniquitate
1008 1998 1085 2041 more
1098 1993 1193 2056 optare
1203 1984 1320 2055 videtur,
1339 1989 1413 2060 quod
1428 1991 1557 2062 presidet
1581 1991 1720 2063 iuturunr,
1744 1996 1801 2053 sci·

162 2082 213 2123 sua
228 2082 282 2124 non
293 2068 481 2137 contunditur,
501 2070 528 2125 in
540 2069 686 2141 iniquitate
698 2072 794 2128 eadem
805 2070 888 2126 etiarn
910 2072 957 2127 ad·
1006 2074 1070 2131 lieet
1086 2088 1142 2132 non
1157 2078 1346 2136 maledicentis
1357 2081 1461 2151 animo,
1475 2083 1521 2139 sed
1535 2084 1717 2155 predicentis.
1731 2085 1800 2143 0m·

163 2157 437 2228 minicutisprssimae
452 2161 660 2216 consuetudinis
684 2160 840 2216 roboratur.
869 2160 956 2228 Quasi
1006 2166 1051 2224 nis
1065 2166 1156 2240 itaque
1173 2168 1257 2226 bomo
1268 2168 1361 2242 quiex
1386 2174 1477 2231 anima
1499 2185 1528 2232 ει
1548 2190 1632 2234 carue
1661 2180 1798 2248 consistit,

164 2249 239 2306 enim
256 2251 373 2321 genibus
398 2261 527 2322 peccator
546 2251 666 2318 iuretur,
691 2261 722 2308 ut
750 2261 865 2320 crescat,
889 2254 955 2309 dum
1006 2261 1085 2330 quasi
1100 2275 1134 2316 ex
1150 2261 1249 2319 robore
1262 2270 1289 2319 ει
1313 2263 1472 2322 inormitate
1490 2269 1659 2339 compositus
1680 2279 1731 2328 est.
1756 2269 1798 2327 Ex

161 2341 241 2412 culpa
263 2343 509 2399 consuetudinibus
530 2342 655 2399 domatur
666 2341 703 2399 'ut
719 2344 819 2414 rigeat.
845 2342 900 2400 Gur
912 2343 957 2398 1⁰-
1005 2364 1039 2407 ea
1051 2351 1125 2408 enim
1140 2360 1228 2423 parte,
1243 2355 1421 2426 quaspiritus
1450 2358 1594 2414 rationalis
1611 2368 1655 2416 est
1670 2360 1799 2418 conditos

161 2433 385 2490 croterrberibrtr
400 2433 568 2502 tQuiadum
589 2435 699 2506 prodire
721 2435 801 2505 culpa
821 2437 850 2491 in
873 2450 953 2492 usum
1005 2450 1061 2498 n'on
1075 2442 1491 2516 incongruediciturrobustus3
1518 2464 1552 2504 ex
1575 2463 1607 2504 ea
1638 2464 1714 2516 vero,
1743 2466 1798 2521 qua

162 2525 288 2598 coperit,
307 2527 439 2582 nimirum
459 2542 490 2583 se
511 2527 555 2583 rel
570 2526 641 2583 salsa
657 2542 706 2599 spe
727 2527 828 2584 ditinae
846 2528 956 2584 miseri·
1006 2530 1126 2588 carnaiis
1138 2541 1191 2601 εει,
1207 2533 1333 2591 inssrmus
1344 2542 1396 2591 est.
1411 2534 1506 2593 Robur
1519 2553 1586 2606 ergo
1607 2539 1728 2597 borninis
1755 2552 1800 2597 est

161 2616 330 2682 condiceret
344 2617 562 2688 apertamiseria
578 2616 782 2688 desperationis
797 2619 897 2690 pascit,
923 2628 955 2674 ut
1006 2621 1099 2679 anima
1111 2623 1264 2693 rationalis,
1290 2640 1352 2697 qun
1369 2625 1592 2696 impugnantibus
1613 2627 1686 2685 vitiis
1710 2628 1797 2685 rosis·

161 2724 196 2766 eo
209 2725 381 2782 nequaquam
409 2710 444 2766 ad
478 2709 676 2766 correctionem
703 2710 807 2779 redeat,
831 2724 888 2783 quo
911 2711 954 2766 rei
1005 2720 1063 2768 tere
1074 2720 1122 2784 per
1134 2715 1268 2771 rationem
1284 2716 1366 2783 ra'lct,
1381 2715 1466 2787 brrjut
1484 2724 1575 2773 autem
1603 2717 1690 2789 iniqui
1710 2719 1798 2777 robur

161 2800 295 2858 iactorem
310 2818 390 2859 suurn
404 2802 480 2874 pium
494 2802 548 2859 sibi
561 2803 685 2870 simulat,
703 2803 745 2858 rel
761 2803 813 2858 hoc
826 2803 900 2873 quod
915 2802 955 2858 ie·
1006 2800 1081 2859 tame
1094 2810 1262 2871 attenuatur,
1277 2806 1342 2877 quia
1356 2805 1418 2877 ejus
1432 2806 1534 2875 anima,
1547 2806 1622 2863 nulia
1637 2808 1739 2864 interni
1753 2811 1796 2866 ci·

161 2895 200 2951 cit
223 2895 377 2951 inordinate
406 2894 545 2951 formidat.
563 2880 663 2952 t'testm
683 2896 767 2968 igitur
794 2898 837 2954 vir
853 2899 952 2954 bunna·
1004 2890 1196 2951 bireiectione
1217 2895 1350 2966 pascitur.
1370 2893 1410 2952 De
1427 2911 1483 2967 qua
1504 2896 1609 2954 scilieet
1625 2895 1698 2955 ianae
1722 2898 1796 2957 Deus

160 2988 188 3043 ni
210 2987 323 3060 'generis
347 2987 441 3057 lapsus
465 2987 576 3058 aspicit,
609 2996 636 3044 et
662 2988 764 3060 quibus
795 2990 987 3069 precipitiisc
1003 2995 1052 3054 per
1066 2984 1227 3057 propnetam
1244 2985 1556 3059 loquiturziotrnittont
1570 2988 1668 3060 scurror
1695 2991 1722 3046 in
1743 3000 1797 3046 ter·

162 3096 286 3136 mersum
299 3080 334 3135 sit
348 3081 375 3135 in
388 3079 495 3135 foveam
520 3079 685 3151 iniquitatis,
704 3081 821 3137 intendit
833 3081 951 3139 dicens:
1004 3089 1074 3143 ram.
1092 3089 1145 3131 noo
1158 3078 1255 3147 fantem
1267 3080 1356 3149 ponis,
1374 3095 1456 3151 oeque
1472 3082 1546 3137 sitim
1567 3097 1654 3153 oque,
1678 3082 1724 3137 red
1744 3098 1796 3137 ort-

163 3171 252 3239 Quore
268 3188 320 3227 tren
331 3173 359 3226 in
373 3170 450 3228 noluo
466 3181 585 3227 mortona
597 3172 713 3229 aunt?ld
729 3183 770 3230 est
785 3173 813 3230 in
833 3175 892 3245 ipsa
906 3189 955 3231 oc·
1004 3167 1096 3224 ‘fiendi
1108 3169 1214 3224 derium
1232 3168 1292 3226 Μ·
1319 3168 1393 3228 Βθῦθ
1417 3179 1509 3228 ὓῑῐῑθῐΰ
1532 3173 1659 3230 Wlfflin?
1676 3173 1796 3232 :Inedia

161 3264 234 3320 culm
247 3264 449 3335 perpetratione
465 3263 579 3334 peccati,
595 3278 676 3319 cura
696 3263 789 3321 parnis
807 3265 862 3321 vita
877 3279 946 3321 mor·
1004 3259 1114 3313 invalui
1136 3269 1223 3316 estitit
1252 3260 1339 3317 iuius.
1361 3260 1451 3318 Costae
1477 3263 1551 3318 enim
1575 3263 1796 3337 uniuscujusque

160 3355 264 3412 titicare
279 3372 323 3413 me
338 3357 439 3414 notuit
456 3353 491 3410 Er
502 3372 621 3427 egressus
637 3369 671 3411 ee
694 3364 768 3411 utero
783 3367 836 3412 nen
859 3357 953 3412 stetim
1004 3359 1179 3409 suntsensus
1191 3353 1302 3421 anime,
1320 3354 1369 3424 qui
1387 3353 1503 3410 intentes
1529 3354 1708 3427 cogitationes
1729 3372 1794 3415 mu·
1904 3389 1905 3394 κ

159 3449 255 3520 perii?
274 3447 302 3504 ld
327 3456 371 3505 est
398 3457 543 3520 postquam
570 3447 604 3505 ad
634 3453 756 3519 apertam
779 3448 952 3520 iniquitaten
1005 3442 1094 3501 niuot.
1111 3444 1204 3501 Inedia
1217 3444 1299 3515 igitur
1319 3446 1422 3503 inuadit
1450 3454 1553 3515 costas,
1581 3446 1690 3518 quando
1717 3450 1795 3507 omni

159 3539 227 3603 exii,
242 3555 291 3594 cur
306 3553 350 3594 me
367 3547 433 3595 tone
455 3540 552 3596 saltem
577 3540 714 3610 perditum
738 3554 793 3596 non
813 3540 954 3604 cognorit
1004 3538 1144 3610 spirituaii
1158 3537 1308 3596 reiectione
1325 3539 1465 3596 subtracta
1490 3553 1589 3595 sensus
1605 3539 1705 3596 mentis
1724 3540 1793 3596 ded·

159 3629 243 3701 299
258 3629 381 3688 Perisset
400 3631 501 3703 quippe
524 3632 550 3686 in
568 3647 619 3687 suo
630 3631 746 3703 judicio,
768 3632 793 3688 si
816 3647 846 3688 se
859 3633 953 3703 perdi-
1005 3631 1094 3697 ciunt,
1113 3639 1141 3684 et
1159 3628 1339 3701 cogitationes
1356 3641 1422 3686 suas
1447 3641 1553 3700 regere,
1579 3629 1621 3684 vei
1650 3630 1721 3686 tueri
1738 3645 1793 3687 non

159 3731 218 3780 tum
234 3724 416 3796 cognovisset.
429 3724 484 3781 Cor
494 3732 618 3797 exceptus
631 3724 740 3797 genibus
752 3724 805 3781 rtd
817 3735 860 3782 est
869 3724 952 3782 etiam
1003 3729 1130 3792 possunt.
1147 3719 1238 3777 inedie
1251 3719 1356 3777 inuadit
1382 3720 1469 3792 iniqui
1481 3719 1585 3786 costas,
1612 3721 1677 3792 quia
1704 3721 1794 3778 fames

159 3825 224 3887 post
238 3826 362 3887 apertam
377 3818 497 3888 cuipam,
511 3833 561 3873 rur
585 3817 730 3874 meadiruc
745 3818 773 3873 in
797 3817 843 3874 illa
868 3818 953 3874 etiam
1004 3812 1112 3869 interna
1135 3828 1235 3869 sensus
1261 3813 1362 3869 mentis
1383 3820 1522 3882 extenuat,
1553 3821 1584 3870 ut
1613 3812 1793 3885 cogitationes

159 3909 334 3965 consuetudo
362 3908 496 3982 suscepit,
513 3918 543 3965 ut
560 3908 739 3966 vaieutiorem
761 3908 796 3964 ad
815 3909 953 3980 nequitias
1003 3917 1070 3961 suas
1090 3904 1246 3961 nullatenus
1274 3912 1361 3974 regat.
1386 3902 1455 3960 Nem
1484 3904 1551 3961 dum
1578 3918 1678 3962 sensus
1693 3907 1792 3964 mentis

159 4000 297 4069 redderet,
321 4010 348 4058 et
360 4002 455 4072 prauis
480 4017 524 4057 me
547 4000 645 4058 usibus
665 4001 807 4056 sustinens
828 3998 953 4055 inseret?
1002 3996 1095 4052 obtusi
1109 3995 1222 4061 inerint,
1236 3994 1417 4067 cogitationes
1434 3995 1468 4051 ad
1480 3995 1617 4052 exteriora
1632 3996 1790 4067 prodeunt,

160 4093 346 4152 Curiortetos
370 4095 493 4151 obedies
510 4092 562 4150 rtd
579 4101 623 4150 est
645 4101 791 4163 postquam
813 4092 840 4147 in
864 4091 952 4162 cuipas
1003 4089 1123 4161 etquasi
1151 4087 1236 4146 costis
1258 4087 1462 4145 intirmantibus
1487 4103 1531 4157 ea,
1562 4089 1667 4160 quein
1685 4090 1794 4146 occuito

160 4190 387 4249 consuetudinem
402 4189 475 4256 reui,
488 4204 538 4244 cur
549 4202 594 4243 me
609 4187 644 4242 ad
660 4185 825 4242 atrociorem
851 4186 951 4257 nequi·
1001 4196 1070 4240 sana
1085 4183 1170 4238 tatere
1184 4189 1320 4253 poterant,
1332 4179 1520 4238 iurasriseera
1534 4179 1696 4238 tunduntur.
1716 4181 1794 4239 Unde

160 4281 240 4345 uiam,
251 4283 295 4338 rel
308 4281 384 4338 iaisre
395 4282 452 4351 spei
469 4279 579 4346 fidncia,
594 4282 637 4334 rel
660 4278 731 4335 lacte
755 4279 865 4335 misere
888 4278 951 4335 des·
1001 4276 1033 4331 to
1053 4284 1094 4343 ut,
1119 4274 1333 4349 cogitationibus
1352 4274 1474 4331 exterius
1496 4275 1612 4345 sparsis,
1646 4274 1792 4330 exterioris

160 4373 310 4446 pensionis
320 4373 457 4430 enutriri!
967 4357 1098 4441 Dgtorite
1124 4369 1215 4440 specie
1238 4368 1368 4440 deeeptus
1392 4375 1502 4439 appetat
1528 4366 1649 4436 animus,
1670 4366 1793 4438 nihilque

197 4466 273 4538 (552)
294 4465 416 4523 Uberum
444 4463 556 4521 nomine
577 4463 667 4520 sanni
689 4463 882 4536 predicatores
904 4463 952 4520 dc·
1002 4459 1109 4534 diiigat,
1126 4460 1266 4531 nisiqned
1282 4459 1428 4531 petrinum
1443 4457 1512 4514 ieris
1529 4458 1637 4516 viderit.

160 4559 316 4631 signantur,
329 4559 402 4616 sicut
426 4557 589 4614 incanticis
606 4556 777 4614 canticorum
800 4571 903 4629 sponsu
918 4556 952 4615 de
1226 4553 1306 4628 θοι
1328 4551 1442 4610 CAPUT
1461 4551 1567 4608 xtvtt.

160 4651 230 4723 ipsis
242 4651 344 4706 dicitnr
359 4668 367 4706 ε
381 4648 496 4706 lieiioro
507 4659 568 4704 roret
584 4649 665 4704 ebera
678 4658 724 4704 tuo
747 4649 809 4705 cirre
826 4646 917 4718 (Cous.
930 4665 951 4716 r,
1322 4661 1356 4701 nn
1377 4659 1475 4701 urere.

162 4744 200 4814 i).
220 4743 358 4799 lstacnim
384 4752 452 4799 suut
475 4743 570 4810 ubera,
592 4757 654 4813 quae
678 4740 706 4795 in
730 4757 794 4797 arca
816 4739 951 4797 Dominici
1038 4736 1115 4809 (555)
1129 4735 1206 4793 Uteri
1218 4736 1465 4795 reminesceretus
1478 4735 1574 4809 gratie
1591 4734 1638 4792 Dei
1651 4733 1730 4790 sinus
1742 4733 1792 4789 de·

160 4836 281 4910 pectoris
294 4835 360 4904 dra,
377 4836 448 4893 lacte
460 4844 622 4907 nospotant
646 4833 738 4904 :quie
764 4832 817 4904 ipsi
843 4833 952 4890 arcanis
1003 4826 1138 4899 signatur,
1152 4827 1303 4886 sicutsuee
1323 4826 1465 4884 bomtntcn
1480 4827 1515 4883 ad
1540 4826 1651 4882 beatum
1664 4822 1716 4879 tob
1741 4824 1795 4882 sub

161 4941 278 4985 summe
298 4927 540 4997 comemplationis
562 4926 739 4992 inherentes,
772 4924 866 4982 subtili
899 4940 951 4983 nos
1003 4919 1217 4992 interrogatione
1236 4918 1337 4980 dieitur
1354 4936 1362 4975 r
1377 4918 1416 4975 De
1441 4919 1517 4990 cojer
1534 4927 1609 4974 erere
1633 4931 1738 4987 eqrerro
1754 4922 1794 4969 ert

161 5018 357 5092 predicatione
367 5018 503 5074 nutriunt.
1002 5012 1100 5085 pieres
1117 5009 1179 5080 (iob
1192 5024 1307 5079 xrxrrn,
1320 5010 1378 5083 29).
1390 5008 1461 5077 Quid
1484 5007 1558 5063 enim
1579 5007 1611 5063 in
1632 5015 1723 5074 utero,
1739 5005 1794 5062 nisi

443 5107 558 5167 catur
577 5107 659 5165 XLV.
1002 5102 1081 5160 sinus
1093 5100 1189 5174 gretie
1201 5098 1438 5171 aecipitnriQuid
1461 5098 1488 5154 in
1508 5097 1597 5169 glacie
1612 5095 1665 5153 nisi
1682 5094 1791 5167 frigida,

469 5217 505 5258 nn
523 5218 635 5260 neuros.
1000 5195 1162 5268 etperiidiar
1173 5203 1283 5265 torpore
1293 5191 1442 5250 constricta
1453 5190 1633 5263 intelligimus
1646 5187 1732 5245 conia
1741 5185 1795 5243 Ju-

196 5294 272 5368 (555)
291 5293 472 5350 Mammarum
484 5292 595 5351 nomine
614 5294 718 5351 erroris
733 5292 892 5365 predicatio
903 5294 952 5350 dc·
1001 5285 1147 5344 dacorum?
1179 5286 1232 5353 Qui
1264 5282 1404 5357 quondam
1428 5295 1477 5353 per
1502 5284 1689 5355 aceepttonem
1712 5277 1793 5348 tegis,

162 5384 296 5456 signatur,
309 5387 381 5442 sicut
396 5394 513 5442 testatur
524 5385 570 5458 qui
585 5399 732 5457 pravorum
741 5385 950 5455 predicatorum
1001 5395 1051 5452 per
1065 5376 1434 5443 custodiammandatbrum,
1449 5390 1498 5446 per
1508 5374 1662 5431 ministeria
1676 5368 1794 5442 propbe-

162 5474 216 5533 sub
227 5477 397 5533 Antichristo
420 5476 558 5533 licentium
574 5477 723 5534 locutionis
741 5476 804 5546 teng
833 5475 951 5531 autein·
1002 5471 1048 5527 tie
1072 5471 1114 5529 sie
1139 5472 1211 5526 intra
1237 5467 1328 5524 sinum
1352 5466 1447 5537 grette
1469 5466 1549 5537 qnasi
1578 5466 1651 5523 iutra
1682 5470 1793 5519 uterum

198 5589 275 5659 (55Ξ)
286 5588 327 5647 Ex
341 5608 365 5646 c.
386 5608 414 5658 x,
425 5590 443 5645 1.
465 5607 530 5657 xxx,
544 5591 571 5646 iu
583 5588 647 5653 too.
665 5589 710 5644 22.
1039 5584 1103 5724 (55(
1134 5582 1173 5637 Ex
1190 5598 1214 5638 c.
1235 5598 1283 5647 sn,
1303 5579 1323 5635 i.
1343 5596 1398 5647 ιιι,
1415 5579 1447 5662 ‚in
1462 5577 1524 5634 lob.

201 5659 276 5727 (555)
295 5657 334 5715 Ex
345 5678 372 5716 c.
383 5677 415 5728 n,
427 5661 473 5716 tin.
491 5677 548 5728 xrs,
562 5659 592 5715 in
607 5658 667 5730 iub,
685 5659 727 5713 ts.
1050 5654 1104 5711 555
1129 5652 1167 5707 Er
1187 5668 1212 5707 r.
1231 5668 1275 5716 rr,
1288 5651 1307 5706 Ι.
1322 5665 1398 5719 εειε,
1413 5665 1441 5705 rn
1456 5647 1517 5716 inb,
1532 5649 1578 5703 so.
