3817 6000
130 268 262 324 toti

783 262 1340 321 COMMENTARUJM
1376 262 1443 318 ΙΝ
1480 260 1819 320 PSALMOS.
1852 284 1939 304 ¹—-
1982 261 2163 317 PARS
2202 261 2297 318 Vl.
2339 292 2409 303 —
2444 263 2641 319 PSAL.
2682 262 2809 319 Llll.

3243 268 3266 322 1
3277 266 3384 323 6⁴2

128 398 398 456 gnoseens
419 381 566 439 fovet
606 398 671 439 ac
703 384 875 440 nutrit
905 401 921 437 z
964 382 1058 453 qui
1108 391 1290 437 autem
1327 397 1358 437 a
1386 381 1557 437 radiis
1584 379 1706 452 eius
1733 388 1782 444 Α
1808 379 2130 450 philacteria
2184 387 2239 434 et
2292 379 2692 451 magnificando
2745 379 3007 436 limbrias.
3041 379 3154 452 Ego
3198 390 3379 436 autem

124 474 430 530 claritatem
478 473 621 530 lucis
664 472 807 528 serre
849 487 963 528 non
1009 473 1198 528 valens
1244 472 1435 528 oculos
1478 472 1703 537 avertit,

125 566 276 623 hunc
309 566 531 639 projicit
576 567 734 638 quasi
782 565 1172 622 adulterinum.
1224 564 1292 620 Et
1320 573 1400 633 tu,
1433 564 1703 631 Salvator,

127 657 297 714 babes
341 656 536 714 faciem
580 658 738 729 qnasi
787 657 987 729 aquilae
1012 657 1269 721 volantia,
1318 656 1571 727 filiosque
1607 671 1704 711 seu

125 746 306 818 pullos
335 762 467 804 suos
513 747 871 819 dijudicantis
917 747 971 801 in
1007 747 1203 803 ultimo
1233 747 1505 813 examine,
1541 754 1705 817 atque

127 845 259 893 tunc
289 837 495 892 lucebis
525 843 605 903 tu,
628 837 884 906 splendor
906 847 1155 909 paternae
1188 837 1393 909 gloriae,
1430 838 1485 892 in
1509 839 1704 892 virtute

127 936 241 982 tua.
296 924 618 983 Praecedunt
644 942 776 982 vero
822 928 965 983 banc
1008 927 1204 982 faciem
1246 936 1396 982 tuam
1434 938 1547 984 tres
1584 929 1705 984 aliae

122 1018 297 1077 facies
343 1027 635 1090 operantes
678 1020 910 1075 salutem
956 1020 1012 1074 in
1063 1019 1243 1075 medio
1282 1029 1460 1075 terrae.
1513 1018 1703 1076 Facies

122 1109 388 1176 bominis,
414 1111 573 1166 bovis
598 1120 653 1167 et
691 1111 887 1177 leoniS,
927 1111 981 1166 in
1018 1111 1220 1182 quibus
1256 1111 1432 1166 tribus
1460 1111 1703 1167 laciebus

121 1205 475 1275 cognoscitur
505 1205 609 1261 boc
633 1222 820 1259 nomen
854 1214 1033 1269 tuum,
1062 1205 1210 1276 quod
1237 1214 1320 1261 est
1360 1203 1541 1273 Jesus,
1569 1205 1699 1260 dum

122 1304 181 1352 tu
199 1295 386 1353 Iactus
414 1297 579 1352 bomo
603 1312 703 1353 nos
727 1297 984 1360 visitasti,
1015 1297 1115 1354 bos
1143 1296 1461 1353 immolatus
1485 1305 1705 1369 propter

120 1387 323 1443 delicta
356 1397 565 1455 nostra,
598 1390 685 1445 leo
712 1388 1065 1445 resurrexisti
1104 1398 1323 1461 propter
1358 1389 1703 1460 justificatio-

119 1493 249 1533 nem
287 1488 555 1534 nostram.
603 1478 693 1535 Sic
726 1494 857 1551 ergo
899 1479 1106 1534 visitati
1146 1489 1199 1535 et
1228 1480 1430 1537 ablutis
1463 1481 1702 1550 peccatis

115 1569 404 1640 iustificati
440 1571 637 1628 faciem
674 1582 825 1629 tuam
862 1572 1161 1642 aquilinam
1209 1573 1466 1630 videbunt
1499 1575 1697 1630 securi.

119 1662 180 1718 ln
204 1678 312 1734 qua
344 1663 487 1719 facie
510 1673 565 1719 tu
589 1665 879 1735 apparebis
907 1674 1037 1720 tunc
1062 1680 1174 1722 non
1204 1663 1458 1721 Salvator
1485 1668 1579 1723 sed
1605 1667 1702 1722 Ju-

119 1755 247 1811 dex.
303 1753 476 1824 Unde,
526 1770 651 1812 cum
684 1757 831 1813 velut
877 1758 1058 1832 aquila
1102 1759 1157 1815 in
1203 1760 1372 1815 altum
1409 1760 1700 1818 ascendisti

117 1845 433 1904 videntibus
464 1848 751 1918 apostolis,
794 1849 984 1908 electis
1013 1852 1177 1922 pullis
1210 1853 1338 1921 tuis,
1369 1871 1390 1905 ι
1433 1869 1560 1910 ecce
1590 1855 1700 1911 duo

115 1938 224 1993 viri
253 1939 546 1995 astiterunt
569 1939 729 2010 juxta
772 1941 898 1997 illos
942 1943 998 1997 in
1030 1944 1276 2001 vestibus
1318 1945 1477 2015 albis,
1510 1947 1603 2018 qui
1645 1957 1700 2003 et

116 2028 412 2087 dixerunt:
446 2029 539 2089 Sic
577 2033 779 2099 veniet,
819 2037 1280 2105 quemadmodum
1314 2038 1533 2096 vidistis
1572 2056 1698 2095 eum

115 2131 338 2179 euntem
368 2124 422 2179 in
451 2126 651 2182 coelum
678 2125 822 2197 (Act.
853 2144 893 2197 1,
923 2127 1014 2196 10,
1040 2129 1151 2200 11).
1184 2151 1204 2183 ι
1237 2130 1378 2198 Quia
1411 2148 1542 2204 ergo
1569 2149 1699 2189 ven-

115 2223 278 2273 turus
298 2233 357 2274 es
382 2228 443 2275 ut
492 2238 511 2272 t
548 2220 731 2292 aquila
763 2238 1069 2293 provocans
1090 2224 1159 2281 ad
1200 2226 1492 2283 volandum
1522 2228 1699 2300 pullos

113 2322 254 2364 suos
281 2317 334 2363 et
359 2325 526 2380 super
552 2327 649 2368 eos
671 2313 905 2370 volitans
928 2314 1106 2383 (Dent.
1127 2328 1305 2384 xxxix,
1325 2318 1470 2391 11),‹
1495 2320 1698 2390 quibus

113 2406 174 2454 et
204 2399 391 2456 dices:
444 2420 463 2453 ι
505 2400 714 2471 Venite,
739 2404 1011 2461 benedicti
1051 2404 1230 2463 Patris
1267 2408 1397 2474 mei,
1438 2411 1699 2480 percipite

115 2506 373 2562 regnum,
401 2493 550 2563 quod
581 2495 739 2551 iobis
760 2504 1010 2566 paratum
1038 2506 1144 2554 est.
1180 2517 1199 2551 ι
1235 2498 1303 2554 Ει
1332 2499 1463 2556 item
1486 2501 1699 2558 adulte-

118 2584 257 2638 rinis
279 2583 487 2653 pullis:
525 2602 543 2636 «ι
581 2585 676 2653 lte,
701 2585 993 2656 maledicti,
1029 2588 1083 2644 in
1131 2588 1310 2661 ignem
1349 2599 1633 2662 aeternum,
1671 2611 1692 2646 ι

114 2694 241 2748 qnae
268 2694 375 2733 vox
402 2676 616 2733 Domini
638 2678 696 2735 in
726 2680 947 2751 virtute,
978 2699 1083 2740 vox
1115 2683 1332 2741 Domini
1359 2687 1416 2742 in
1441 2688 1697 2759 magnifi-

113 2772 294 2828 centia
320 2780 483 2827 tantae
506 2769 845 2830 fortitudinis
888 2784 1017 2832 tunc
1057 2777 1183 2844 erit,
1215 2778 1479 2836 utnullus
1506 2787 1695 2834 contra

113 2879 239 2922 eam
279 2873 424 2920 stare
473 2865 670 2935 possit,
699 2867 831 2938 quia
887 2886 906 2921 ‹
958 2868 1116 2923 ibunt
1159 2869 1215 2924 bi
1264 2874 1318 2924 in
1366 2870 1696 2942 supplicium

113 2969 401 3024 aeternum,
444 2954 580 3026 ,iusti
623 2967 805 3015 autem
847 2958 905 3015 in
951 2959 1118 3015 vitam
1167 2969 1427 3017 aeternam
1474 2960 1694 3035 (ΜαιεΙι.

116 3051 270 3124 xxv).
306 3071 325 3105 ι

189 3144 522 3218 Priusquam
550 3146 633 3202 sic
657 3161 745 3202 me
761 3146 970 3216 judices
993 3147 1049 3201 in
1074 3147 1266 3202 virtute
1299 3158 1413 3215 tua,
1445 3148 1594 3204 salva
1617 3165 1697 3204 me

117 3239 176 3291 in
204 3240 415 3293 nomine
440 3247 549 3304 tuo,
574 3252 685 3308 quo
708 3236 907 3293 diceris
932 3238 1114 3304 bomo,
1142 3237 1264 3306 bOS,
1296 3238 1401 3305 leo,
1428 3238 1698 3295 visitando

117 3346 208 3387 me
236 3331 511 3386 hominem
532 3340 593 3387 tu
616 3331 782 3387 homo
809 3330 863 3386 in
885 3330 1224 3402 aegritudinis
1245 3331 1404 3397 lecto,
1426 3331 1696 3402 expiando

114 3432 175 3479 tu
206 3422 306 3478 bos
344 3422 638 3479 victimalis
681 3423 752 3478 ab
798 3420 1104 3493 iniquitatis
1142 3421 1315 3492 lepra,
1342 3420 1695 3491 justificando

113 3516 415 3573 tirtutibus
448 3516 664 3573 collatis
696 3526 753 3572 tu
789 3515 897 3583 leo,
925 3530 1021 3570 rex
1047 3514 1294 3586 justitiae,
1325 3513 1553 3571 Domine
1579 3514 1694 3570 vir-

116 3618 321 3677 tutum,
347 3623 442 3664 rex
476 3607 683 3680 gloriae.
714 3605 933 3672 Postea,
961 3605 1183 3678 quando
1211 3605 1389 3676 placet
1423 3605 1695 3675 majestati

115 3711 245 3768 tuae,
275 3702 329 3756 ιἰι
374 3701 567 3756 virtute
610 3711 704 3755 tua
737 3698 928 3770 judica
964 3715 1044 3753 me
1089 3698 1233 3755 sicut
1276 3698 1457 3769 aquila
1485 3698 1691 3769 pullum

114 3808 306 3858 suum,
346 3792 538 3862 judica
569 3808 649 3846 me
689 3792 747 3845 in
787 3792 980 3845 virtute
1018 3799 1132 3856 tua,
1161 3791 1240 3845 sol
1284 3790 1527 3861 justitiae,
1564 3789 1694 3861 quia

113 3896 280 3953 spero
329 3897 415 3937 me
458 3896 621 3952 posse
650 3880 834 3936 videre
884 3880 1079 3936 faciem
1122 3889 1272 3935 tuam
1312 3882 1366 3934 in
1406 3881 1615 3946 virtute,
1645 3880 1691 3936 si

115 3989 267 4029 nunc
296 3974 476 4029 virtus
501 3973 568 4029 de
610 3982 661 4030 te
685 3973 943 4046 procedat
986 3973 1054 4027 ad
1085 3988 1172 4028 me
1199 3971 1524 4038 sanandum,
1554 3971 1695 4028 sicut

115 4067 314 4138 legeris
339 4067 566 4134 dixisse,
598 4068 819 4138 quando
842 4067 1039 4123 mulier
1073 4075 1216 4121 tacta
1249 4065 1460 4120 fimbria
1486 4073 1578 4120 tua
1600 4081 1691 4120 sa·

114 4168 243 4216 nata
273 4168 395 4215 cst:
436 4181 453 4211 ι
487 4158 688 4232 Tetigit
713 4175 802 4215 me
822 4159 1039 4230 aliquis,
1071 4174 1167 4221 ιἰςιι
1199 4158 1343 4210 enisu
1379 4158 1496 4210 aisn-i
1525 4158 1692 4210 virtum

114 4264 225 4310 tem
249 4256 316 4309 de
351 4268 439 4309 me
470 4254 650 4309 exisse
687 4252 908 4320 (March.
936 4268 1012 4319 ix,
1043 4254 1163 4314 2⁴³3,
1199 4278 1215 4302 P
1263 4262 1311 4302 ιιι
1355 4254 1560 4306 uixisti.
1592 4250 1688 4302 lini

114 4344 279 4401 eliam
325 4354 550 4401 sancius
599 4344 931 4415 evangelista
981 4346 1223 4412 perhibi-l
1283 4346 1688 4406 n·1:21i111n1niurn,

1808 480 1934 542 peto
1971 471 2206 528 discerni
2251 472 2320 526 ab
2353 472 2441 527 his
2486 472 2802 528 florentibus
2842 472 2926 528 vel
2957 472 3119 529 etiam
3161 473 3215 528 in
3252 472 3384 529 flore

1806 564 2122 620 divitiarum
2175 564 2537 636 gloriantibus
2582 563 2639 618 in
2685 565 2798 620 sola
2849 565 3041 618 virtute
3089 574 3215 619 tua:
3264 567 3384 622 ideo

1805 656 1931 712 dico
1957 673 1970 708 :
1998 654 2065 711 In
2096 657 2289 712 virtute
2321 666 2414 710 tna
2438 656 2648 727 judica,
2678 657 2784 711 boc
2825 666 2927 723 est,
2967 657 3216 713 discerne
3248 675 3326 713 me
3352 674 3381 714 a

1806 749 1890 805 sic
1915 748 2256 816 florentibus,
2281 760 2339 804 ut
2366 749 2507 805 sicut
2526 748 2603 803 illi
2628 748 2931 820 gloriantur
2949 749 3003 802 iu
3026 750 3385 805 ostentatione

1805 841 2089 909 virtutum,
2119 857 2258 913 quas
2295 858 2405 896 non
2448 841 2670 909 habent,
2727 856 2822 896 seu
2865 841 3196 909 divitiarum,
3245 858 3384 913 quas

1805 935 2050 992 habent:
2113 935 2193 991 sic
2236 949 2337 1006 ego
2385 935 2616 991 libenter
2639 935 2838 1005 glorier
2878 934 2931 989 in
2977 933 3384 990 infirmitatibus

1805 1009 1967 1094 meis,
1999 1032 2060 1080 ut
2086 1025 2352 1082 inhabitet
2377 1026 2433 1080 in
2464 1039 2552 1079 me
2578 1025 2751 1079 virtus
2775 1032 2890 1089 tua,
2923 1023 2991 1079 de
3017 1038 3125 1094 qua
3156 1025 3290 1080 mihi
3313 1027 3384 1080 sit

1803 1137 1913 1177 non
1938 1134 2079 1175 vana
2103 1120 2217 1175 sive
2245 1120 2425 1174 inanis
2452 1118 2620 1190 gloria
2646 1132 2741 1188 per
2770 1116 3112 1186 jactantiam,
3144 1117 3236 1171 sed
3261 1117 3380 1187 glo-

1802 1212 1883 1267 ria
1905 1219 2164 1268 constans
2183 1226 2281 1281 per
2303 1211 2503 1266 bonam
2533 1209 2921 1266 conscientiam
2941 1215 3001 1263 ut
3027 1208 3156 1274 illis,
3180 1208 3382 1278 quibus

1801 1303 2001 1359 dicitur
2047 1322 2060 1357 ε
2104 1321 2123 1354 ι
2177 1301 2525 1368 Gloriamini,
2566 1315 2760 1356 omnes
2815 1300 2948 1355 recti
2997 1300 3160 1356 corde
3206 1299 3379 1371 (Psal.

1800 1410 1958 1463 xxxi,
1985 1394 2115 1466 m:
2170 1413 2189 1445 ι
2225 1394 2319 1465 qui
2366 1403 2421 1448 et
2463 1393 2691 1449 dicunt:
2746 1411 2764 1443 ι
2801 1392 2986 1447 Gloria
3035 1402 3224 1447 nostra
3266 1394 3383 1449 baec

1800 1494 1905 1552 est,
1956 1486 2329 1543 testimonium
2388 1484 2738 1541 conscientiae
2781 1492 2982 1539 nostrae
3041 1484 3128 1555 (11
3172 1484 3294 1538 Cor.
3340 1500 3379 1552 ι,

1804 1577 1917 1649 12).
1950 1599 1970 1633 ι
1999 1579 2154 1636 Unde
2175 1588 2358 1635 autem
2389 1590 2536 1635 recte
2558 1578 2864 1649 gloriantur
2882 1576 3191 1644 orthodoxi,
3222 1577 3276 1633 id
3299 1587 3385 1633 est

1807 1679 1954 1726 recte
1984 1671 2227 1742 gloriosi,
2259 1671 2366 1727 nisi
2392 1671 2460 1726 de
2489 1669 2688 1725 virtute
2719 1676 2811 1724 tua
2842 1667 3181 1724 inhabitante
3206 1670 3261 1723 in
3286 1668 3386 1725 se?

1737 1739 1780 1794 Β
1809 1758 1933 1827 Quo
1947 1771 2137 1816 contra
2159 1761 2364 1830 Ziphoei
2388 1759 2691 1833 gloriantur
2709 1760 2777 1816 de
2792 1760 2990 1815 virtute
3015 1775 3113 1816 sua
3138 1758 3221 1816 vel
3241 1761 3386 1816 sicut

1800 1852 1891 1907 ille
1930 1851 2241 1910 Pharisaeus
2284 1852 2438 1925 (Luc.
2487 1851 2670 1925 xvm),
2731 1853 2826 1923 qui
2863 1866 3028 1908 orans
3074 1853 3128 1907 in
3176 1853 3378 1922 templo

1800 1945 2007 2015 sprevit
2025 1945 2378 2016 publicanum
2421 1944 2791 2017 computando
2824 1943 3019 2012 flores,
3040 1953 3102 1999 ut
3134 1945 3377 2015 putabat.

1799 2035 2082 2104 virtutum,
2106 2036 2215 2104 vel,
2248 2037 2391 2093 sicut
2418 2036 2510 2092 ille
2538 2036 2711 2104 dives»,
2751 2035 2847 2107 qui
2882 2036 3204 2106 epulabatur
3239 2052 3371 2107 qun·

1802 2129 1932 2186 tidie
1964 2129 2247 2200 splendide
2266 2129 2495 2186 vestitus
2518 2143 2760 2200 purpura
2781 2137 2835 2184 et
2863 2128 3049 2199 bysso,
3079 2127 3278 2183 florido
3300 2128 3380 2183 in·

1798 2218 2221 2292 dumento(Luc.
2248 2219 2362 2292 xvi)
2386 2220 2532 2288 3sed,
2549 2219 2676 2290 quia
2706 2228 2799 2275 tua
2819 2219 3019 2274 virtute
3037 2230 3304 2286 carenteS,
3326 2227 3382 2276 et

1799 2307 1866 2365 de
1888 2326 1989 2367 sua
2016 2311 2219 2366 virtute
2241 2312 2538 2383 gloriantes
2583 2310 2863 2374 humilias,
2893 2319 3124 2379 uterque
3158 2310 3377 2365 illorum

1801 2403 2125 2475 reprobatus
2160 2413 2244 2459 est
2269 2417 2377 2457 non
2403 2402 2610 2458 babens
2636 2401 2893 2457 virtutem
2921 2410 3093 2457 tuam,

1868 2494 2125 2553 Occurrit
2170 2496 2275 2552 hoc
2327 2495 2447 2550 loco
2494 2493 2765 2565 tripartita
2809 2493 3008 2550 divisio
3045 2492 3378 2551 florentium.

1798 2586 2021 2642 Florent
2049 2600 2286 2657 namque
2319 2584 2485 2656 aliqui
2519 2584 2979 2642 ostentationibus
3021 2585 3283 2642 virtutum
3318 2596 3380 2641 ut

1797 2678 1889 2736 ille
1921 2677 2267 2735 Pharisaeus:
2314 2684 2369 2732 et
2402 2676 2598 2733 florent
2642 2677 2812 2748 aliqui
2858 2677 3202 2734 affluentibus
3235 2679 3378 2735 divi-

1800 2774 1914 2841 tiis,
1942 2782 2002 2829 ut
2025 2773 2115 2829 ille
2133 2772 2287 2829 dives
2308 2781 2639 2843 purpuratus
2673 2779 2727 2826 et
2755 2771 3038 2841 splendide
3059 2771 3373 2828 convivans.

1798 2865 1944 2922 lnter
1965 2866 2064 2921 bos
2085 2864 2249 2921 medii
2272 2871 2419 2931 sunt,
2444 2865 2539 2934 qui
2560 2872 2621 2918 ut
2642 2863 2822 2933 palma
2837 2863 3108 2920 florebunt
3130 2881 3238 2921 non
3261 2866 3373 2933 hic,

1798 2959 1975 3017 sedin
2016 2959 2182 3016 domo
2219 2957 2460 3014 Domini.
2511 2955 2717 3014 Medios
2745 2956 2901 3028 proin
2943 2958 3078 3015 istos
3119 2959 3374 3029 dixerim,

1724 3092 1769 3154 C
1799 3052 1930 3125 quia
1977 3052 2194 3108 latitant
2250 3050 2395 3107 inter
2440 3050 2536 3106 eos
2596 3050 2846 3107 destituti
2897 3049 3122 3108 floribus
3174 3052 3227 3107 in
3271 3053 3378 3110 hoc

1799 3146 2026 3210 mundo,
2057 3144 2260 3217 quibus
2301 3152 2357 3199 et
2385 3143 2517 3199 dicit
2564 3142 2900 3214 Apostolus:
2955 3162 2974 3195 ι
3006 3142 3203 3199 Mortui
3227 3146 3376 3201 enim

1797 3238 1955 3305 estis,
1987 3245 2040 3293 et
2066 3237 2176 3292 vita
2206 3243 2387 3292 vestra
2430 3235 2754 3290 abscondita
2782 3245 2867 3290 est
2905 3251 3028 3290 cum
3071 3236 3290 3293 Christo
3317 3238 3374 3293 in

1796 3326 1908 3384 Deo
1938 3325 2164 3396 (Coloss.
2197 3343 2280 3393 ιιι,
2311 3327 2388 3397 5).
2423 3343 2442 3378 ι
2479 3323 2698 3391 Mortui,
2738 3324 2935 3395 inquit,
2966 3326 3121 3392 estis,
3154 3328 3296 3382 unde
3317 3336 3375 3384 et

1796 3423 1852 3478 in
1877 3423 2118 3494 planctu,
2157 3423 2345 3480 sivein
2386 3433 2552 3479 cantu
2595 3437 2697 3478 suo
2739 3421 3010 3479 familiare
3051 3424 3250 3480 habent
3295 3426 3368 3482 ita

1796 3517 1977 3574 dicere
2004 3535 2017 3571 ε
2047 3536 2066 3570 ι
2102 3514 2277 3572 Media
2308 3515 2418 3572 vita
2447 3516 2503 3571 in
2535 3524 2713 3571 morte
2736 3531 2949 3584 sumus,
2976 3532 3138 3587 quem
3170 3517 3372 3588 qureri-

1799 3626 1919 3662 ιιιιιι-ῖ.
1955 3610 2280 3674 ιιιῌιιιιιιπιιι,
2336 3607 2438 3663 nisi
2471 3614 2552 3674 le,
2598 3589 2846 3672 mimine,
2888 3630 2906 3658 ι
2959 3616 3065 3662 etc.
3102 3606 3207 3662 Alii
3259 3624 3374 3664 suae

1799 3702 2100 3750 satientatis
2132 3698 2408 3752 nimietate
2441 3697 2635 3750 florent
2662 3695 2790 3752 sacti
2831 3696 3096 3753 notabiles
3118 3708 3170 3753 et
3197 3698 3372 3753 hono·

1799 3790 1995 3847 raiano-5.
2027 3790 2080 3843 in
2116 3794 2408 3859 cnnspurtu
2438 3788 2744 3842 bominum.
2770 3786 2876 3841 Alii
2904 3802 3035 3844 vero
3059 3803 3170 3844 suae
3195 3786 3371 3845 disso-

1799 3887 2023 3939 lutionis
2072 3883 2370 3946 nimietatv,
2414 3880 2543 3935 dum
2581 3879 2871 3950 epulantur
2907 3880 3148 3950 quotidie
3191 3881 3372 3950 splen-

1795 3983 1939 4046 did-n,
1975 3983 2168 4032 lla-mut
2212 3991 2264 4031 rt
2308 3976 2586 4047 splendent
2625 3976 2680 4031 in
2726 3975 2891 4045 hujus
2942 3975 3132 4031 mundi
3174 3977 3365 4046 gloria.

1793 4070 1904 4128 Nos
1947 4071 2149 4125 milites
2190 4068 2361 4124 David
2409 4067 2652 4124 cavendo
2700 4076 2990 4137 utramque
3030 4068 3367 4124 nimietatem

1800 4166 1904 4218 ιιιιι
1932 4162 2106 4217 run-dia
2127 4161 2385 4227 vivimuS,
2415 4166 2470 4214 et
2492 4174 2684 4215 sumus
2712 4159 2854 4213 inter
2882 4159 3017 4214 istos
3041 4170 3094 4214 et
3124 4161 3245 4215 illos
3267 4161 3368 4215 llo-

1796 4270 1972 4314 rentrs
2012 4255 2168 4327 quasi
2219 4254 2443 4320 mortui,
2489 4254 2618 4323 quia
2676 4271 2695 4303 ι
2723 4252 2830 4306 vita
2879 4261 3085 4319 nostra,
3124 4274 3142 4304 ο
3203 4264 3262 4308 ιιι
3293 4256 3369 4309 ait

1796 4350 2108 4418 fisa-asinius,
2156 4365 2174 4399 ι
2211 4343 2527 4401 abscondita
2568 4352 2652 4399 est
2689 4358 2813 4399 cum
2863 4341 3082 4399 Christo
3125 4344 3178 4399 in
3234 4344 3363 4399 Deo.

115 4437 247 4509 quia
298 4457 317 4489 ι
344 4439 521 4493 virtus
552 4458 570 4490 ι
627 4435 694 4492 de
732 4445 784 4490 te
829 4454 848 4487 ι
900 4436 1103 4499 exibat,
1147 4446 1191 4487 ul
1235 4438 1459 4491 sanabat
1503 4450 1692 4487 [liunus
1728 4434 1764 4487 [¹l
1796 4442 1928 4495 [ἶιιιιι
1964 4447 2142 4494 :nutem
2172 4435 2429 4494 Christus
2457 4434 2771 4506 apparuerit
2795 4434 2902 4489 vila
2929 4443 3116 4491 nostra
3157 4444 3283 4490 lunc
3313 4447 3368 4492 et

119 4531 274 4603 (Luc.
306 4532 523 4603 V1‚19).
560 4551 580 4583 ι
625 4530 737 4586 Hoc
779 4539 883 4596 est,
924 4545 958 4584 o
985 4527 1251 4587 Salamin-²,
1287 4531 1427 4599 qunti
1463 4539 1604 4595 [ιιι-ιιι,
1636 4539 1692 4579 ιιι

117 4626 294 4681 virtus
323 4639 469 4680 nunc
497 4623 565 4679 de
590 4632 644 4680 te
671 4623 739 4679 ad
784 4621 1087 4679 sanandum
1127 4631 1299 4683 νιιυιιι..
1323 4631 1375 4675 rt
1403 4631 1688 4687 pnslqumn

116 4718 396 4777 sanaverit
428 4731 517 4772 me
544 4730 845 4786 omnesque
871 4714 1159 4785 langui-ina.
1200 4723 1283 4763 ιιιτι
1327 4727 1423 4779 opi:
1457 4711 1688 4779 indigns.

114 4822 249 4870 tunc
273 4811 493 4867 demum
519 4807 691 4863 virtus
711 4806 919 4878 pridem
948 4804 1224 4866 salvatrix,
1246 4802 1341 4857 fiat
1361 4802 1691 4857 salvatorum

115 4900 496 4977 dijudicatrix,
546 4899 708 4955 etiam
757 4900 1003 4956 localiter
1040 4904 1094 4953 et
1137 4895 1490 4966 corporaliter
1532 4911 1691 4967 sepa-

115 4997 292 5057 rando
318 4997 375 5050 in
403 5001 664 5073 extremo·
677 4992 886 5064 iudicio
901 4990 1106 5063 pridem
1132 4988 1445 5060 spiritaliter
1474 4986 1541 5061 [Ῑ.
1564 5003 1690 5058 spe-

118 5086 353 5161 cialiter]
390 5094 674 5158 separatos
707 5085 944 5141 occulto.
992 5081 1126 5138 Nam
1158 5091 1212 5139 et
1244 5081 1349 5137 boc
1378 5079 1557 5152 ipsum
1593 5094 1691 5134 oc-

122 5184 328 5242 cultum
347 5178 639 5249 judicium,
663 5175 810 5247 quod
832 5190 980 5231 nunc
1003 5174 1204 5246 agitur,
1233 5181 1356 5244 peto
1376 5170 1594 5226 dicens:
1625 5168 1691 5223 ln

122 5275 315 5331 virtute
340 5279 433 5325 tua
450 5269 639 5341 judica
661 5284 761 5323 me.

194 5362 418 5432 Ziphoei,
462 5363 708 5432 fiorentes
758 5357 964 5414 scilicet
1004 5356 1058 5412 in
1089 5355 1194 5412 boc
1236 5352 1463 5420 munde,
1493 5352 1693 5408 babent

121 5456 420 5528 aliquando
452 5453 688 5525 speciem
733 5451 968 5522 pietatis,
999 5449 1255 5505 virtutem
1284 5461 1416 5503 vero
1443 5446 1563 5517 ejus
1591 5446 1692 5501 ab-

123 5547 373 5621 negando
411 5546 468 5601 in
507 5545 639 5601 solis
678 5558 864 5599 vacuae
890 5540 1088 5613 speciei
1113 5539 1342 5596 floribus
1366 5537 1690 5610 gloriantur,

120 5640 255 5699 dum
281 5654 382 5711 pro
412 5636 742 5702 sanctitatis,
761 5635 887 5690 licet
908 5633 1067 5698 salso,
1092 5632 1310 5687 nomine
1331 5632 1688 5686 honorantur.

125 5734 191 5788 lli
215 5742 363 5797 sunt,
391 5730 485 5801 qui
512 5744 572 5784 se
602 5729 923 5785 discernunt
954 5724 1023 5779 ab
1061 5722 1377 5779 hominibus
1411 5723 1691 5780 dilatando

443 5829 712 5886 ΡΑϊιιοι..
761 5818 1030 5885 exem.

1796 4551 1896 4587 mm
1920 4529 2304 4599 apparebimus
2342 4543 2467 4585 cum
2499 4528 2619 4598 ipso
2646 4526 2701 4582 in
2746 4528 2936 4598 gloria.
2976 4547 2994 4578 ι
3043 4526 3212 4594 Quem
3237 4545 3365 4598 ergo

1796 4635 1936 4675 ιϊ-ιιιι
1984 4643 2000 4671 ι
2039 4620 2337 4692 quaerimus
2384 4617 2711 4687 adjutorem,
2749 4619 2854 4673 nisi
2889 4625 2961 4685 te,
2986 4618 3234 4687 Domine,
3269 4621 3364 4691 qui

1792 4715 2030 4785 pret-niis
2055 4711 2259 4767 nostris
2290 4710 2437 4781 juste
2484 4709 2761 4776 irasceriS‚
2816 4721 3003 4765 sancte
3053 4710 3214 4780 DeuS,
3238 4730 3364 4769 san-

1791 4816 1875 4862 cte
1895 4803 2075 4870 tonis,
2101 4810 2287 4858 sancte
2304 4808 2358 4857 et
2376 4800 2690 4856 misericors
2712 4797 2961 4855 Salvator
2981 4816 3181 4858 amatre
3198 4804 3361 4859 morti

1792 4910 1868 4967 ne⁸
1885 4894 2071 4949 tradas
2115 4907 2216 4948 nos
2264 4890 2465 4964 (ibim).
2504 4910 2523 4942 ι
2570 4890 2770 4944 Amara
2811 4905 2959 4946 mors
2985 4900 3146 4957 esset,
3186 4891 3230 4947 si
3261 4909 3365 4949 nos

1790 4985 2213 5042 miserabiliores
2248 4981 2502 5038 omnibus
2533 4982 2844 5037 hominibus
2877 4982 2928 5036 in
2978 4983 3082 5038 hoc
3120 4983 3360 5039 efficere-

1790 5092 1936 5143 mur,
1965 5085 2028 5133 ιιι
2054 5077 2199 5133 sicut
2227 5075 2317 5130 bie
2339 5074 2592 5145 praesenti
2630 5073 2824 5145 gloria,
2864 5074 2938 5129 ita
2971 5084 3024 5129 et
3054 5085 3183 5131 tunc
3206 5092 3365 5131 man-

1791 5185 1921 5226 sura
1959 5169 2129 5241 gloria
2172 5168 2537 5239 privaremur.
2582 5164 2738 5221 Unde
2785 5167 3106 5238 Apostolus:
3153 5186 3172 5221 ‹
3215 5165 3271 5222 Si
3306 5169 3359 5223 in

1790 5264 1893 5319 bac
1914 5262 2024 5316 vita
2047 5268 2256 5316 tantum
2281 5269 2561 5330 sperantes
2587 5274 2800 5325 sumus,
2825 5259 3250 5316 miserabiliores
3272 5278 3364 5316 su-

1790 5370 1916 5414 mus
1943 5352 2198 5408 omnibus
2227 5351 2542 5407 bominibus
2576 5349 2629 5421 (1
2659 5348 2783 5405 Cor.
2810 5366 2902 5417 xv,
2931 5350 3041 5419 19).
3075 5370 3093 5400 ι
3144 5350 3364 5408 Erimus

1789 5448 1936 5503 enim
1962 5445 2109 5501 velut
2138 5444 2362 5500 arbores
2399 5444 2742 5498 autumnales
2783 5442 3072 5499 eradicata.²
3103 5443 3187 5500 bis
3215 5429 3365 5499 mor-

1791 5549 1918 5605 tuae,
1949 5536 2001 5593 si
2028 5550 2202 5606 neque
2242 5534 2298 5589 in
2337 5533 2621 5589 frondibus
2655 5548 2752 5603 per
2787 5533 3012 5605 gloriam
3043 5542 3360 5605 praesentem

1791 5629 2070 5694 floremus,
2115 5642 2295 5697 neque
2344 5626 2399 5680 in
2447 5626 2650 5692 radice,
2703 5624 2794 5680 ubi
2840 5626 2951 5681 vita
3000 5635 3185 5684 nostra
3233 5641 3359 5683 cum

1790 5722 2012 5780 Christo
2033 5719 2351 5778 abscondita
2379 5735 2500 5778 esse
2523 5720 2704 5789 debet,
2728 5722 2992 5778 virtutum
3015 5729 3193 5778 virore
3214 5736 3358 5792 uge-

2965 5816 3040 5878 52
