3817 6000
345 234 451 300 5⁹87

1282 242 1585 300 cfittnottt
1621 241 2010 303 PnAErost'rt
2048 241 2592 303 Rsstcussttst‘ERG.

3479 249 3585 308 588

347 353 559 410 nandus
588 363 641 410 et
677 356 1084 427 approbandus
1131 357 1233 423 Qui
1263 372 1388 411 eum
1417 356 1484 411 dc
1510 355 1760 412 doctrina
1790 372 1907 412 ma·
1939 362 1983 423 Α
2014 374 2117 428 pus
2173 358 2352 415 solare
2374 359 2556 415 lumen
2579 358 2673 415 dat
2702 359 2865 427 lunae,
2896 367 2957 415 ut
2983 359 3055 416 sit
3077 358 3323 431 perfecta
3349 360 3405 416 in
3428 372 3589 418 aeter-

343 449 496 521 gistri
527 447 751 504 Gilbcrti
783 451 854 505 sit
891 458 1197 516 contextus,
1230 450 1446 520 qualem
1479 449 1533 504 in
1564 450 1760 521 glossis
1797 449 1918 520 ejus

343 537 822 611 deprehendimuS,
852 551 906 597 et
952 540 1406 612 reprehendimus
1438 539 1491 594 in
1524 539 1768 611 scriptis,
1795 555 1918 611 quae

342 636 576 692 antehac
602 636 781 705 vobis»,
805 646 860 693 et
893 637 1091 693 vestris
1123 636 1397 702 misimus,
1432 635 1486 691 in
1515 635 1622 691 tine
1665 651 1767 692 suo
1796 644 1918 691 tan·

341 743 507 799 quam
524 731 831 802 scorpionis
860 732 1034 787 cauda
1055 745 1322 786 venenum
1339 729 1589 786 diffundit
1617 729 1773 801 longe
1791 743 1919 800 per-

339 824 557 878 versius
596 838 760 896 quam
803 839 1042 894 unquam
1094 823 1146 877 in
1182 821 1472 893 praeteritis
1508 820 1809 878 haeresibus
1846 819 1916 876 de

340 917 560 973 Christo
600 917 803 973 habitis
845 916 1159 989 legerimus.
1203 914 1417 970 Etenim
1464 914 1676 981 Ariani,
1721 912 1917 969 Photi-

343 1010 512 1078 niani,
541 1010 966 1082 Apoilinaristae,
998 1009 1294 1066 Bonosiani
1339 1023 1405 1064 ac
1427 1010 1610 1064 caeteri
1651 1009 1915 1077 haeretici,

339 1100 682 1174 qui'Christo
711 1100 1085 1166 detraxerunt,
1109 1118 1257 1168 eum,
1282 1099 1409 1156 licet
1437 1099 1583 1155 Patri
1605 1115 1918 1171 supponen-

337 1204 441 1263 tcS,
479 1195 687 1267 angelis
718 1204 899 1251 tamen
929 1194 1369 1251 excellentiorem
1398 1193 1722 1248 docuerunt.
1776 1190 1915 1248 Nam

337 1290 503 1346 etiam
530 1289 597 1344 de
625 1297 816 1345 sancta
842 1288 964 1360 ejus
987 1285 1262 1341 Genitrice
1291 1285 1397 1340 boc
1444 1294 1630 1340 sancta
1663 1284 1837 1340 credit
1864 1293 1919 1340 et

340 1383 580 1440 celebrat
609 1380 872 1446 Ecclesia,
905 1378 1049 1449 quod
1079 1393 1244 1448 super
1273 1376 1473 1433 choros
1500 1376 1814 1447 angelorum
1847 1376 1920 1431 sit

338 1476 594 1540 exaltata,
628 1474 682 1529 in
713 1488 820 1543 qua
847 1487 984 1542 pura
1013 1469 1329 1525 humanitas
1371 1468 1686 1539 agnoscitur
1715 1468 1920 1539 glot-ili-

339 1578 479 1624 cata.
504 1565 728 1622 Novitas
758 1579 883 1620 vero
904 1552 1063 1619 istius
1084 1561 1348 1617 doctrinm
1369 1561 1564 1617 suadet
1586 1559 1916 1616 credendum

339 1657 660 1723 dehomine,
683 1670 845 1726 quem
872 1652 1034 1708 Pater
1049 1650 1410 1707 sanctificavit
1433 1658 1486 1705 et
1511 1649 1660 1706 misit
1682 1649 1736 1703 in
1759 1665 1920 1704 mun-

339 1751 494 1817 dum,
544 1747 689 1821 quod
736 1760 940 1817 cerpus
971 1742 1091 1813 ejus
1126 1757 1236 1797 non
1263 1742 1335 1798 sit
1362 1741 1727 1813 glorificatum
1775 1741 1916 1796 ultra

340 1853 663 1902 caeterorum
695 1854 928 1911 corpora
968 1845 1305 1904 sanctorum,
1352 1850 1454 1891 nec
1487 1837 1604 1906 ipse
1634 1835 1689 1890 in
1721 1835 1916 1907 gratia,

338 1952 503 2008 quam
532 1933 762 2004 accepit,
810 1930 1037 1988 excedat
1078 1927 1454 1986 excellentiam
1497 1927 1789 2000 cujuslibet
1814 1943 1917 1982 an·-

340 2026 468 2099 geli.

411 2116 492 2172 Aa
526 2113 693 2185 hujus
719 2112 986 2184 pestiferae
1025 2111 1289 2168 doctrinae
1322 2124 1544 2166 sensum
1585 2109 1919 2165 confirman-

339 2214 468 2266 «ium
498 2217 693 2280 putant
717 2222 775 2263 se
803 2205 1009 2262 habere
1030 2214 1293 2275 patronos
1323 2217 1551 2274 magnos
1573 2200 1839 2257 Hilarium
1864 2212 1920 2258 et

339 2301 727 2375 Augustinum.
758 2296 897 2352 Dicit
925 2296 1070 2353 enim
1100 2294 1341 2351 Hilarius
1363 2294 1505 2349 libro
1534 2292 1826 2350 undecimo
1850 2293 1919 2350 de

341 2404 532 2452 saneta
559 2392 859 2448 Trinitate:
896 2408 915 2442 c
943 2388 1080 2445 Cum
1106 2388 1270 2460 igitur
1286 2388 1401 2444 baec
1430 2395 1772 2442 terrenorum
1794 2402 1919 2441 cor-

338 2505 534 2563 porum
567 2486 723 2559 origo
755 2486 811 2541 in
853 2483 1043 2540 babitu
1086 2481 1317 2553 potioris
1343 2481 1588 2547 excedat,
1612 2488 1668 2534 ει
1694 2477 1919 2534 confor-

338 2584 447 2641 mis
491 2580 681 2654 gloriae
716 2576 988 2634 Dominiei
1018 2576 1267 2646 corporis
1309 2573 1403 2630 [iat
1449 2572 1597 2629 Deus
1627 2571 1683 2627 in
1736 2569 1916 2633 forma

341 2674 481 2730 servi
511 2683 781 2743 repertus,
819 2679 878 2724 ιιι
916 2667 1011 2740 qui
1041 2666 1198 2723 nobis
1221 2665 1453 2722 sormam
1484 2664 1768 2737 gloritlcati
1795 2679 1918 2720 cor-

339 2766 493 2838 poris
520 2765 606 2821 sui
648 2763 860 2829 tribuit,
885 2762 1002 2832 ipse
1032 2760 1246 2831 corpori
1278 2774 1380 2815 suo
1409 2758 1545 2812 nibil
1578 2757 1716 2812 ultra
1745 2757 1921 2828 possit

333 2874 503 2931 quam
532 2857 691 2912 nobis
716 2870 781 2911 ac
803 2854 907 2910 sibi
957 2867 1249 2909 commune
1294 2860 1552 2921 praestare
1572 2850 1595 2904 *ἓ
1618 2869 1636 2901 ι
1681 2848 1806 2905 Haec
1831 2848 1918 2905 di-

338 2958 424 3005 cta
457 2946 646 3003 Hilarii
680 2942 1112 3018 praecedentibus
1146 2952 1200 2999 et
1220 2939 1679 3011 subsequentibus
1717 2939 1916 2994 collata

341 3054 561 3094 sinn-snm
606 3037 800 3090 Ιειηῑιις-ιιι
846 3035 1217 3104 catholicum,
1269 3042 1580 3104 nostraeque
1623 3034 1917 3090 assertioni

341 3146 437 3202 per
465 3130 650 3186 numia
686 3143 1010 3186 animuum.
1040 3124 1154 3181 Hoc
1186 3124 1468 3181 evidenter
1494 3124 1701 3179 clarere
1730 3124 1785 3179 in
1805 3139 1915 3180 ·no-

341 3226 469 3278 stris
501 3222 802 3282 corticibus,
830 3222 1113 3290 diligenter
1139 3210 1466 3283 emendatis,
1514 3216 1607 3271 ubi
1645 3217 1916 3273 sententia

341 3314 642 3386 praemissa,
674 3330 794 3366 enm
846 3314 946 3366 snt·
975 3308 1401 3381 interrogatione
1429 3308 1645 3379 legitur,
1690 3308 1807 3365 sine
1828 3324 1918 3364 er-

345 3426 465 3462 rore
493 3406 834 3474 intelligitur,
862 3402 989 3457 Tale
1008 3410 1094 3457 est
1118 3399 1249 3456 illud
1281 3400 1333 3454 in
1358 3398 1622 3470 Apostolo
1649 3399 1764 3465 uhi,
1788 3414 1916 3454 cum

345 3503 541 3555 dieitur
573 3519 585 3551 :
614 3499 742 3563 [inis
770 3494 1034 3548 ιιι-ι·ιι.ιιιὸἱι
1072 3493 1319 3548 adversus
1345 3492 1533 3546 electos
1568 3490 1662 3545 Dei
1686 3492 1711 3546 ?
1740 3490 1914 3563 (Rom.

341 3603 485 3664 vtuj,
517 3591 854 3647 autumi-tinn-
886 3611 898 3643 :
934 3587 1067 3642 Deus
1092 3583 1725 3658 quijustificat?(1bid.)
1756 3583 1917 3652 Quod

341 3687 389 3739 si
433 3687 642 3755 legatur
682 3678 1086 3751 itttrussiigsitive,
1139 3684 1202 3731 ut
1249 3684 1463 3748 oportet
1488 3719 1505 3744 ,
1549 3675 1911 3747 dicaturque:

341 3779 501 3835 flens.
537 3775 630 3847 qui
662 3775 918 3843 justitient
946 3772 965 3825 ’ἶ
1000 3769 1307 3826 intellectus
1339 3769 1517 3826 bonus
1547 3769 1803 3826 omnibus
1825 3784 1917 3825 ca-

345 3871 622 3939 pientibus
646 3883 770 3923 euni
814 3872 1123 3937 generatur.
1168 3861 1226 3918 Si
1266 3877 1397 3918 vero
1420 3861 1762 3929 affirmative,
1790 3876 1916 3918 sen-

341 3977 437 4018 sns
471 3970 557 4019 est
578 3975 764 4017 errore
790 3959 1003 4030 plenus.
1049 3955 1128 4011 lta
1157 3953 1421 4011 nimirum
1454 3969 1578 4009 cum
1611 3953 1742 4009 dicit
1767 3951 1917 4007 Hila-

341 4057 461 4112 rius
484 4054 551 4110 de
581 4051 843 4108 Christo:
881 4069 899 4101 ι
934 4048 1007 4104 Ut
1031 4047 1125 4119 qui
1154 4046 1312 4103 nobis
1346 4045 1580 4101 sormam
1629 4044 1914 4117 glorificati

339 4148 590 4221 corporis
613 4147 698 4204 sui
720 4144 927 4210 tribuit,
952 4143 1069 4212 ipse
1097 4136 1313 4211 corpori
1339 4155 1440 4195 suo
1458 4137 1593 4195 nibil
1612 4137 1756 4192 ultra
1782 4152 1914 4208 pos-

341 4244 414 4298 sit
448 4254 613 4311 qnam
643 4236 801 4292 nobis
829 4249 894 4289 ac
928 4232 1034 4288 sibi
1058 4232 1131 4288 sit
1159 4247 1469 4298 commune,
1498 4238 1777 4301 praestare,
1811 4249 1829 4281 »
1864 4229 1915 4286 si

341 4331 550 4402 legatur
580 4325 965 4395 interrogative
992 4364 1007 4389 ,
1051 4330 1113 4376 ut
1159 4329 1392 4392 oportet,
1424 4335 1647 4376 sensum
1693 4329 1916 4392 generat

1943 3078 1989 3139 C

2021 465 2176 516 num,
2215 466 2340 524 cum
2370 450 2577 507 directe
2622 451 2741 507 sine
2780 459 3010 507 terrenae
3053 452 3264 508 umbrae
3299 453 3593 525 interposi·

2019 544 2185 611 tione,
2209 561 2332 615 quae
2358 546 2495 601 solet
2523 546 2812 602 animabus
2836 545 2892 601 in
2926 561 3091 602 carne
3118 547 3468 603 manentibus
3491 548 3597 603 ali·

2017 636 2239 705 quando
2271 637 2501 708 eclipsin
2531 636 2735 703 facere,
2777 636 2975 709 aspicit
3004 636 3152 693 illius
3191 639 3424 707 vultum,
3466 639 3600 696 licet

2017 744 2359 800 corporeum,
2393 739 2573 787 tamen
2599 746 2763 802 super
2775 731 2962 786 omnia
2987 745 3216 802 corpora
3237 740 3594 801 sanctorum,

2015 837 2252 894 quorum
2270 822 2488 878 claritas
2512 832 2863 895 comparatur
2887 821 3081 889 stellis,
3105 821 3466 879 clarificatum
3485 823 3600 880 cla-

2018 915 2195 982 ritate,
2231 931 2397 986 quam
2434 914 2629 971 babuit
2661 914 2898 970 Verbum
2926 914 3072 986 apud
3112 912 3362 982 Patrem,
3402 914 3598 987 prius·

2016 1023 2181 1078 quam
2209 1007 2448 1063 mundus
2471 1006 2642 1063 tieret.
2679 1004 2735 1062 Si
2761 1005 2928 1073 enim,
2959 1020 3087 1061 cum
3111 1005 3165 1059 in
3193 1014 3380 1061 monte
3408 1014 3601 1063 trans·

2016 1100 2284 1170 figuratus
2316 1098 2603 1169 apparuit,
2653 1096 2990 1168 resplenduit
3026 1094 3195 1152 facies
3223 1096 3343 1166 ejus
3374 1104 3434 1151 ut
3480 1097 3593 1161 sol,

2018 1201 2223 1264 quanto
2262 1189 2434 1260 magis
2470 1203 2616 1266 nunc
2647 1188 2701 1242 in
2755 1197 2941 1244 monte
2985 1187 3325 1243 celsitudinis
3353 1196 3598 1257 paternae

2017 1284 2160 1338 sicut
2180 1281 2262 1337 sol
2285 1281 2430 1335 lucet
2457 1280 2511 1333 in
2528 1279 2857 1341 virtutesua‚
2875 1279 3182 1351 qualisejus
3204 1277 3372 1335 facies
3393 1277 3597 1334 loanni

2015 1373 2384 1429 demonstrata
2416 1371 2469 1425 in
2493 1369 2824 1443 Apocalypsi
2847 1378 3095 1440 patenter
3123 1370 3278 1425 illum
3302 1370 3595 1443 distinguit

2017 1481 2048 1521 a
2074 1464 2279 1521 sanctis
2305 1465 2449 1532 aliis,
2478 1464 2574 1536 qui
2599 1461 2888 1534 fulgebunt
2919 1462 3064 1518 sicut
3095 1463 3178 1518 sol
3204 1463 3260 1518 in
3288 1478 3458 1536 regno
3486 1461 3595 1518 l‘a·

2020 1560 2119 1616 tris
2147 1574 2337 1615 eorum
2367 1559 2392 1614 ἲ
2419 1557 2496 1614 1)ε
2520 1558 2672 1613 nullo
2695 1557 2898 1629 quippe
2930 1557 3149 1613 illorum
3176 1558 3401 1630 legitur,
3440 1560 3592 1632 quod

2019 1651 2240 1724 fulgeat,
2278 1650 2419 1707 sicut
2446 1651 2528 1706 sol
2576 1651 2720 1707 lucet
2739 1650 2795 1705 in
2820 1649 3023 1705 virtute
3047 1666 3169 1718 sua,
3201 1666 3327 1706 cum
3356 1651 3595 1722 quisque

2020 1745 2239 1800 illorum
2281 1744 2351 1800 sit
2380 1742 2624 1799 fulsurus
2653 1743 2706 1799 in
2747 1743 2946 1799 virtute
2982 1758 3090 1798 non
3133 1758 3256 1810 sua,
3284 1744 3376 1799 sed
3420 1744 3588 1813 illiuS,

2018 1837 2110 1906 qui
2143 1845 2272 1892 tunc
2292 1836 2394 1891 erit
2411 1836 2597 1891 omnia
2622 1836 2676 1890 in
2707 1834 2985 1901 omnibuS‚
3010 1849 3137 1890 cum
3164 1843 3312 1891 totus
3336 1833 3596 1891 Christus

2019 1929 2123 1985 erit
2150 1927 2298 1983 Patri
2334 1928 2613 1998 subjectus
2647 1927 2702 1983 in
2729 1927 2847 1984 suis
2878 1926 3140 1982 membris
3170 1926 3449 1983 omnibus.
3481 1927 3592 1982 So·-

2016 2022 2103 2078 lus
2125 2030 2306 2076 autem
2333 2019 2427 2076 Sol
2447 2019 2675 2092 justitiae
2705 2019 2760 2093 in
2787 2034 2889 2075 suo
2919 2020 3086 2075 solari
3114 2034 3345 2091 corpore
3372 2020 3593 2076 detersa

2016 2113 2363 2169 mortalitatis
2387 2112 2533 2170 nube
2581 2109 2811 2184 fulgebit
2839 2111 2896 2167 in
2932 2111 3133 2167 virtute
3154 2126 3276 2176 sua,
3316 2110 3591 2167 clarifica·-

2019 2216 2106 2262 tus
2139 2206 2390 2261 videlieet
2413 2204 2584 2276 gloria
2610 2203 2791 2261 Patris
2820 2212 2875 2260 et
2908 2219 3028 2260 sua.
3057 2202 3284 2258 Intravit
3308 2202 3509 2274 quippe
3532 2202 3593 2260 in

2017 2297 2243 2370 gloriam
2280 2312 2460 2353 suam.

2090 2390 2255 2445 Suam
2287 2389 2432 2456 dico,
2480 2404 2589 2445 non
2636 2388 2912 2455 alienam,
2956 2387 3085 2460 quia
3114 2388 3340 2459 gloriam
3390 2387 3592 2444 divina

2018 2481 2445 2553 omnipotentiae,
2475 2497 2642 2553 quam
2677 2481 2935 2536 Christus
2977 2481 3032 2536 in
3062 2481 3401 2537 humanitate
3425 2496 3588 2538 acce·

2019 2576 2118 2647 pit,
2167 2575 2221 2629 in
2252 2572 2545 2630 Divinitate
2585 2589 2684 2630 sua
2725 2572 3056 2629 aeternaliter
3084 2572 3276 2628 babuit
3302 2582 3356 2629 et
3402 2572 3586 2629 babet.

2017 2670 2205 2743 Neque
2246 2671 2391 2727 enim
2423 2669 2734 2728 Divinitatis
2765 2669 2958 2742 gloria,
2990 2670 3256 2742 potentia,
3299 2671 3591 2742 sapientia,

2018 2762 2324 2836 benignitas
2350 2771 2573 2831 aeterna,
2604 2762 2872 2818 immensa
2898 2763 2980 2818 sic
3002 2762 3127 2818 data
3157 2770 3241 2818 est
3262 2762 3472 2817 bomini
3498 2777 3588 2818 as-

2018 2864 2255 2926 sumpto,
2296 2865 2355 2910 ut
2376 2854 2554 2910 ablata
2584 2855 2656 2912 sit
2675 2852 2874 2923 Verbo,
2906 2855 3037 2926 quia
3068 2853 3308 2911 Verbum
3333 2869 3463 2911 caro
3506 2853 3588 2909 l'a·

2017 2958 2165 3006 ctum
2191 2948 2271 3005 sic
2287 2947 2945 3019 deditbominiassumpto
2960 2946 3186 3020 gloriam
3207 2956 3398 3016 totam,
3420 2961 3589 3018 quam

2019 3041 2229 3105 habuit,
2268 3048 2326 3094 ut
2355 3054 2473 3095 eam
2516 3050 2684 3094 totam
2723 3039 3032 3095 retinuerit.
3064 3037 3466 3095 Sacramentum
3491 3041 3588 3093 hoc

2019 3150 2265 3205 ntaqnum
2290 3142 2366 3188 est
2391 3173 2406 3197 ,
2438 3133 2516 3187 ait
2545 3131 2863 3203 Apostolus,
2897 3132 3035 3203 quod
3071 3132 3471 3202 manifestatum
3503 3139 3585 3185 est

2018 3228 2074 3281 in
2104 3242 2293 3288 carne,
2329 3225 2589 3278 creditum
2648 3223 2951 3279 eumundo
2974 3266 2991 3292 ‚
3040 3234 3371 3294 assumptum
3412 3234 3489 3279 est
3532 3225 3587 3278 ιἰι

2016 3317 2189 3390 ytoria
2225 3315 2279 3387 (1
2309 3316 2447 3373 Tim.
2477 3317 2582 3386 ιιι).
2616 3314 2749 3383 Quae
2795 3316 3056 3372 nimirum
3098 3317 3269 3389 gloria
3299 3316 3466 3373 Verbi
3504 3326 3587 3374 est

2016 3425 2115 3480 per
2163 3406 2451 3476 naturam‘,
2496 3408 2592 3464 sed
2635 3407 2873 3465 hominis
2904 3408 3170 3480 assumpti
3201 3424 3298 3480 per
3330 3410 3586 3481 gratiam,

2016 3502 2277 3573 quoniam
2317 3510 2371 3556 et
2401 3499 2519 3571 ipsa
2545 3499 2672 3554 talis
2696 3500 2998 3570 assumptio
3028 3500 3168 3557 sacta
3200 3509 3286 3557 est
3322 3517 3420 3571 per
3456 3515 3586 3572 gra-

2016 3590 2170 3645 tiam.
2189 3588 2440 3646 Sensisse
2462 3590 2565 3645 boc
2582 3598 2831 3656 sanctum
2851 3588 3117 3646 Hilarium
3133 3591 3268 3647 satis
3283 3591 3586 3661 invenient,

2017 3682 2111 3751 qui
2144 3681 2434 3753 diligenter
2461 3680 2645 3752 legunt
2682 3680 2859 3736 illum.
2910 3679 3134 3754 Legitur
3159 3682 3305 3738 enim
3349 3684 3492 3754 apud
3519 3683 3584 3738 il-

2016 3773 2128 3829 lum
2157 3792 2170 3827 ε
2215 3793 2233 3825 ι
2259 3772 2441 3829 Gloria
2469 3772 2649 3829 omnis
2672 3786 2781 3828 non
2819 3770 3010 3842 Verbo,
3037 3775 3130 3831 sed
3161 3775 3314 3831 carni
3338 3774 3584 3845 acquire-

2015 3865 2214 3932 batur;
2254 3884 2272 3916 »
2308 3872 2364 3920 et
2401 3863 2564 3919 alibi:
2605 3882 2623 3916 ‹
2651 3861 2901 3919 Profecto
2923 3865 2996 3933 ei,
3027 3866 3171 3937 quod
3202 3866 3427 3937 accepit,
3462 3866 3585 3937 ejus

2015 3958 2315 4013 claritatem
2348 3956 2676 4027 expostulat,
2711 3958 2856 4014 unde
2886 3973 2997 4014 non
3025 3958 3270 4027 destitit;
3313 3978 3331 4010 »
3381 3968 3435 4015 ει
3483 3959 3583 4015 ἰιε-

2016 4067 2176 4107 rum:
2215 4070 2235 4102 ‹
2268 4048 2339 4106 Ut
2369 4049 2446 4119 id,
2479 4052 2627 4122 quod
2652 4050 2721 4106 de
2750 4059 2993 4122 tempore
3012 4060 3150 4118 erat,
3182 4052 3414 4123 gloriam
3440 4050 3585 4121 ejus,

2015 4160 2137 4217 quae
2167 4144 2286 4201 sine
2321 4153 2569 4215 tempore
2590 4151 2692 4212 est,
2714 4144 2979 4201 claritatis
3005 4145 3296 4216 acciperet.
3329 4164 3350 4199 ι
3383 4143 3451 4199 Et
3470 4144 3579 4199 alia

2015 4232 2392 4306 hujuscemodi
2421 4232 2566 4303 apud
2596 4248 2722 4290 eum
2759 4232 3131 4301 inveniuntur,
3161 4249 3260 4305 per
3294 4250 3419 4305 quae
3450 4249 3584 4290 con-

2016 4327 2180 4384 futari
2219 4334 2489 4397 possunt,
2532 4326 2627 4397 qui
2658 4340 2901 4383 errorem
2933 4342 3097 4382 suum
3135 4326 3300 4384 dictis
3333 4326 3452 4398 ejus
3487 4326 3583 4383 ad·

340 4422 693 4484 catholicum,
719 4419 848 4490 quia
874 4417 979 4474 sul)
997 4414 1424 4485 interrogatione
1458 4413 1639 4469 acrius
1661 4421 1909 4485 negatur,
1943 4438 1988 4491 ι)
2016 4430 2226 4477 struere
2254 4427 2594 4491 praesumum
2622 4420 2981 4491 pervertendo
3019 4435 3083 4476 ea
3125 4419 3181 4476 in
3207 4435 3428 4477 gensum
3457 4434 3582 4491 pra..

340 4512 489 4584 quod
517 4510 719 4566 dicitur
747 4529 760 4564 :
784 4507 863 4564 Ne
885 4505 1134 4562 videlicet
1158 4503 1415 4560 Christus
1440 4504 1513 4560 ila
1541 4503 1790 4560 infirmus
1810 4520 1913 4576 pu·
2013 4529 2162 4581 vum,
2202 4512 2350 4584 quod
2387 4512 2443 4568 in
2474 4513 2663 4570 multis
2690 4512 2826 4569 locis
2872 4512 3099 4577 faciunt,
3139 4512 3207 4569 de
3240 4512 3441 4583 quibus
3471 4528 3582 4568 non

340 4611 507 4668 tetur,
534 4609 618 4669 ut,
650 4598 747 4673 qui
775 4597 936 4653 nobis
968 4595 1202 4654 formam
1234 4593 1524 4666 glorificati
1553 4594 1801 4664 corporis
1824 4595 1911 4650 sui
2012 4614 2096 4662 est
2122 4604 2284 4661 modo
2313 4604 2601 4661 dicendum
2631 4621 2727 4677 per
2762 4606 3002 4677 singula,
3031 4606 3162 4677 quia
3191 4606 3335 4677 piget
3379 4605 3580 4661 iterare

340 4691 569 4758 tribuit,
608 4690 726 4761 ipse
769 4688 982 4760 corpori
1035 4701 1138 4743 suo
1169 4686 1304 4741 nibil
1352 4686 1492 4741 ultra
1536 4686 1710 4757 possit
1745 4701 1908 4757 quam

340 4785 523 4853 nobis,
564 4800 630 4839 ac
656 4783 762 4839 sibi
790 4783 861 4838 sit
900 4794 1196 4837 commune
1221 4821 1235 4846 ,
1281 4788 1559 4850 praestare.
1593 4777 1729 4845 Quis
1761 4778 1908 4835 enim

328 4878 518 4934 “valeat
545 4876 813 4931 aestimare
856 4883 1062 4945 quanta
1093 4887 1197 4929 suo
1224 4871 1443 4943 corpori
1470 4870 1700 4927 contulit
1726 4912 1740 4937 ,
1787 4886 1910 4943 quae

324 4978 656 5026 sanctorum
684 4966 1008 5038 corporibus
1032 4962 1270 5020 conferri
1294 4963 1514 5033 penitus
1538 4971 1622 5019 est
1650 4961 1908 5033 impossi-·

340 5061 449 5118 bile
474 5061 497 5115 ¹?
523 5058 695 5131 Cujus
719 5059 863 5114 enim
903 5057 1077 5113 sancti
1111 5071 1311 5127 corpus
1357 5070 1482 5111 vere
1502 5064 1587 5110 est
1614 5055 1792 5121 cibus,
1825 5055 1909 5110 vel

317 5167 453 5209 ·un0
481 5153 782 5222 eodemque
813 5160 1053 5220 tempore
1079 5147 1354 5204 invenitur
1376 5147 1432 5201 in
1462 5147 1598 5203 locis
1627 5148 1909 5218 pluribus?

332 5244 500 5311 Quod
524 5259 764 5314 unquam
793 5256 994 5309 corpus
1014 5239 1415 5309 quantumlibet
1446 5238 1808 5309 glorificatum
1830 5240 1906 5296 illi

340 5336 559 5408 corpori
583 5336 988 5407 comparabitur
1003 5334 1057 5390 in
1073 5336 1264 5408 gloria,
1289 5336 1356 5390 de
1376 5350 1488 5406 quo
1516 5336 1749 5392 dicitur:
1780 5336 1909 5392 Uen·-

319 5432 542 5499 'cunqtte
587 5428 743 5498 [uerit
789 5444 976 5498 corpus
1004 5470 1020 5496 ,
1057 5427 1186 5481 illuc
1229 5427 1681 5497 congregabuntur
1711 5428 1908 5499 aquila!

343 5519 563 5584 (natm.
598 5521 767 5594 xxiv).
799 5521 924 5576 Sive
952 5521 1098 5576 enim
1137 5535 1232 5590 per
1259 5518 1474 5589 aquilas
1502 5519 1770 5590 intelligas
1797 5521 1906 5575 vir-

342 5617 492 5665 tutes
523 5613 817 5682 angelicas,
849 5613 962 5669 sive
992 5621 1213 5668 sanctas
1247 5612 1481 5679 animas,
1508 5614 1563 5667 in
1608 5612 1755 5668 illius
1782 5627 1905 5668 cor·-

340 5701 492 5769 poris
515 5704 720 5759 vultum
746 5704 1055 5762 desiderant
1076 5703 1406 5777 prospicere,
1433 5702 1576 5773 quod
1600 5702 1757 5774 quasi
1782 5718 1904 5761 cor-

1570 5879 1650 5890 ⁹0·-

1669 5881 1719 5897 ιι·

2013 4696 2208 4765 saepius
2232 4695 2453 4764 dictata,
2477 4705 2532 4752 et
2552 4695 2805 4752 Ecclesiae
2823 4693 3083 4751 Romanae
3094 4705 3416 4766 praesentata
3431 4694 3579 4765 ejus-

2011 4805 2116 4860 que
2145 4788 2491 4860 pontificibus
2516 4788 2830 4846 Innocentio
2854 4797 2910 4845 et
2930 4788 3171 4860 Eugenio
3200 4786 3502 4854 insinuata,
3527 4797 3582 4842 et

2010 4879 2079 4935 ab
2106 4880 2185 4935 eis
2210 4878 2528 4949 approbata,
2556 4888 2742 4951 utpote
2763 4879 3003 4951 antiquis
3030 4878 3348 4950 pontificum
3373 4877 3580 4933 Roma-

2010 4988 2203 5027 norum
2226 4972 2492 5028 doctrinis
2516 4987 2779 5028 consona.

2079 5059 2146 5116 Et
2177 5061 2396 5131 quidem
2421 5062 2488 5118 de
2515 5060 2719 5118 Hilario
2746 5077 2855 5118 non
2885 5061 3109 5129 mirum,
3147 5061 3293 5133 quod
3333 5060 3480 5115 illius
3503 5058 3578 5115 di-

2010 5163 2095 5209 cta
2127 5162 2385 5224 tanquam
2433 5154 2666 5210 obseura
2711 5153 3027 5224 depravant.
3070 5151 3275 5209 Verum
3313 5150 3381 5207 de
3418 5149 3579 5207 dictis

2008 5244 2322 5317 Augustini,
2354 5244 2425 5300 ab
2451 5244 2532 5300 eis
2577 5243 2910 5316 depravatis,
2939 5245 3097 5301 valde
3135 5245 3424 5312 miramur,
3459 5243 3578 5298 sive

2008 5353 2106 5408 per
2134 5336 2577 5409 imprudentiam,
2605 5336 2720 5393 sive
2762 5352 2859 5408 per
2881 5337 3275 5409 impudentiam
3296 5334 3576 5403 acciderit,

2006 5431 2153 5502 quod
2198 5430 2464 5487 sententia
2493 5428 2640 5486 illius
2678 5430 2821 5502 apud
2857 5445 2952 5488 eos
2993 5446 3236 5488 errorem
3264 5428 3493 5502 genuit,
3528 5427 3579 5485 si

2008 5531 2187 5576 tamen
2216 5520 2423 5588 abillo,
2453 5529 2508 5578 et
2535 5536 2643 5577 non
2671 5523 2854 5593 potius
2882 5538 2912 5578 a
2947 5533 3102 5594 patre
3139 5520 3410 5578 mendacii
3438 5534 3578 5575 eon·

2006 5622 2267 5683 ceperunt
2296 5628 2516 5669 sensum
2550 5615 2696 5669 hunc
2726 5614 3105 5683 falsissimum,
3141 5631 3251 5686 quo
3282 5613 3577 5679 affirmant,

2006 5701 2284 5780 bominem
2311 5717 2653 5780 assumptum
2682 5708 2736 5764 in
2772 5724 2937 5765 unam
2972 5706 3258 5763 Trinitatis
3279 5717 3586 5789 personam.

3214 5801 3220 5838 ,
3444 5815 3449 5816 ff
