3817 6000
114 260 171 319 ddi
434 259 713 319 colluuntsuttttt
733 263 765 318 tlt
786 263 958 324 usitatos,
977 296 1013 307 -
1031 265 1122 323 PARS
1140 266 1161 323 Ι.
1181 297 1217 307 -
1235 268 1333 326 esst..
1352 268 1423 326 tttx.
1687 276 1741 333 958

114 383 304 450 pectusculum
331 375 490 431 eleratlonis
516 376 545 432 ln
571 378 650 434 altari
678 394 734 435 uon
764 390 902 437 crematur
915 384 937 441 Α
951 391 1044 453 posset
1057 385 1116 440 lieri
1127 384 1320 441 holocaustum.
1335 384 1365 440 lu
1378 385 1508 457 passione
1521 386 1604 461 igitur
1619 388 1739 463 Domini,

112 465 178 537 igne
196 474 303 531 sancto,
318 464 456 536 signillcat
474 466 502 521 ln
519 467 656 524 sacrificio
670 469 781 557 ¹bomini
793 487 903 542 separa-
953 473 1016 544 ejus
1042 476 1170 547 discipuli
1188 475 1254 533 iacti
1283 488 1347 533 sunt
1373 476 1550 545 sacrlllcinm,
1565 483 1699 551 separatis
1722 498 1741 541 a

111 558 217 613 tionem
238 565 305 612 tnnc
328 558 523 626 necessariam,
551 561 661 631 quando
691 564 902 619 sacrificatorem
952 567 1093 622 consortio
1106 582 1202 622 eornm
1218 576 1328 637 propter
1340 566 1501 623 scandalum
1517 570 1738 642 crucisquibtts·

110 648 292 715 scandalizat,
303 649 347 705 vel
359 649 470 706 dexteru
483 666 581 709 manns
596 654 676 724 quasi
687 670 781 712 armus
793 656 900 725 dexter,
952 659 1016 715 dam
1032 658 1109 717 loisis
1128 660 1281 731 discipulis.

109 748 224 812 propter
236 740 290 798 boe
301 740 391 812 ipsum
413 744 587 814 separatione
610 746 653 801 vel
680 748 903 804 excommunica·
989 749 1088 807 Vertrm
1100 751 1203 807 eisdem
1213 752 1240 806 in
1251 751 1470 809 Resurrectionis
1486 752 1538 809 lide
1552 754 1739 825 consolidatis,

93 832 188 888 'tione
203 831 340 889 lorinseca
352 834 461 905 dignus,
474 836 539 907 quia
552 836 669 892 latenter
681 836 734 893 init
748 849 901 910 separatus,
951 849 981 898 et
1005 843 1130 914 suppleto
1150 857 1265 898 numero
1294 844 1482 914 apostulorum
1511 859 1560 915 per
1579 845 1738 902 electionem

108 925 195 981 etiam
209 939 272 980 eum
284 925 424 982 videretur
434 926 505 983 intra
518 941 619 999 corpus
632 927 771 997 Ecclesiae,
786 931 825 986 lle
837 931 901 987 tali-
950 931 1069 999 llatbiae,
1083 947 1147 987 cum
1164 932 1267 1002 pariter
1286 930 1404 988 inissent
1430 932 1458 988 in
1474 935 1617 990 coenaculo
1631 950 1664 991 cx
1687 953 1741 992 uu·

108 1017 164 1075 bus
175 1019 256 1075 multi
268 1019 396 1076 exierunt
412 1036 428 1075 a
442 1021 533 1085 nobis,
542 1022 590 1078 sed
603 1037 657 1078 non
673 1034 751 1080 erant
762 1039 795 1080 ex
809 1024 899 1081 nobis.
951 1039 1029 1080 mero
1042 1024 1240 1096 discipulorum
1248 1025 1377 1096 usquead
1385 1034 1494 1081 centum
1502 1027 1608 1099 viginti,
1618 1045 1737 1100 quorum

107 1109 192 1177 Nam,
208 1112 233 1167 si
259 1109 377 1168 inissent
395 1128 429 1168 ex
448 1113 538 1181 nobis,
561 1116 780 1185 permansissent
806 1117 901 1188 utique
950 1117 1043 1172 nullus
1059 1123 1118 1172 erat
1131 1115 1217 1172 lalsus
1238 1116 1405 1187 discipulus,
1427 1137 1436 1169 t
1464 1116 1553 1173 iactus
1571 1128 1613 1174 est
1627 1130 1739 1190 repente

106 1205 266 1261 nobiscnm.
290 1203 484 1262 Pectusculnm
503 1222 570 1264 vero
591 1209 755 1266 elevationis
783 1212 899 1284 intelligi
949 1209 984 1265 de
1005 1209 1075 1265 coelo
1086 1223 1171 1264 sonus
1186 1217 1315 1278 unquam
1333 1208 1503 1265 advenientis
1516 1209 1629 1280 spiritus
1651 1211 1737 1266 velve-

107 1306 202 1371 potest
218 1296 394 1368 isdequoiu
411 1296 559 1370 Evangelio
571 1299 697 1358 dicitnr:
725 1322 735 1355 r
754 1301 782 1358 st
803 1305 900 1360 oculus
949 1299 1060 1366 mentis,
1078 1305 1106 1352 ct
1119 1297 1233 1368 replevit
1246 1305 1330 1353 totaru
1345 1297 1469 1365 domum,
1488 1297 1534 1354 ubi
1551 1299 1738 1357 erantseden-

106 1398 176 1446 tuus
186 1390 282 1447 dexter
292 1390 460 1447 scandalizat
474 1400 510 1459 te,
520 1406 587 1449 erne
604 1407 679 1460 enm,
695 1401 723 1448 et
733 1392 837 1464 projice
849 1395 899 1452 abs
948 1398 1000 1456 tes,
1016 1398 1045 1446 et
1061 1396 1247 1460 apparuerunt
1261 1388 1316 1443 illis
1330 1387 1483 1458 dispertitae
1497 1389 1596 1461 linguae
1607 1399 1738 1460 tanquam

106 1490 138 1538 tc
152 1478 264 1552 (liciti.
277 1497 305 1549 v,
317 1481 375 1552 29).
391 1499 401 1533 r
415 1478 474 1536 Nisi
495 1482 570 1539 enlm
589 1484 785 1540 intumesceret
801 1494 898 1555 pectus
947 1480 1019 1552 ignis
1032 1480 1103 1551 (eet.
1120 1495 1151 1548 u,
1164 1479 1182 1534 2
1196 1489 1223 1536 et
1235 1480 1291 1552 3)·'
1311 1479 1363 1537 Per
1374 1481 1447 1536 huuc
1458 1480 1558 1552 ignem,
1571 1481 1651 1551 cujus
1661 1482 1738 1538 vide·

106 1572 139 1629 in
152 1573 280 1640 elatione,
297 1588 353 1629 uon
367 1574 567 1631 scandalizaret
593 1575 636 1631 vel
663 1576 898 1634 scandalizaretur
947 1586 1013 1633 runt
1033 1578 1061 1632 in
1088 1576 1190 1648 linguis
1216 1576 1303 1648 igneis
1326 1576 1472 1647 quamdam
1498 1574 1737 1646 significationem,

105 1663 264 1720 intellectus
284 1664 313 1719 iu
330 1664 569 1736 contemplatione.
584 1664 746 1738 Propterea,
772 1669 843 1724 sicut
867 1668 895 1723 in
947 1668 1019 1725 iacta
1032 1676 1098 1724 suut
1110 1682 1205 1724 eorum
1225 1667 1309 1723 corda
1325 1665 1505 1734 flammantia,
1523 1681 1585 1736 quae
1607 1666 1634 1721 in
1649 1683 1737 1722 unnrn

105 1757 168 1829 lege
178 1757 369 1828 pectusculum
381 1756 568 1814 elevationisa
581 1773 661 1814 sacro
675 1758 736 1830 igne
743 1768 895 1829 separatur,
911 1732 1064 1817 Bconllata
1075 1759 1258 1815 holocaustum
1270 1757 1376 1815 nullius
1396 1769 1475 1814 eraut
1486 1767 1587 1815 extunc
1601 1758 1737 1829 suscepti-

105 1865 157 1927 per
168 1849 241 1921 quod
257 1850 385 1922 snperbia
402 1849 458 1906 beo
477 1859 505 1905 ει
527 1851 686 1908 hominibus
700 1851 810 1908 odibilis
831 1866 898 1908 con·
946 1850 1016 1908 biles
1039 1849 1193 1916 divisionis,
1208 1849 1275 1921 qnia
1298 1868 1308 1901 c
1336 1857 1421 1904 erat»
1439 1848 1507 1905 eis«
1531 1864 1579 1905 cor
1595 1864 1692 1917 nuum,
1710 1860 1739 1905 et

105 1941 268 2010 detranatur,
298 1941 336 1996 ita
357 1940 386 1997 iu
412 1940 559 2013 Evarrgebo
583 1941 679 1999 dexter
704 1944 802 1999 oculus
832 1959 895 2000 cnut
946 1943 1038 1998 animo
1054 1958 1108 1998 una
1123 1961 1133 1995 r
1149 1940 1245 1997 iubeo
1260 1940 1331 2010 (Art.
1351 1956 1390 2007 tv,
1407 1938 1653 2013 dilliequevero
1676 1957 1737 1996 rna·

106 2033 287 2101 scandalizat,
300 2033 413 2105 jubetur
424 2032 483 2088 erui
496 2043 524 2089 et
538 2034 648 2105 projici,
664 2049 713 2106 per
727 2035 799 2106 quod
812 2050 896 2106 prava
946 2048 1023 2090 crum
1034 2032 1085 2087 luit
1096 2031 1162 2087 illud
1176 2030 1370 2097 holocaustum,
1386 2030 1434 2086 sed
1449 2029 1527 2086 valde
1538 2031 1639 2103 pingue
1649 2032 1737 2086 abun·
1779 2024 1782 2029 ’

104 2124 286 2196 intelligentia
301 2125 582 2197 condemnatumque
596 2127 895 2198 superbiaecomesest‚
945 2124 1014 2181 dans
1029 2125 1126 2180 cadem
1140 2122 1316 2195 pinguedine,
1331 2137 1385 2193 qna
1398 2122 1502 2179 vitulus
1516 2122 1561 2179 ille
1583 2122 1736 2195 saginatus,

103 2216 208 2278 etideo
222 2218 324 2289 pariter
338 2235 401 2275 cum
423 2219 469 2275 illa
486 2220 663 2287 damnabilis,
683 2228 741 2276 eta
761 2236 840 2277 sacro
855 2221 896 2276 al·
945 2215 994 2286 qui
1017 2230 1068 2286 pro
1089 2214 1157 2285 ipsis
1185 2212 1276 2271 iuerat
1302 2213 1473 2279 immolatus,
1503 2222 1530 2269 et
1553 2213 1737 2270 insecantur»

104 2310 483 2385 tarisigneseparandaest.
499 2309 657 2367 linientem
682 2312 710 2367 in
735 2321 807 2367 coetu
829 2312 895 2368 flue·
944 2304 1129 2363 [actualium
1152 2305 1226 2361 euim
1251 2305 1366 2385 singulas
1379 2306 1467 2376 ipsius
1481 2306 1605 2362 actiones
1625 2315 1651 2363 et
1672 2322 1738 2378 pas·

103 2401 176 2459 ilum
189 2402 296 2457 nullum
306 2410 348 2457 est
363 2401 518 2457 membrum
534 2402 708 2472 separatione
721 2402 895 2476 dignumne·
945 2399 1038 2455 sioncs
1052 2397 1123 2453 inira
1138 2399 1251 2471 triginta
1266 2406 1323 2454 tres
1335 2413 1423 2454 anuos
1438 2411 1489 2470 pto
1504 2397 1648 2455 sacrificiis
1660 2400 1735 2455 mul-

103 2509 171 2549 vera
185 2493 222 2549 ibi
236 2492 268 2549 tit
285 2492 470 2549 holocaustem
482 2502 559 2550 tanto
573 2495 713 2567 pinguius,
728 2503 831 2565 quanto
843 2495 895 2551 erit
946 2493 981 2547 tis
995 2491 1182 2563 computandae
1192 2490 1257 2559 sint,
1270 2490 1366 2546 ultima
1381 2491 1468 2561 ipsius
1480 2490 1634 2547 immolatio
1648 2493 1690 2548 vel
1705 2493 1733 2550 in

104 2585 167 2657 ipse
179 2583 267 2641 fidelis
279 2586 398 2656 populus
410 2586 508 2643 merito
523 2596 551 2643 et
570 2602 685 2643 numero
708 2588 795 2659 magis
810 2589 895 2644 adau-
945 2598 1034 2651 coena,
1048 2582 1094 2638 ubi
1107 2598 1137 2638 se
1158 2582 1247 2653 ipsum
1258 2582 1286 2637 iu
1300 2582 1390 2653 specie
1401 2583 1480 2652 panis
1495 2598 1527 2639 uc
1542 2584 1613 2652 vini,
1629 2596 1736 2641 remoto

103 2684 179 2746 etus,
192 2685 219 2733 et
233 2678 314 2749 qnasi
324 2678 404 2750 adipe
417 2680 497 2734 bonae
510 2679 671 2747 voluntatis,
689 2688 716 2735 et
731 2679 895 2752 pinguedine
944 2674 1024 2742 luda,
1039 2675 1138 2730 obtulit
1155 2689 1189 2730 ac
1202 2674 1343 2745 discipulis
1365 2674 1450 2738 dedit,
1467 2675 1510 2732 vel
1526 2676 1554 2731 in
1568 2686 1661 2733 monte
1676 2675 1734 2732 Oli·

102 2770 211 2827 devotae
226 2769 394 2842 operationis
408 2772 537 2842 repletus.
565 2770 713 2843 Utriusque
739 2773 778 2830 rei
802 2789 895 2831 exem·
944 2767 1010 2834 vell,
1025 2767 1070 2823 nbi
1085 2782 1115 2823 ³0
1130 2768 1235 2824 01111110
1251 2766 1389 2834 1111111111,
1405 2767 1515 2839 (1111111110
1530 2783 1674 2839 1111111111
1687 2776 1736 2824 111·

101 2860 180 2932 plum
194 2860 222 2915 in
237 2870 333 2917 sancto
345 2859 494 2933 Evangelio
508 2862 672 2919 invenimus.
688 2861 756 2920 Nam
772 2864 800 2920 iu
815 2880 893 2922 coena
944 2857 1009 2913 (lere
1023 2857 1106 2928 emilii
1117 2872 1211 2913 10111111
1230 2858 1384 2928 discibulis.
1403 2857 1559 2915 1111111111
1583 2868 1626 2916 111
1649 2861 1735 2917 sudor

103 2948 226 3020 Domini,
241 2950 506 3023 sicntpraetaaatum
529 2961 582 3021 εει,
599 2960 660 3009 erat
686 2966 781 3010 armus
799 2954 894 3011 dexter
944 2948 1005 3020 eius
1018 2948 1098 3021 qnasi
1120 2956 1204 3021 gutta
1225 2949 1368 3021 sanguinis
1382 2948 1553 3007 decurrentis
1577 2950 1606 3007 in
1632 2960 1734 3009 terram

101 3056 154 3113 per
164 3039 295 3110 officium,
306 3042 354 3098 sed
370 3030 483 3098 sinister
496 3056 545 3113 per
563 3044 692 3098 meritum
715 3041 800 3100 iudas
820 3059 928 3127 mer-(3
945 3041 1023 3113 (bns.
1040 3059 1109 3110 xxu,
1127 3043 1190 3113 ll)r
1202 3044 1246 3098 vel
1262 3044 1289 3099 iu
1307 3058 1355 3099 ara
1370 3044 1472 3110 crucis,
1487 3043 1535 3100 ubi
1549 3053 1666 3102 mortem
1682 3062 1734 3102 no·

101 3141 183 3190 sator
193 3131 342 3203 pessimus,
353 3132 410 3203 jam
422 3131 520 3204 spiritu
532 3142 676 3204 separatus
690 3134 725 3190 ab
737 3136 890 3206 apostolis3
943 3143 1029 3190 stram
1048 3132 1191 3189 moriendo
1214 3132 1360 3201 destruxit,
1382 3148 1432 3205 pro
1455 3148 1555 3206 magno
1578 3151 1612 3192 ac
1637 3136 1733 3208 pingui

99 3224 151 3292 uni
165 3235 194 3283 ει
208 3225 305 3283 oculus
320 3225 416 3282 dexter
428 3224 491 3295 luit,
512 3226 560 3283 sed
575 3227 777 3297 scandalizans,
797 3229 893 3286 dexter
942 3225 1066 3284 habenda
1084 3234 1126 3284 est
1140 3226 1302 3283 holocausto
1325 3226 1384 3284 hec
1406 3226 1466 3298 ipsa
1492 3228 1553 3299 ejus
1579 3230 1684 3296 ultima,
1702 3239 1734 3287 ut

105 3332 157 3390 per
172 3318 379 3374 similitudinem
394 3319 470 3386 boui,
491 3319 681 3376 scandalizans
696 3335 744 3391 per
763 3321 893 3378 intentio-
941 3317 1111 3385 dictumest,
1129 3318 1292 3375 immolatio.
1317 3316 1371 3385 Qui
1395 3317 1418 3374 si
1442 3333 1493 3389 pro
1516 3320 1612 3390 paucis
1635 3317 1733 3378 inisset

100 3423 167 3464 uem
179 3408 290 3464 malitia
302 3417 329 3464 ει
345 3408 484 3481 nequitiae.
500 3408 638 3481 ideoipse
662 3425 788 3467 summus
799 3413 892 3483 ponti·
942 3410 1110 3478 immolatus,
1137 3423 1313 3481 nequaquam
1341 3409 1445 3466 vitulus
1468 3418 1543 3466 esset
1578 3411 1730 3482 saginatus.

101 3501 159 3570 lex,
179 3503 220 3559 uti
233 3512 432 3573 praeostensum
448 3509 499 3570 est,
514 3511 545 3558 ut
560 3517 641 3559 sunm
667 3501 788 3573 legitime
811 3502 893 3574 perli-
940 3502 1055 3574 Propter
1069 3503 1121 3558 lroc
1137 3517 1221 3560 orans
1232 3502 1260 3557 in
1275 3511 1367 3559 monte
1382 3499 1490 3570 oliveti,
1501 3517 1565 3560 cum
1580 3517 1631 3572 pro
1642 3502 1730 3560 disci·

100 3603 178 3652 oeret
192 3594 370 3662 sacrificium,
385 3595 523 3667 separavit
543 3595 599 3651 illic
614 3610 721 3651 armum
741 3595 892 3667 separatio·
941 3595 1014 3665 pulis
1024 3601 1141 3657 orasset,
1152 3609 1188 3650 ne
1204 3593 1260 3651 illis
1272 3593 1464 3651 tantummodo
1488 3594 1601 3651 salvatis
1620 3594 1678 3665 ipse
1690 3595 1732 3650 vi·

101 3686 158 3754 uis,
173 3687 238 3744 llcet
248 3687 387 3756 dextrum,
402 3688 466 3744 licet
480 3688 508 3743 iu
528 3686 617 3744 oilicio
633 3702 684 3744 suo
698 3688 776 3744 valde
795 3688 890 3744 utilem
941 3687 1015 3774 tulus
1025 3686 1180 3751 victimalis,
1190 3684 1269 3756 qnasi
1282 3684 1444 3741 macilentus
1456 3685 1573 3753 videtur,
1588 3700 1637 3755 per
1649 3700 1730 3755 quern

100 3779 204 3835 visum.
216 3776 295 3847 Nam,
310 3794 373 3835 cum
385 3776 545 3835 funderetur
559 3786 728 3851 unguentum
739 3779 889 3848 pretiosum
939 3787 997 3835 mm
1016 3792 1100 3849 prava
1123 3777 1288 3847 populorum
1312 3776 1403 3846 portio
1428 3775 1592 3842 salvaretur,
1610 3776 1729 3845 adjecit:
1775 3789 1781 3798 ·

101 3880 168 3928 ante
182 3871 338 3942 passionem
353 3879 529 3943 supercaput
542 3869 656 3937 Christi,
671 3879 699 3926 et
723 3870 782 3941 ipse
805 3868 890 3927 iudas
943 3867 1031 3926 rllon
1046 3869 1150 3940 proluis
1165 3877 1257 3924 antem
1275 3882 1342 3939 rogo
1361 3876 1477 3933 tantum,
1490 3868 1538 3925 sed
1564 3875 1592 3923 ει
1614 3882 1663 3939 pro
1686 3867 1730 3923 his

101 3964 207 4021 diceret
219 3980 227 4017 ε
237 3980 247 4015 r
258 3958 295 4017 Ut
305 3962 371 4033 quid
384 3960 503 4033 perditio
517 3960 595 4018 haecl
612 3967 720 4031 poterat
732 3960 805 4017 euim
816 3960 890 4017 istud
939 3961 989 4033 qui
998 3961 1128 4017 credituri
1141 3968 1206 4016 sunt
1219 3975 1269 4030 per
1280 3959 1393 4015 verbnm
1405 3973 1512 4026 eorum,
1526 3967 1556 4014 ut
1567 3959 1625 4015 sint
1634 3973 1730 4015 omnes

100 4054 254 4111 venundari
275 4054 373 4120 mnlto,
386 4062 414 4110 et
435 4053 494 4109 dari
511 4051 801 4124 pauperibnsllluttlr.
813 4069 888 4123 xxvi,
939 4068 1036 4121 unum,
1052 4053 1123 4110 sient
1138 4060 1167 4108 et
1179 4066 1232 4108 nos
1259 4065 1344 4108 nuum
1368 4064 1465 4108 snmus
1480 4048 1573 4122 (ioan.
1597 4065 1665 4119 xvn,
1681 4049 1727 4119 2⁰,

100 4143 176 4215 8,9).
188 4142 304 4199 »Οειειί
315 4143 442 4215 discipuli
453 4153 652 4201 consenserunt
658 4144 746 4201 verbis
758 4144 818 4216 ejus
828 4155 890 4201 tan-
938 4146 997 4218 21).
1013 4165 1023 4199 s

99 4252 186 4309 quam
206 4235 286 4295 bonis
303 4245 331 4292 ει
355 4236 479 4302 utilibus.
504 4236 539 4291 tlt
557 4236 666 4308 agnitor
687 4236 747 4306 eins
762 4235 889 4307 nequitias
983 4238 1054 4295 Ecce
1077 4252 1161 4309 quarn
1190 4237 1330 4308 saginatus
1355 4235 1476 4302 vitulus,
1497 4250 1580 4306 quarn
1610 4234 1728 4293 multum

99 4329 183 4387 lesus
195 4343 303 4384 armum
319 4329 397 4385 ilium
418 4328 490 4385 ialso
503 4329 641 4397 dextrum,
653 4345 716 4385 vere
734 4329 887 4399 sinistrum,
940 4332 1110 4398 incarnatus,
1124 4344 1208 4400 quam
1219 4329 1341 4400 pinguls,
1352 4343 1434 4399 quam
1450 4328 1637 4398 corpulentus,
1644 4343 1728 4399 quam

99 4428 129 4476 et
141 4421 251 4476 oculum
261 4419 492 4475 scandalizantem
505 4420 691 4489 separavit,et
705 4419 825 4491 reliquos
832 4420 889 4478 dis·
904 4410 926 4465 [1
940 4425 1048 4497 magnis
1060 4432 1088 4482 et
1102 4423 1196 4479 multis
1208 4421 1338 4478 membris
1352 4436 1401 4492 per
1411 4421 1553 4477 charitatis
1565 4420 1672 4492 adipem
1684 4421 1729 4478 di·

102 4511 252 4584 cipulosin
271 4510 407 4568 sacrificio
431 4511 548 4583 mystico
569 4511 759 4580 sanctificavit,
778 4513 887 4569 sicutin
939 4518 1051 4586 letatus,
1065 4517 1114 4589 qui
1125 4532 1181 4573 nuo
1195 4514 1285 4573 solum
1299 4530 1350 4586 pro
1361 4514 1506 4584 discipulis
1531 4513 1682 4570 immolavit
1698 4529 1729 4571 se

100 4604 229 4661 oratione
242 4618 293 4660 sua
304 4603 376 4659 dixit
389 4620 421 4658 :r
440 4602 474 4658 Et
484 4618 534 4675 pro
551 4602 592 4660 eis
613 4618 664 4675 ego
681 4605 825 4661 sanctilico
845 4619 890 4661 me
940 4610 1042 4681 ipsum,
1057 4608 1105 4665 sed
1124 4608 1207 4664 etiam
1221 4623 1272 4679 pro
1287 4606 1417 4663 omuibus
1439 4605 1586 4661 credituris
1601 4621 1651 4677 pcr
1663 4621 1728 4662 ver-

100 4697 205 4768 ipsum,
221 4705 251 4751 ut
266 4696 322 4751 sint
339 4702 368 4751 et
382 4695 433 4766 ipsi
446 4693 534 4751 sancti
548 4696 577 4751 in
590 4697 704 4752 veritate
715 4695 806 4768 licon.
820 4713 887 4763 xvrr,
940 4701 1006 4757 bum
1019 4716 1127 4757 eorum.
1143 4698 1216 4755 lntra
1227 4713 1345 4770 quornm
1361 4697 1532 4753 consortium
1545 4713 1596 4751 non
1611 4697 1729 4753 testima-

102 4788 159 4859 19).
175 4806 185 4840 r
206 4785 287 4854 Quod
307 4786 397 4843 dicit:
418 4785 561 4858 sanctifico
587 4803 628 4842 me
645 4788 741 4858 ipsum,
760 4788 832 4844 idem
847 4796 889 4845 εει
940 4804 982 4848 tor
993 4793 1159 4859 meritorum,
1172 4791 1218 4847 aed
1233 4791 1315 4845 veniae
1331 4788 1445 4861 largitor
1465 4789 1584 4845 admittit
1602 4789 1728 4845 multitu-

97 4894 134 4935 ιε
147 4879 171 4935 si
181 4878 284 4934 diceret
301 4876 470 4934 :Sanctilico
486 4894 531 4935 me
550 4879 651 4951 ipsum,
668 4880 797 4938 decidens
814 4883 889 4938 vide·
938 4885 1031 4942 dinem
1044 4883 1166 4954 gentium
1185 4897 1234 4954 per
1257 4897 1361 4954 paucos
1383 4882 1533 4952 discipulos
1547 4881 1726 4938 credentium.

98 4970 166 5029 licet
174 4970 312 5043 quoddam
327 4970 482 5027 membrum
495 4987 598 5039 meunt,
611 4981 642 5028 nt
655 4981 684 5029 et
699 4971 755 5028 sint
766 4973 817 5044 ipsi
828 4989 889 5030 san·
941 4995 951 5030 r
975 4975 1043 5049 ligo,
1065 4976 1186 5047 linquit,
1204 4994 1214 5027 r
1233 4990 1285 5046 pto
1310 4975 1352 5033 eis
1371 4990 1450 5047 rogo,
1466 4989 1523 5030 non
1547 4989 1597 5045 pro
1624 4972 1727 5030 mundo

96 5059 224 5129 educati,
236 5061 279 5117 vel
302 5059 509 5125 sanctiticatiin
527 5063 653 5131 veritate,
673 5072 777 5119 remota
791 5064 888 5120 videli-
938 5080 1016 5138 rogo,
1027 5064 1074 5121 sed
1091 5080 1143 5136 pro
1154 5064 1278 5136 hisuuus
1302 5064 1402 5121 dedisti
1424 5065 1503 5128 mihi,
1518 5064 1583 5135 quia
1600 5062 1639 5119 tui
1663 5071 1728 5119 sunt

98 5159 147 5210 cet
160 5149 294 5208 falsorum
308 5150 424 5207 iratrnus
439 5152 596 5223 deceptoria
609 5153 740 5210 vanitate.
764 5152 810 5211 Sic
824 5171 889 5211 san·
938 5155 1069 5226 (11119).
1090 5175 1100 5209 r
1117 5153 1196 5223 Ecce,
1213 5155 1353 5228 quomodo
1371 5155 1417 5212 hic
1437 5155 1567 5214 sacerdos
1586 5162 1615 5210 et
1636 5152 1727 5209 hostia

100 5243 204 5312 stilico,
214 5244 258 5300 sel
272 5242 398 5300 sacrissco
417 5258 462 5300 me
479 5243 569 5315 ipsum
595 5243 699 5302 iaciens
712 5245 747 5302 de
761 5261 805 5303 me
827 5247 888 5318 ipso
937 5246 1027 5305 iactrrs
1041 5247 1112 5303 inter
1126 5247 1232 5307 medios
1246 5248 1324 5321 ignes
1338 5246 1493 5308 holocausti
1503 5260 1609 5302 memor
1618 5243 1671 5300 init
1682 5260 1726 5299 vu-

96 5339 267 5400 eacrilleium
282 5339 470 5409 vespertinum
484 5353 536 5410 pro
549 5339 618 5396 meis
628 5337 767 5407 omnibus,
780 5348 812 5395 ut
831 5340 888 5396 sint
937 5341 1043 5410 crificii,
1056 5341 1209 5412 separando
1222 5339 1348 5399 videlicet
1361 5337 1496 5396 mundum
1507 5336 1682 5393 incredulum
1695 5335 1726 5391 in

97 5442 129 5492 et
139 5433 192 5506 ipsi
211 5433 387 5500 sanctificati,
404 5446 421 5488 a
443 5429 522 5488 ialsis
536 5431 661 5488 videlicet
683 5430 814 5489 iratribus
827 5447 888 5488 om·
937 5434 1057 5503 maligno
1071 5434 1189 5504 positum
1203 5431 1240 5488 ab
1253 5430 1297 5488 lris
1307 5431 1355 5502 qui
1369 5430 1499 5487 oredlturi
1512 5441 1592 5486 erant
1603 5443 1652 5499 per
1663 5443 1726 5485 ver-

98 5523 168 5580 oino
189 5523 361 5594 separatior
385 5521 551 5577 sacrificium
575 5520 741 5591 acceptabile
767 5520 831 5578 lacti
857 5521 886 5577 iu
936 5526 1002 5581 bum
1014 5522 1288 5596 discipulorum.Sed,
1300 5522 1410 5594 quiade
1422 5521 1726 5593 legesuerifieiiquau-

97 5621 215 5672 ventate
243 5613 304 5670 sinc
328 5611 455 5669 falsitatis
480 5612 700 5678 intermistione,
727 5612 790 5684 quia
832 5612 886 5669 uisi
937 5625 995 5672 tum
1010 5631 1085 5672 nunc
1106 5616 1212 5679 attinet,
1223 5613 1291 5669 satis
1307 5612 1410 5669 dictum
1433 5622 1485 5669 est.
1503 5611 1542 5668 lie
1559 5612 1725 5686 pinguedine

95 5708 177 5791 print
191 5707 258 5770 lant
281 5705 445 5768 sacrillcium
463 5706 634 5786 separatione
660 5707 806 5782 maiorum²
830 5723 885 5774 troo
937 5704 1290 5796 noioeanstilrujua2cnpjus
1310 5704 1380 5768 odor
1403 5704 1585 5770 suavissimus
1606 5715 1661 5778 cst,
1675 5705 1727 5772 att«
