3817 6000
202 234 259 291 εἴ)
686 217 838 275 cautioni
858 214 1052 272 PliAEPOSlTl
1073 210 1345 268 RElClllillSl'EllG.
1780 208 1847 264 624

202 338 473 420 pnptdosobnrulto
494 336 642 408 tignrarom
658 332 821 396 velamento,
841 331 914 402 quod
939 345 994 385 non
1010 331 1033 389 d
1048 326 1150 392 rentn,
1179 324 1251 396 qood
1281 321 1428 393 perlectum
1452 329 1503 384 est,
1530 327 1673 384 evacuato,
1698 320 1771 390 qrrod
1802 336 1846 376 ex

198 436 318 511 penitus
331 441 373 488 est
384 426 609 493 abstrahendum,
624 423 676 480 nisi
693 423 762 478 intra
776 422 875 478 Sanoa
885 431 997 478 sancto·
1045 427 1122 491 parte
1137 425 1181 474 est
1201 414 1230 488 (l
1243 414 1305 471 Cor.
1328 429 1390 480 xnr,
1413 410 1468 483 10).
1493 411 1560 467 Cum
1585 411 1660 468 enim
1676 410 1764 482 gloria
1786 411 1845 469 Dei

199 545 284 594 rum,
302 526 348 582 obi
365 523 435 578 iacie
454 520 487 576 ad
510 518 607 574 iaciem
621 514 758 571 ridebitur
775 514 846 570 Deus
870 514 995 570 deororn.
1045 527 1101 567 non
1116 525 1150 565 ex
1167 516 1254 580 parte,
1277 505 1324 562 sed
1340 513 1397 561 tota
1415 501 1644 570 manifestabitur,
1657 510 1733 571 tuoe,
1751 511 1783 559 ot
1798 505 1845 560 ait

200 620 290 676 'Tunc
300 618 372 673 enim
389 612 561 671 cessantibus
575 610 670 680 liguris
691 608 820 662 omnibus
832 606 955 672 clarebit,
970 614 998 660 et
1044 602 1200 668 Psalmista,
1216 597 1342 654 Satiaior
1356 595 1444 665 (Ptol.
1459 611 1516 663 xrr,
1532 595 1587 666 15),
1603 595 1628 651 si
1640 609 1725 661 notre,
1738 596 1843 652 esurio

195 680 351 781 ‘apparebit
367 706 478 770 veritas,
495 699 541 756 obi
563 701 666 772 absque
687 700 837 772 ligoramm
852 696 996 753 velamini·
1045 705 1073 752 ct
1087 694 1150 752 sitio
1162 692 1308 765 justifiam,
1323 697 1351 746 ct
1366 688 1413 745 bei
1430 689 1555 760 gloriam.
1572 686 1626 743 Sed
1643 688 1703 744 aee
1720 690 1844 747 satietas

211 805 263 858 bus
277 800 367 855 omnis
381 797 492 868 spiritus
508 792 629 849 laudabit
644 792 800 848 bominum.
1045 785 1209 843 reservanda
1222 793 1265 841 est
1279 783 1308 838 in
1320 782 1447 856 patriam.
1461 779 1495 835 Et
1507 779 1649 837 nobiscum
1663 779 1731 837 berre
1743 783 1844 852 agitur

247 895 325 950 Nunc
336 892 446 948 interim
460 889 602 945 nobiscum
618 886 687 941 bene
703 885 804 958 agitur,
823 883 847 940 si
867 883 897 938 in
915 882 997 938 banis
1046 876 1074 931 in
1088 877 1141 943 ria,
1160 876 1184 933 si
1197 876 1277 933 nobis
1292 876 1320 931 in
1334 874 1534 931 delectamento
1547 872 1705 943 psalmodiae
1720 873 1844 931 satietas

211 990 248 1044 ita
260 983 409 1057 replebitur
418 990 543 1039 nostrum
555 978 734 1045 desiderium,
748 984 779 1032 ot
792 975 908 1032 satisfiat
916 975 998 1031 nobis
1046 970 1099 1025 erit
1114 968 1221 1036 viatica,
1236 976 1264 1023 et
1276 967 1428 1034 itineraria,
1449 966 1539 1037 qualis
1553 966 1615 1021 data
1637 974 1680 1021 est
1694 965 1760 1021 Eliae
1775 982 1844 1021 am-

211 1080 245 1135 ad
268 1075 454 1148 repellendum
468 1073 532 1128 uitat
553 1071 633 1128 istius
647 1069 756 1126 tedium
769 1082 818 1139 per
842 1075 995 1123 nectaream
1047 1059 1174 1114 bulatoro
1188 1058 1215 1112 in
1231 1057 1315 1115 unios
1329 1057 1383 1113 cibi
1400 1055 1559 1111 fortitudine
1574 1055 1754 1127 quadraginta
1775 1055 1844 1110 dic·

211 1170 384 1226 Psalmorom
401 1164 617 1237 intelligentiam,
633 1177 716 1233 qrram
736 1160 791 1215 [leo
816 1159 923 1215 latente
949 1175 997 1229 ap-
1046 1152 1109 1217 bus,
1124 1159 1151 1208 ct
1163 1150 1343 1222 quadraginta
1355 1150 1481 1205 noctibus
1495 1163 1581 1220 usque
1595 1149 1628 1203 ad
1646 1157 1766 1203 montem
1785 1145 1842 1202 tter

211 1259 380 1331 prehendere
402 1266 530 1328 optamus
555 1254 665 1309 Patrem
683 1252 805 1322 uestigiis
828 1249 996 1316 inhaerendo,
1047 1242 1148 1298 Horeb.
1164 1241 1350 1313 Quadraginta
1372 1238 1462 1294 diebus
1476 1247 1500 1293 et
1518 1237 1697 1309 quodraginta
1712 1237 1840 1290 noctibus

212 1360 294 1420 atque
309 1347 417 1403 illorum
433 1344 582 1403 sententias
596 1341 766 1413 colligendo;
780 1356 874 1412 ,neque
886 1340 930 1395 bis
944 1338 997 1393 ali·
1047 1335 1074 1406 (1
1077 1334 1109 1393 ll
1116 1334 1180 1406 lleg.
1194 1348 1252 1401 xix,
1267 1332 1306 1404 8),
1320 1331 1445 1405 designat
1458 1331 1519 1385 ritae
1535 1330 1614 1385 istius
1627 1338 1734 1399 tempus
1753 1328 1839 1383 labo-

212 1438 279 1513 quid
296 1437 494 1504 interserendo,
513 1435 566 1491 nisi
584 1435 765 1507 quodeorum
779 1432 996 1497 auricomans,
1046 1427 1163 1493 riosum,
1186 1424 1214 1479 in
1231 1439 1286 1495 quo
1303 1421 1445 1479 delicieate
1468 1429 1563 1477 nostra
1582 1418 1742 1475 lortitudino
1764 1434 1841 1489 opus

212 1529 339 1601 quodque
350 1526 497 1599 legentium
515 1526 607 1593 iidem,
621 1538 696 1596 spem
711 1532 738 1578 ct
751 1523 911 1579 charitatem
929 1521 997 1575 aedi-
1047 1519 1180 1575 babemus
1194 1516 1269 1574 illius
1282 1515 1334 1572 cibi
1352 1513 1522 1575 fortitudine.
1535 1512 1615 1584 cuius
1626 1511 1756 1567 mutando
1770 1526 1839 1565 cum

212 1623 283 1678 sicet.
302 1619 332 1677 Si
346 1620 408 1692 quis
430 1629 522 1675 tamam
545 1618 634 1690 legere
655 1615 821 1691 dignabitur,
837 1613 910 1685 qnod
927 1611 996 1668 milri
1048 1610 1135 1669 nescit
1157 1608 1285 1678 delicere,
1300 1623 1354 1665 non
1370 1607 1472 1665 desinit
1492 1607 1614 1672 relicere,
1629 1613 1711 1676 atque
1724 1602 1839 1659 coador-

212 1690 353 1770 serrorum
379 1727 492 1768 suorum
522 1710 619 1766 ultimo
644 1710 736 1765 diuina
760 1709 846 1778 pietas
875 1705 997 1762 revelare
1013 1683 1033 1739 Β
1047 1712 1116 1760 tare.
1133 1701 1163 1757 ln
1183 1701 1259 1759 illius
1270 1716 1335 1773 ergo
1350 1700 1403 1757 cibi
1422 1698 1581 1756 fortitudine
1595 1695 1710 1753 claudus
1724 1710 1787 1767 ega,
1802 1710 1842 1751 ac

211 1808 321 1879 dignata
345 1805 427 1860 luerit
449 1819 483 1860 cx
505 1812 581 1876 parte
603 1801 839 1875 cognoscendum,
863 1814 897 1855 ex
920 1804 998 1869 parte
1048 1795 1145 1855 debilis
1168 1793 1311 1866 aggrediar
1330 1793 1439 1849 diaetam
1463 1790 1593 1865 propositi
1622 1788 1689 1845 mibi
1708 1787 1840 1861 itineris,

212 1897 439 1967 prophetandum,
464 1893 604 1964 adbojns
625 1894 688 1948 nitae
709 1890 850 1946 fastidiunt
873 1888 998 1944 releran·
1022 1939 1025 1945 ⁴
1048 1903 1103 1945 non
1118 1889 1146 1944 in
1161 1902 1232 1955 mea,
1255 1902 1317 1960 quae
1339 1887 1484 1953 nullaest;
1507 1884 1554 1941 sed
1581 1884 1608 1938 in
1622 1881 1675 1938 eibi
1693 1879 1842 1936 conlidens

212 1989 288 2056 dont,
312 1996 474 2059 aeternaeque
495 1988 559 2043 ritae
573 1986 797 2042 inflammandum
818 1984 996 2051 desiderium,
1048 1980 1219 2050 fortitudine,
1239 1980 1286 2052 qui
1308 1989 1398 2051 potest
1422 1980 1529 2034 intirma
1553 1985 1647 2032 nostra
1670 1972 1842 2030 sufficienler

214 2083 260 2138 ubi
272 2090 324 2149 est,
336 2090 364 2137 et
377 2080 550 2138 excitandum
564 2081 609 2136 obi
620 2079 736 2137 necdum
751 2087 802 2147 est,
818 2080 997 2150 quoadusque
1048 2072 1214 2131 confortare.
1227 2071 1324 2128 Amen.

843 2416 1202 2513 Puoffllttitttl.

249 2790 401 2846 lucendum
409 2790 443 2844 sit
455 2789 503 2845 nbi
513 2789 645 2862 eloquium
657 2805 741 2843 areum
756 2786 1034 2858 (Pacl.crrr,5l),oc
1051 2782 1179 2839 bonitatis
1194 2779 1373 2837 aboridabont
1392 2778 1419 2832 in
1442 2786 1549 2849 pastum
1565 2777 1759 2849 sempiternom
1776 2790 1837 2831 cer-

215 2884 334 2938 Trinitas
347 2883 455 2938 sancta!
471 2883 564 2939 soarts
581 2883 617 2938 sit
628 2881 677 2937 tibi
692 2880 813 2937 laudatio
827 2896 897 2947 ntea,
916 2881 998 2933 torris
1049 2882 1145 2929 nomes
1160 2886 1243 2928 unum
1259 2871 1361 2924 trinum
1378 2868 1474 2935 ileum,
1497 2869 1576 2939 cujus
1593 2869 1620 2923 in
1645 2869 1696 2923 ltac
1709 2869 1763 2921 vita
1784 2883 1837 2938 pa·

214 2975 359 3046 fortissimo
376 2990 469 3029 nornen
487 2972 594 3029 Domini
619 2971 875 3046 (Treuirorum),
898 2987 999 3028 nomen
1050 2964 1101 3023 scit
1115 2978 1213 3020 nomen
1237 2961 1428 3019 dulcissimum
1442 2962 1517 3034 qood
1537 2968 1578 3032 put
1600 2959 1704 3031 praelati
1726 2962 1836 3031 somus)

214 3068 304 3123 Trina·
318 3066 448 3134 llnitatis,
469 3077 496 3122 et
514 3066 601 3123 Unius
615 3082 730 3123 suntmae
744 3066 886 3121 Trinitatis
912 3080 1000 3121 enun-
1049 3060 1155 3130 primus
1170 3058 1293 3112 omnium
1304 3055 1502 3127 prophetarum
1516 3053 1666 3110 loculenter
1680 3054 1764 3109 edixit
1786 3068 1838 3123 pa·

215 3160 352 3226 tiatirum,
366 3174 466 3213 nomen
482 3156 582 3226 Patris,
597 3170 624 3214 et
638 3157 710 3224 Filii,
726 3168 753 3213 ct
768 3156 887 3228 Spiritus
900 3157 998 3212 sancti.
1050 3160 1110 3206 stor
1120 3150 1172 3205 iste
1183 3146 1308 3218 insignis,
1324 3160 1404 3216 quem
1418 3144 1524 3216 pavisse
1547 3159 1612 3199 ores
1628 3144 1723 3215 patris,
1740 3152 1767 3198 et
1790 3159 1836 3198 sa·

215 3252 300 3324 (lnjns
312 3252 396 3318 laudi,
409 3251 488 3322 cujus
503 3251 600 3307 bononi
621 3258 648 3305 et
662 3249 753 3321 gloriae
766 3249 793 3304 in
809 3250 861 3306 boc
872 3248 1000 3321 praesenti
1050 3257 1097 3297 cra
1119 3239 1233 3295 historia
1249 3237 1401 3294 clarissime
1422 3235 1553 3300 narrarit,
1575 3244 1603 3291 et
1625 3235 1739 3307 ipsemet
1761 3236 1837 3290 canit

216 3360 297 3414 opere
319 3342 488 3414 propositum
514 3342 593 3398 nobis
607 3351 659 3405 est,
684 3341 861 3396 intentionem
877 3351 1000 3395 nostram
1050 3333 1142 3388 uerbis
1156 3329 1368 3401 ltoioseemodiz
1385 3327 1420 3383 lit
1434 3328 1511 3399 elegit
1524 3325 1612 3381 Dauid
1631 3343 1733 3382 terrum
1746 3343 1835 3393 suurn,

215 3436 352 3503 dedicate,
365 3433 472 3506 pastum
493 3432 639 3504 quaerendo
653 3434 679 3487 in
693 3434 802 3503 pascuis
816 3433 935 3504 pastoris
948 3431 1001 3485 lla·
1050 3433 1075 3478 et
1097 3421 1206 3477 ttttltlil
1226 3437 1286 3474 eum
1305 3419 1337 3474 tle
1358 3417 1478 3490 errollus
1490 3420 1588 3485 ovium.
1601 3420 1633 3473 dr
1647 3428 1704 3489 post
1723 3419 1836 3489 letantes

215 3528 269 3592 tid,
282 3527 329 3597 qui
344 3528 449 3597 primos
464 3536 491 3580 et
504 3526 656 3595 praecipuus
670 3524 792 3579 omnium
805 3525 1001 3595 prophetarum
1051 3517 1149 3586 occepit
1165 3531 1225 3569 eum
1242 3512 1327 3582 (Ptol.
1344 3528 1446 3580 lxxvii,
1463 3511 1518 3584 70).

214 3620 362 3690 gloriosum
378 3627 478 3673 sanctae
491 3615 633 3672 Trinitatis
647 3630 747 3672 nornen
761 3617 901 3672 euidenter
914 3632 1002 3671 eitun·
1085 3609 1163 3680 Apud
1176 3608 1257 3663 istum
1273 3617 1410 3677 pastorem
1422 3606 1495 3677 quod
1514 3606 1541 3661 in
1555 3607 1665 3676 pascuis
1687 3605 1835 3662 uberrimis

215 3714 300 3768 tiarit.
319 3711 404 3782 Cujus
426 3712 498 3767 trino
513 3724 610 3781 sapore
623 3709 650 3764 in
671 3707 787 3764 Psalmis
808 3719 849 3764 ter
863 3708 1001 3779 quinqua·
1050 3710 1093 3756 cst
1110 3698 1326 3767 sapidissimum,
1343 3696 1491 3769 gloriosum
1513 3697 1638 3754 videlicet
1655 3707 1756 3756 sanctae
1772 3697 1833 3754 Tri·

215 3803 292 3874 genis
308 3802 367 3872 ipse
385 3809 478 3872 pastor
490 3800 616 3871 egregius
630 3814 696 3854 ores
712 3800 860 3854 rationales
873 3801 958 3870 parit,
975 3808 1002 3854 ct
1051 3793 1144 3849 nitatis
1160 3807 1270 3858 nomen,
1285 3792 1403 3861 primum
1428 3790 1510 3845 claris
1536 3789 1578 3861 (ut
1600 3788 1704 3859 praelati
1727 3793 1834 3860 somus)

215 3909 310 3970 gliscet
324 3913 410 3970 nsque
424 3898 449 3951 in
464 3895 545 3952 finem
560 3895 663 3950 saeculi.
676 3894 735 3965 lpse
748 3906 790 3950 est
803 3897 888 3960 enim,
901 3896 934 3949 de
947 3912 1002 3965 quo
1052 3901 1229 3954 personarum
1254 3882 1477 3939 distinctionibus
1498 3883 1604 3937 enituit.
1620 3881 1689 3950 Quia
1705 3887 1761 3952 ipse
1777 3885 1833 3953 pri·

215 3993 243 4046 in
269 3992 394 4046 lartdibus
417 3987 528 4045 Patr-unt
550 3988 649 4044 dicitur
673 4005 680 4042 ι
706 3987 744 4040 lle
764 3989 835 4041 ontrti
856 3989 1000 4043 cordetuo
1053 3976 1212 4032 11111ὃῦ01111
1227 3976 1346 4043 Ρ1111111,
1362 3975 1446 4031 Deum
1469 3975 1579 4041 Filium,
1603 3975 1833 4045 0111131111111111

216 4083 335 4138 laudauit
349 4082 501 4146 llorrtt'rtum,
521 4090 545 4134 et
557 4080 651 4134 dilexit
665 4077 759 4144 Dcunt,
775 4080 820 4148 qui
835 4078 897 4149 [erit
911 4078 999 4144 illurn,
1053 4078 1177 4125 5111111111
1197 4071 1349 4141 expressit,
1370 4070 1443 4141 1111011
1457 4068 1562 4140 Moyses
1585 4084 1645 4130 11011.
1662 4070 1772 4136 leberii,
1786 4072 1833 4141 qni

215 4184 241 4230 ct
252 4175 323 4229 dedit
339 4174 380 4228 illi
393 4184 486 4228 contro
500 4172 619 4226 inimicos
641 4169 796 4239 potentiam,
810 4179 834 4223 et
849 4179 921 4223 stare
939 4170 1001 4239 serit
1016 4149 1039 4204 Ῑ)
1054 4161 1138 4219 [leurn
1168 4163 1328 4219 Creatorem
1352 4164 1415 4220 licet
1440 4164 1619 4234 significasset
1640 4166 1767 4235 genuisse
1790 4165 1809 4220 T
1812 4167 1834 4220 i·

215 4275 334 4322 corttoret
349 4275 441 4319 contro
455 4264 550 4329 ultore,
563 4272 587 4315 ct
602 4262 630 4315 itt
646 4277 810 4317 corneorum
827 4260 916 4316 dulces
938 4262 1000 4331 fecit
1053 4256 1129 4322 lium,
1143 4255 1189 4326 qui
1204 4265 1246 4311 est
1257 4256 1309 4312 hoc
1325 4257 1450 4324 verbum,
1471 4272 1527 4327 quo
1541 4255 1621 4324 dicit,
1643 4267 1668 4310 et
1689 4259 1761 4328 facta
1774 4271 1833 4314 sant

217 4356 318 4422 ntodoa,
334 4365 359 4409 et
372 4356 443 4409 dedit
461 4356 495 4424 ing
508 4352 728 4407 celebrationibus
745 4352 833 4418 decos,
853 4362 880 4407 et
898 4354 1001 4409 onrocit
1053 4345 1147 4417 (Ptol.
1171 4363 1258 4414 xxxii,
1285 4348 1319 4420 9)
1347 4349 1439 4404 omnia
1462 4366 1470 4403 t
1497 4358 1586 4404 tamen
1609 4363 1661 4403 nec
1682 4352 1833 4421 gignentem

217 4457 333 4516 temporo
344 4446 465 4517 usqrtecd
476 4446 725 4500 eortsontrnotionenr
736 4447 797 4501 oitoe
808 4444 903 4517 (Eruli.
916 4462 1001 4514 xcvo,
1052 4438 1148 4507 Deum·
1166 4453 1218 4494 ¹¹⁰ss
1235 4440 1355 4511 desslllssss
1370 4438 1488 4495 γ11111111]
1512 4437 1700 4509 0111ΘΡ11115,
1720 4457 1752 4498 ³0
1774 4440 1832 4497 Filii

216 4538 261 4606 to,
275 4537 351 4609 ete).
368 4536 438 4593 Vere
454 4538 499 4594 bic
514 4545 608 4609 pastor
622 4539 747 4612 egregius
769 4539 858 4595 dando
872 4541 909 4593 in
933 4538 1001 4594 cele·

217 4629 382 4684 brettonibus
395 4628 473 4683 decus
484 4630 587 4702 ornauit
604 4640 815 4700 temperantque
829 4629 864 4683 od
878 4646 1002 4684 corrrum-

217 4721 359 4776 motionem
383 4722 483 4794 (oid),
498 4723 525 4778 in
550 4723 650 4793 ouibus
672 4722 911 4792 celebrationibus,
935 4723 1000 4779 dom

218 4811 353 4869 suavitate
380 4814 485 4871 musica
517 4816 621 4873 conditi
650 4825 780 4872 resonant
803 4813 906 4872 Psalmi
929 4816 1001 4887 ejus,

217 4913 339 4973 tempora
361 4914 545 4975 perornantur
565 4906 701 4979 usquead
725 4909 999 4965 consummationem.

218 4991 287 5059 Quia
299 4995 456 5066 temporalis
473 4999 617 5068 occupatio
640 4998 667 5052 in
690 4997 791 5054 talibus
811 4999 1002 5057 celebrationi·

218 5083 270 5141 bos
284 5086 449 5142 introductio
462 5086 541 5143 estin
557 5088 746 5156 aeternitatem,
760 5104 842 5160 quarn
865 5090 1002 5146 credimus

219 5193 281 5234 esse
292 5179 415 5235 omnium
427 5188 581 5248 temporum
594 5179 676 5236 linem
684 5189 711 5236 et
722 5182 1000 5249 consummationem

218 5269 295 5326 etita
312 5285 376 5326 ores
390 5286 498 5341 pascue
519 5272 600 5343 liujus
625 5271 806 5342 ingredientes
821 5279 849 5326 et
862 5270 1003 5342 egredien-

218 5368 261 5419 tes
277 5361 420 5417 inveniunt
434 5362 617 5432 pascendum
630 5370 657 5418 et
672 5362 716 5418 bic
729 5361 842 5433 ingressi
857 5360 927 5416 orilc
940 5361 1003 5417 lidei

220 5451 322 5508 babent
343 5469 454 5509 suavem
476 5452 683 5510 delectationem
706 5452 864 5523 temporalis
881 5454 1003 5523 psalmo·

1052 4529 1171 4596 nomine,
1193 4530 1235 4586 uel
1256 4530 1402 4599 Genitoris,
1426 4543 1474 4588 aot
1491 4531 1578 4589 Geniti
1599 4532 1733 4588 vocabolo
1749 4537 1834 4590 mani-

1052 4626 1177 4696 leslauit3
1203 4627 1250 4683 sed
1274 4643 1368 4685 crasso
1390 4627 1525 4683 uelamine
1549 4627 1645 4684 laciem
1673 4642 1749 4682 soant
1775 4635 1833 4681 tan-

1052 4721 1140 4794 gendo
1154 4719 1240 4777 Deum
1253 4730 1280 4777 et
1296 4721 1461 4793 principium
1483 4720 1511 4776 in
1525 4721 1721 4794 significatione
1736 4721 1833 4789 Patris,

1052 4823 1079 4869 et
1089 4812 1149 4868 Filii
1163 4814 1256 4885 posuit
1270 4814 1310 4871 sic
1324 4815 1417 4870 dicens
1433 4832 1439 4869 :
1457 4813 1491 4868 In
1510 4814 1639 4885 principio
1653 4814 1749 4868 creavit
1765 4813 1832 4870 licut

1052 4905 1145 4961 caelum
1158 4916 1183 4960 er
1201 4917 1300 4961 terrant
1313 4906 1389 4979 (Gen.
1412 4923 1432 4973 1,
1449 4907 1487 4979 1).
1508 4905 1562 4962 Pro
1577 4921 1620 4970 eo,
1637 4914 1668 4961 ut
1680 4905 1772 4961 dicere
1787 4923 1833 4976 po-

1053 4996 1148 5052 tuisset
1162 5015 1169 5051 ς
1185 4996 1213 5050 in
1234 4994 1307 5050 Filio
1321 5012 1369 5050 tuo
1392 4996 1454 5067 lecit
1476 4994 1559 5050 Peter
1580 4996 1674 5050 colum
1693 5004 1719 5050 et
1740 5003 1832 5049 terrant

1053 5088 1129 5160 (Gen.
1143 5104 1162 5155 r,
1175 5088 1214 5157 il.
1231 5086 1353 5144 Dicendo
1366 5098 1457 5143 autem
1475 5107 1482 5143 ι
1501 5087 1619 5158 Spiritus
1633 5087 1683 5142 Dei
1705 5085 1832 5158 ferebatur

1052 5195 1130 5249 super
1145 5195 1229 5250 oqonr
1247 5179 1349 5248 (ibid).
1367 5176 1486 5233 Tertiam
1502 5192 1646 5247 personam
1662 5191 1731 5248 pene
1750 5175 1832 5230 inarti-

1052 5270 1213 5338 lestarcrat;
1231 5270 1280 5326 scd
1294 5271 1358 5342 quia
1374 5285 1428 5324 non
1453 5269 1544 5324 dixit:
1567 5268 1682 5340 Spiritus
1698 5267 1777 5333 oens,
1793 5267 1831 5322 rel

1054 5361 1169 5434 Spiritus
1190 5373 1310 5428 sanctus,
1325 5363 1449 5417 relictum
1474 5371 1515 5417 cst
1540 5362 1566 5418 in
1590 5362 1718 5433 ambiguo
1739 5369 1766 5416 et
1784 5362 1832 5417 sub

1053 5457 1188 5512 uelamine
1206 5455 1287 5510 laciei
1302 5455 1372 5525 ejus,
1397 5455 1460 5523 quis
1483 5463 1555 5511 esset
1579 5454 1624 5510 iile
1645 5453 1694 5508 Iler
1711 5451 1830 5523 Spiritus.

219 5543 281 5611 dite,
293 5553 320 5601 et
332 5545 450 5617 egressis
463 5547 496 5601 de
509 5548 660 5616 corporalis
671 5549 733 5601 ritae
744 5547 870 5619 angustia
884 5546 911 5600 in
923 5556 1001 5601 aeter-
1054 5547 1122 5604 Nam
1139 5549 1251 5618 qnidam
1269 5548 1402 5619 ingeniosi
1417 5547 1581 5604 arbitrantes
1603 5547 1675 5604 clare
1689 5562 1719 5602 se
1739 5547 1832 5603 cidisse

219 5634 312 5695 nitatis
341 5650 447 5709 pratum
471 5639 635 5695 latissimum
663 5640 742 5695 liores
766 5640 1002 5695 inmarcescibilis
1055 5638 1152 5695 laciem
1167 5637 1479 5710 bloysi,pntabantillic
1496 5637 1833 5707 neremistunrsignilica·
