3817 6000
336 217 441 272 {25

1261 219 1572 277 CARNERI
1609 221 1770 280 CAN.
1809 222 1967 281 REG.
2012 223 2072 281 S.
2113 222 2439 283 VICTORIS
2471 225 2693 284 Panis.

3487 220 3587 284 {2⁴

334 333 580 405 quidum
602 333 670 390 de
703 342 921 405 accepta
944 333 1059 405 lege
1084 348 1193 389 non
1221 349 1405 405 opera,
1431 337 1526 392 sed
1561 337 1732 393 solam
1764 337 1908 395 inter
1936 343 1981 400 A
2006 339 2110 396 disi
2132 340 2231 395 Dei
2257 342 2411 410 fuisti
2431 340 2645 413 (Emit.
2675 355 2871 408 xxvnr,
2900 339 3012 410 12).
3062 337 3121 395 ln
3170 350 3365 398 cuncta
3423 340 3590 414 igitur

336 427 586 484 homines
610 426 900 482 elationem
931 428 1186 497 sumpsit,
1209 428 1368 497 quasi
1391 429 1531 485 inter
1554 440 1779 487 caeteras
1811 431 1907 487 be-

335 519 472 573 stias
493 533 665 574 cornu
689 517 963 588 singulare
984 517 1232 586 gestavit.
1252 516 1405 575 Unde
1428 521 1737 588 passionem
1752 537 1906 578 suam

335 609 905 680 DominuS,Propbeta
922 619 1168 677 canente,
1189 597 1570 680 pronuntians:
1583 613 1658 667 ait
1681 632 1694 668 ε
1717 613 1908 669 Libera

337 720 418 757 me
442 704 506 758 de
528 720 616 758 ore
645 703 830 769 ieonis,
867 713 918 758 et
940 720 972 758 a
999 700 1245 757 cornibus
1305 706 1639 761 unicornium
1685 708 1908 763 {curnili-

336 803 497 849 tatem
526 811 692 848 meam
715 792 889 865 (Psal.
922 811 1036 863 xxi,
1058 795 1174 867 22).
1201 795 1304 851 Tot
1324 797 1524 868 quippe
1550 799 1602 853 in
1631 799 1722 855 illa
1750 810 1908 872 gente

334 884 629 941 unicornes
665 885 747 940 vel
793 895 937 941 certe
986 887 1360 945 rhinocerotes
1403 891 1750 960 exstiterunt,
1773 902 1909 963 quot

333 984 523 1031 contra
569 975 986 1045 praedicamenta
1041 977 1303 1043 veritatis,
1358 980 1426 1035 dc
1472 980 1607 1052 legis
1650 982 1906 1052 operibus

335 1066 598 1137 singulari
621 1076 676 1122 et
698 1066 845 1122 l'atua
868 1068 1100 1124 clatione
1126 1071 1315 1125 conlisi
1347 1080 1492 1126 sunt.
1531 1071 1697 1128 Beato
1743 1074 1907 1144 igitur

333 1156 437 1213 Job
458 1167 660 1214 sanctae
680 1157 937 1216 Ecclesiae
960 1170 1143 1231 typum
1168 1164 1370 1218 tenenti
1393 1163 1623 1219 dicitur:
1651 1164 1704 1218 N
1706 1166 1905 1237 unquid

333 1249 469 1303 volet
491 1251 791 1305 rhinoceros
819 1254 1013 1307 servire
1038 1253 1172 1308 tibi?
1198 1254 1276 1308 Ac
1297 1256 1342 1310 si
1373 1257 1615 1327 apertius
1663 1258 1903 1315 dicatur:

333 1337 589 1411 Nunquid
612 1340 763 1396 illum
787 1343 1044 1413 populum
1067 1360 1229 1414 quem
1270 1347 1549 1416 superbire
1591 1349 1644 1402 in
1671 1363 1804 1405 nece
1837 1351 1902 1404 li-

332 1431 556 1499 delium,
588 1432 751 1488 stulta
779 1449 876 1488 sua
900 1434 1135 1490 elatione
1158 1436 1491 1503 consideras,
1523 1437 1627 1494 sub
1652 1438 1777 1508 jure
1798 1450 1903 1496 tuae

333 1524 733 1594 praedicauouis
755 1525 1024 1582 inclinas?
1057 1526 1337 1596 subaudis,
1364 1538 1425 1583 ut
1473 1544 1574 1602 ego
1613 1531 1708 1603 qui
1740 1541 1794 1586 et
1815 1549 1903 1588 me

335 1613 488 1669 illum
518 1615 780 1687 singulari
841 1633 1014 1673 cornu
1064 1618 1248 1674 extolli
1287 1623 1587 1691 conspicio,
1625 1634 1678 1679 et
1718 1634 1898 1681 tamen

330 1707 468 1762 ntini
504 1721 628 1763 cum
659 1707 904 1774 voluero,
935 1725 970 1779 p
1003 1709 1187 1765 otinus
1214 1710 1409 1766 subdo.

913 1798 1142 1855 CAPUT
1179 1801 1347 1858 XXV.

841 1910 873 1949 n
888 1911 920 1949 ε
973 1911 1004 1949 n
1019 1911 1051 1949 s
1067 1911 1101 1949 n
1114 1911 1147 1950 a
1167 1911 1202 1951 ι
1221 1910 1348 1951 orn
1366 1937 1380 1952 .

403 1985 552 2058 (187)
581 1985 878 2043 Beluemoth
909 1990 1133 2045 nomine
1184 1991 1438 2049 diabolus
1464 1993 1800 2065 designatur,
1826 1997 1905 2053 si-

331 2087 424 2133 cut
457 2093 589 2134 voce
620 2077 833 2135 Domini
870 2080 938 2135 ad
967 2081 1186 2137 beatum
1224 2080 1330 2140 Job
1373 2084 1607 2140 dicitur:
1641 2086 1776 2144 Ecce
1803 2088 1906 2144 Be·

329 2166 536 2221 hemoth
561 2184 713 2239 quem
731 2170 833 2238 feci
874 2179 1040 2225 tecum
1065 2170 1187 2243 (Iob
1218 2189 1306 2241 xz,
1331 2172 1439 2244 to).
1465 2174 1637 2242 Quem
1669 2193 1905 2249 namque

330 2258 435 2314 sub
454 2257 751 2315 Beliemotli
784 2264 1005 2318 nomine
1028 2263 1131 2319 nisi
1178 2265 1461 2336 antiquum
1510 2266 1720 2323 hostem
1774 2270 1906 2326 insi-

329 2350 502 2405 nuat?
527 2349 630 2418 Qui
688 2352 907 2423 quidem
947 2353 1243 2410 Behemoth
1306 2357 1692 2429 interpretatur
1743 2360 1907 2417 latine

328 2443 554 2497 animal.
579 2442 751 2513 Cujus
797 2445 928 2500 dum
973 2445 1203 2503 inferius
1259 2449 1465 2505 malitia
1517 2450 1787 2518 subditur,
1810 2467 1908 2522 pa·-

329 2543 509 2591 tenter
535 2550 767 2605 persona
805 2546 1160 2593 monstratur.
1195 2536 1298 2594 Sed
1344 2555 1470 2595 cum
1509 2541 1578 2596 de
1605 2540 1715 2598 Deo
1769 2543 1908 2599 scri·-

328 2634 480 2696 ptum
503 2628 574 2683 sit
601 2630 726 2698 quia
763 2627 890 2684 fecit
910 2632 1092 2687 omnia
1128 2631 1502 2705 simulOEccti.
1536 2637 1785 2709 unni),
1807 2652 1918 2693 cur-

329 2719 435 2776 lioc
463 2721 686 2788 animal,
714 2738 839 2784 cum
895 2725 1114 2780 bomine
1161 2724 1356 2782 secisse
1411 2743 1471 2783 se
1517 2727 1742 2798 indicat,
1772 2729 1903 2785 dum

327 2821 549 2879 cuneta,
569 2813 696 2884 quia
725 2815 888 2871 simul
919 2815 1125 2884 fecerit,
1157 2819 1409 2873 constat?
1437 2818 1596 2895 150
1625 2819 1900 2878 Rursum-

327 2918 436 2973 que
476 2906 828 2974 quaerendum
872 2917 955 2962 est
990 2909 1266 2978 quomodo
1299 2911 1462 2965 simul
1506 2910 1649 2968 Deus
1709 2922 1903 2969 cuncta

327 2996 588 3064 condidit,
612 2997 742 3053 dum
772 2996 985 3071 Moyses
1003 3016 1068 3056 ex
1095 3000 1309 3057 dierum
1335 3004 1640 3060 mutatione
1661 3006 1905 3063 variante

326 3090 582 3147 distincte
612 3100 795 3147 creata
815 3092 1116 3149 describit?
1141 3092 1299 3161 Quod
1329 3105 1509 3153 tamen
1541 3097 1705 3155 citius
1730 3114 1900 3170 agno-

328 3180 560 3248 scimus,
591 3183 640 3237 si
665 3182 812 3253 ipsas
833 3198 1032 3239 causas
1053 3184 1327 3257 originum
1361 3187 1631 3244 subtiliter
1672 3189 1903 3262 indaga-

328 3289 473 3328 mus.
499 3272 700 3330 Rerum
728 3276 928 3347 quippe
953 3277 1259 3332 substantia
1291 3278 1455 3334 simul
1473 3290 1653 3337 creata
1679 3292 1784 3348 est,
1808 3284 1901 3340 sed

328 3364 494 3419 simul
520 3366 730 3435 species
754 3365 986 3423 formata
1028 3383 1136 3423 non
1167 3376 1271 3425 est.
1301 3368 1368 3425 Et
1394 3371 1542 3441 quod
1594 3374 1760 3430 simul
1807 3391 1904 3431 ex·

329 3457 469 3513 stltit
490 3472 587 3528 per
608 3458 968 3515 substantiam
1018 3462 1260 3517 materiae
1291 3477 1402 3517 non
1441 3464 1606 3520 simul
1654 3470 1905 3538 apparuit

329 3563 427 3620 per
448 3549 685 3620 speciem
715 3549 923 3607 sormae.
948 3551 1098 3625 (188)
1127 3554 1231 3610 Sed
1252 3555 1382 3626 quia
1405 3557 1567 3612 simul
1591 3561 1778 3615 omnia
1807 3577 1903 3632 per

328 3640 691 3696 substantiam
714 3653 895 3699 creata
918 3643 1152 3703 dicimus
1172 3661 1295 3718 quae
1317 3649 1533 3718 prodire
1559 3651 1665 3707 alia
1691 3667 1756 3707 ex
1779 3653 1902 3707 aliis

329 3731 657 3801 invenimus,
693 3750 803 3806 quo
855 3746 1018 3807 pacto
1052 3753 1177 3793 cum
1229 3738 1388 3794 beato
1448 3738 1552 3797 Job
1604 3742 1902 3802 Behemotb

328 3823 504 3880 sactus
525 3827 788 3882 asseritur
814 3843 938 3884 cum
983 3844 1159 3899 neque
1182 3846 1292 3885 una
1342 3832 1414 3888 sit
1461 3834 1764 3892 substantia
1811 3853 1904 3893 an-

326 3917 433 3989 geli
460 3928 517 3974 et
539 3919 798 3989 hominis,
832 3939 1009 3993 neque
1034 3923 1198 3980 bomo
1227 3941 1295 3981 ex
1330 3928 1543 3999 angelo,
1578 3946 1752 4001 neque
1805 3949 1903 3988 an-

323 4012 480 4083 gelus
509 4028 574 4067 ex
597 4013 819 4070 homine
848 4016 1192 4085 proseratur?
1241 4016 1299 4073 Si
1344 4035 1475 4075 vero
1506 4016 1745 4093 'propter
1798 4024 1902 4080 boc

326 4102 504 4160 factus
538 4104 832 4161 Behemoth
855 4122 982 4162 cum
1014 4108 1173 4163 beato
1195 4105 1299 4165 Job
1335 4109 1554 4166 dicitur.
1578 4113 1726 4183 quod
1747 4130 1902 4171 crea-

327 4207 452 4254 tura
483 4200 664 4256 omnis
700 4199 770 4255 ab
791 4209 1036 4266 auctore,
1062 4201 1157 4271 qui
1187 4202 1243 4256 in
1274 4204 1489 4258 actione
1534 4220 1638 4260 sua
1691 4220 1899 4277 nequa-

325 4303 490 4359 quam
517 4289 778 4359 temporis
818 4290 1177 4359 protelatione
1202 4290 1550 4362 distenditur,
1573 4297 1738 4351 simul
1766 4313 1899 4353 con-

2013 443 2261 491 creatura
2310 435 2475 491 homo
2502 443 2557 489 et
2583 434 2808 505 angelus
2854 434 3018 490 simul
3059 434 3314 490 conditus
3354 436 3585 503 exstitit,

2011 525 2138 598 quia
2162 527 2232 582 ab
2257 528 2406 583 omni
2437 535 2630 582 natura
2655 525 3014 582 irrationabili
3041 525 3330 583 distinctus
3366 542 3589 597 proces·

2012 617 2103 674 sit.
2135 616 2275 685 Quia
2298 634 2428 690 ergo
2470 620 2522 673 in
2551 628 2746 675 cuncta
2777 618 3088 675 conditione
3142 633 3346 685 rerum,
3374 619 3587 674 nullum

2011 709 2278 766 rationale
2304 709 2506 765 animal
2527 709 2632 765 nisi
2663 709 2889 779 angelus
2919 717 2973 763 et
2999 708 3164 764 bomo
3189 718 3291 775 est,
3324 709 3585 780 quidquid

2011 800 2224 856 ratione
2246 801 2324 856 uti
2351 816 2458 856 non
2491 811 2668 872 potest
2693 816 2817 854 cum
2849 797 3073 854 homine
3097 798 3301 854 sactum
3336 814 3445 854 non
3476 809 3582 856 est.

2010 892 2235 950 Dicatur
2255 894 2439 965 itaque
2471 894 2538 948 de
2565 894 2807 958 homine,
2840 891 3056 946 dicatur
3078 890 3147 946 de
3166 891 3379 962 angelo,
3407 892 3503 962 qui
3530 899 3590 947 et

2009 984 2056 1041 si
2090 986 2387 1057 potentiam
2414 985 2764 1041 sublimitatis
2790 982 3045 1054 perdidit,
3098 982 3452 1040 subtilitatem
3496 991 3588 1039 ta-

2010 1091 2136 1132 men
2161 1085 2371 1132 naturae
2404 1078 2685 1133 rationalis
2712 1076 2935 1132 minime
2967 1075 3179 1131 amisit:
3233 1073 3367 1128 Ecce
3418 1074 3589 1129 Bebe-

2009 1170 2175 1235 moth,
2214 1186 2367 1240 quem
2404 1169 2505 1239 [eci
2548 1180 2739 1236 tecum,
2784 1178 2843 1223 ut
2872 1169 3003 1222 dum
3034 1168 3199 1222 homo
3219 1182 3367 1232 eum,
3397 1167 3493 1236 qui
3525 1166 3583 1220 in

2006 1260 2217 1316 ratione
2242 1276 2427 1317 secum
2454 1259 2632 1316 sactus
2654 1270 2736 1315 est
2759 1260 2965 1330 perisse
2985 1259 3315 1325 considerat,
3340 1257 3583 1313 vicinum

2007 1351 2110 1406 sibi
2147 1367 2337 1407 casum
2364 1350 2635 1422 superbiae
2652 1366 2720 1406 ex
2750 1350 2867 1420 ipsa
2896 1349 3131 1420 proximi
3164 1348 3247 1404 sui
3279 1349 3586 1418 perditione

2006 1442 2375 1513 pertimescat.

2471 1530 2622 1603 151
2654 1529 2883 1587 CAPUT
2921 1528 3110 1584 xxvi.

2601 1638 2668 1677 ns
2693 1637 2980 1678 serires-re.

2084 1713 2234 1786 (189)
2268 1712 2549 1785 Serpentis
2565 1714 2787 1770 nomine
2809 1712 3060 1769 diabolus
3085 1711 3423 1783 designatur,
3443 1713 3587 1768 sicut

2007 1821 2102 1877 per
2116 1805 2310 1863 lsalam
2325 1806 2525 1862 dicitur
2540 1822 2554 1859 :
2582 1803 2752 1877 Super
2765 1804 3049 1861 Leviatlmn
3067 1814 3352 1876 serpentem
3365 1813 3585 1870 vectem,

2004 1906 2055 1953 et
2107 1913 2262 1968 super
2300 1896 2590 1952 Leriathon
2628 1906 2916 1967 serpentem
2951 1904 3241 1950 tortuosum
3274 1894 3330 1948 in
3383 1903 3588 1948 terram

2008 1987 2147 2060 (Iso.
2181 2004 2333 2055 xxvi,
2369 1989 2446 2060 l).
2476 1986 2779 2044 Leviatban
2808 1987 3009 2058 quippe
3031 1987 3422 2056 interpretatus
3444 1984 3587 2041 dici-

2010 2092 2097 2139 tur
2131 2082 2564 2138 additamentum
2595 2095 2810 2136 eorum.
2835 2079 3082 2148 Quorum
3110 2080 3320 2135 scilicet
3341 2077 3586 2135 nisibo-

2007 2173 2259 2228 minum?
2290 2171 2457 2228 Recte
2486 2181 2667 2228 autem
2690 2172 3120 2228 additamentum
3144 2187 3335 2226 eorum
3359 2169 3585 2236 dicitur,

2006 2262 2134 2334 quia
2169 2272 2456 2334 postquam
2507 2260 2742 2332 primam
2768 2260 2983 2331 culpam
3007 2259 3353 2330 suggestione
3377 2256 3585 2325 intulit,

2007 2357 2150 2412 hanc
2186 2354 2435 2426 quotidie
2486 2368 2686 2426 augere
2737 2353 3079 2425 gravioribus
3122 2337 3585 2424 'persuasionibus

2008 2463 2117 2504 non
2134 2445 2367 2504 desistit.
2381 2442 2478 2501 Vel
2502 2452 2647 2501 certe
2665 2458 2762 2515 per
2783 2442 3257 2513 exprobrationem
3282 2441 3588 2498 Leviathan

2007 2544 2234 2592 vocatus
2259 2544 2378 2603 cst,
2410 2534 2463 2590 id
2506 2542 2590 2591 est
2635 2533 3065 2589 additamentum
3118 2533 3424 2588 hominum.
3472 2531 3585 2589 Eos

2006 2642 2243 2699 namque
2267 2627 2324 2681 in
2351 2625 2606 2696 paradiso
2628 2624 2964 2680 immortales
2990 2622 3212 2694 reperit,
3242 2624 3336 2680 sed
3382 2624 3586 2679 divini·

2007 2728 2174 2776 tatem
2204 2718 2605 2775 immortalibus
2638 2717 3029 2789 promittendo,
3061 2717 3220 2788 quasi
3254 2717 3335 2772 eis
3372 2717 3584 2788 aliquid

2005 2814 2149 2875 >ultra
2190 2828 2356 2883 quam
2386 2819 2545 2868 erant
2590 2826 2651 2867 se
2712 2809 2913 2866 addere
2965 2808 3277 2880 spopondit.
3314 2809 3418 2865 Sed
3448 2810 3582 2864 dum

2007 2905 2205 2962 blande
2235 2922 2344 2962 non
2374 2904 2557 2960 babita
2584 2919 2645 2960 se
2668 2902 2920 2959 daturum
2955 2901 3228 2973 perbibuit
3254 2944 3270 2968 ,
3307 2902 3499 2958 callide
3526 2911 3585 2958 et

2009 2999 2195 3054 habita
2227 2997 2521 3054 subtraxit.
2567 2994 2861 3052 Leviathan
2889 2994 3073 3065 itaque
3116 2992 3218 3051 iste
3248 2993 3303 3050 in
3326 3009 3393 3051 eo
3431 2995 3581 3066 quod

2008 3108 2067 3148 se
2093 3090 2290 3147 addere
2319 3090 2530 3146 bomini
2574 3088 2887 3161 spopondit,
2931 3087 3194 3143 tortuosis
3236 3088 3302 3164 ad
3341 3104 3467 3143 eum
3502 3087 3583 3143 si-

2004 3182 2169 3239 nibus
2192 3180 2433 3252 irrepsit,
2459 3179 2589 3253 quia
2612 3181 2744 3238 dum
2784 3178 2926 3235 salso
2957 3178 3318 3249 impossibilia
3347 3180 3578 3251 promit-

2003 3273 2089 3340 tit,
2117 3289 2245 3329 vere
2266 3283 2322 3331 et
2349 3272 2630 3344 possibilia
2659 3271 2900 3328 sustulit.
2927 3269 3288 3339 Quaerendum
3316 3287 3446 3327 vero
3478 3287 3583 3328 no—

2005 3365 2090 3421 bis
2113 3374 2198 3422 est
2235 3381 2336 3422 cur
2364 3380 2541 3437 quem,
2561 3372 2866 3435 serpentem
2893 3363 3128 3431 dixerat,
3162 3372 3583 3436 tortuosumque

2005 3457 2151 3515 illico
2172 3435 2507 3529 subjungens
2531 3454 2875 3527 interposuit,
2892 3464 3082 3510 vectem
3100 3470 3118 3508 .·
3135 3454 3241 3510 nisi
3270 3453 3410 3510 forte
3429 3456 3581 3526 quod

2004 3549 2060 3604 in
2086 3550 2353 3619 serpentis
2391 3547 2713 3604 fortitudine
2741 3546 2884 3602 fluxa
2918 3546 3193 3614 mollities,
3220 3545 3273 3600 in
3304 3555 3452 3602 vecte
3478 3561 3582 3602 au-

2006 3653 2114 3700 tem
2137 3652 2223 3699 est
2241 3643 2458 3700 duritiae
2478 3642 2745 3713 rigiditas.
2769 3639 2842 3696 Ut
2866 3657 2998 3713 ergo
3025 3640 3173 3697 hunc
3200 3650 3253 3696 et
3275 3641 3472 3696 durum
3504 3641 3581 3696 si-

2004 3746 2196 3808 gnaret
2219 3747 2274 3791 et
2298 3735 2541 3802 mollem,
2564 3744 2618 3791 et
2635 3743 2845 3790 vestem
2878 3734 3127 3788 nominat
3163 3740 3220 3787 et
3247 3742 3577 3803 serpentem.

2005 3829 2187 3886 Durus
2214 3829 2414 3900 quippe
2443 3837 2527 3885 est
2554 3844 2647 3899 per
2677 3827 2963 3891 malitiam,
3015 3826 3195 3882 mollis
3224 3842 3322 3896 per
3364 3826 3579 3882 blandi-

2004 3930 2267 3976 mentum.
2290 3920 2473 3977 Vectis
2493 3936 2623 3992 ergo
2660 3921 2879 3985 dicitur,
2916 3917 3043 3990 quia
3073 3926 3249 3990 usque
3283 3917 3352 3974 ad
3386 3932 3575 3975 necem

2004 4014 2268 4078 pereutit:
2308 4030 2528 4082 serpens
2560 4026 2761 4078 suricum,
2785 4014 2909 4082 qnia
2945 4030 3153 4078 scitum
3185 4014 3413 4070 insidias
3439 4013 3579 4069 mol·

2004 4106 2124 4158 liter
2152 4106 2400 4158 infundit.

2460 4198 2612 4266 152
2652 4198 2877 4250 carust
2921 4198 3127 4250 xxiii.

2604 4310 2664 4342 [th
2709 4306 2969 4342 tritissimi-ss

323 4379 438 4434 dita
472 4393 581 4433 non
609 4379 908 4446 dubitatur,
938 4396 1036 4436 cur
1080 4380 1148 4435 de
1194 4379 1491 4440 Behemoth
1543 4386 1898 4457 spiritualiter
1930 4389 1972 4444 Π
2008 4382 2068 4434 l‘n
2112 4382 2380 4450 Errinrnrn
2416 4402 2564 4438 surm
2604 4386 2889 4434 firmianum
2925 4386 3129 4438 numine
3157 4386 3441 4450 etllufirsimfn
3466 4386 3578 4438 Art·

323 4471 545 4539 dicitur,
572 4473 719 4543 quod
750 4473 980 4528 habetur
1008 4487 1302 4530 commune
1330 4491 1455 4531 eum
1479 4480 1749 4536 creaturis
1777 4496 1898 4535 om-

316 4562 488 4618 nibus
517 4563 857 4635 generaliter.
906 4562 1012 4619 Sed
1042 4562 1087 4619 si
1121 4577 1305 4619 rerum
1331 4579 1529 4623 causas
1575 4567 1760 4624 subtili
1787 4569 1898 4626 dis-

321 4657 577 4712 cussione
631 4673 924 4728 pensamus
943 4698 959 4724 ‚
1011 4657 1176 4715 simul
1230 4658 1435 4715 sactum
1487 4660 1740 4732 angelum
1799 4661 1897 4717 bo·

323 4749 636 4820 minemque
657 4750 1073 4821 cognoscimus:
1100 4753 1265 4809 simul
1288 4752 1537 4809 videlicet
1557 4767 1666 4808 non
1692 4754 1896 4809 unitate

321 4842 608 4910 temporis,
636 4843 730 4897 sed
759 4843 1069 4914 cognitione
1093 4844 1340 4900 rationis.
1383 4843 1559 4900 Simul
1606 4860 1700 4915 per
1749 4860 1898 4902 acce:

322 4943 470 5004 ptam
503 4934 797 5005 imaginem
829 4937 1127 5007 sapientiae,
1157 4940 1250 4995 sed
1298 4955 1406 4994 non
1439 4940 1601 4995 simul
1636 4954 1733 5010 per
1760 4955 1894 4996 con·

317 5028 567 5099 junctam
597 5028 958 5083 substantiam
990 5028 1198 5086 l'ormae.
1232 5030 1506 5102 Scriptum
1539 5047 1773 5103 namque
1812 5041 1897 5088 est

319 5120 389 5175 de
417 5119 666 5175 homine:
708 5118 998 5178 Faciamus
1032 5122 1292 5179 hominem
1322 5124 1392 5178 ad
1426 5124 1707 5195 imaginem
1736 5133 1786 5177 et
1814 5125 1894 5177 si-

321 5214 677 5269 militudinem
705 5225 940 5271 nostram
972 5216 1124 5288 (Gen.
1155 5235 1194 5287 t,
1225 5219 1337 5290 26).
1382 5219 1450 5275 Et
1496 5235 1593 5290 per
1638 5218 1895 5276 Ezechie-

320 5305 428 5362 lem
462 5305 532 5363 ad
562 5305 728 5363 Satan
756 5308 991 5365 dicitur=
1028 5309 1106 5365 Tu
1135 5311 1466 5383 siquae-ulum
1502 5311 1891 5379 similitudinis,

321 5398 507 5470 plenus
529 5402 789 5470 sapientia
830 5412 880 5458 et
911 5404 1171 5474 perfectus
1197 5404 1379 5460 decore
1412 5405 1467 5458 in
1496 5404 1701 5460 deliciis
1734 5421 1894 5475 para·

395 5534 546 5673 lun)
578 5535 657 5592 Ex
686 5539 782 5595 lib.
809 5555 961 5595 xxxn
991 5540 1046 5594 in
1076 5538 1200 5601 Job,
1233 5554 1281 5595 c.
1308 5557 1364 5593 x.

425 5606 546 5671 188)
577 5605 701 5664 llaec
722 5611 790 5666 ab
811 5611 1251 5668 antecedentibus
1283 5610 1552 5682 disjuncta
1583 5620 1710 5667 sunt
1735 5610 1895 5666 inter·

329 5675 522 5746 positis·
551 5676 692 5733 aliis.

2076 4454 2368 4514 helarianus„
2416 4458 2700 4522 aliqnando
2745 4458 2973 4518 fraisnis,
3005 4458 3289 4522 reliquendis·
3333 4458 3576 4526 antiquus

2072 4526 2236 4574 lesistis
2264 4570 2276 4586 ,
2320 4526 2608 4594 &liquentem
2648 4526 2957 4592 mqnsssimi
3017 4526 3323 4578 Just-firmamus
3381 4526 3579 4590 princi-

2068 4594 2480 4662 prunnon-smne
2504 4598 2785 4658 tinniturum,
2809 4598 3097 4662 :diminutio
3129 4609 3301 4662 npetu*
3341 4594 3465 4647 riensi
3497 4594 3579 4648 vel

2068 4666 2280 4735 {smil-*ilva
2316 4666 2676 4735 sirmiensi-onst.

2072 4759 2216 4823 [iiiiii
2260 4759 2568 4811 lirrfflnium
2596 4759 2817 4811 nomint:
2845 4759 3213 4807 ,anitii-lirinus
3237 4755 3575 4820 designatur,

2000 4851 2136 4900 nia-nt
2176 4867 2264 4919 {rr
2312 4847 2576 4903 jis-summi
2628 4851 2680 4903 in
2721 4847 3041 4919 Apuffllrpsi
3093 4847 3289 4899 dilitui-
3349 4863 3358 4895 :
3425 4843 3579 4899 Misit

2000 4939 2156 4991 sirum
2216 4943 2460 4999 mindam.
2524 4951 2568 4991 nl
2624 4943 2789 4991 tressis
2829 4939 3033 4991 tirrenum
3069 4947 3265 5003 μαι-πεπυ
3301 4935 3576 4988 ,assuerum

2004 5035 2188 5099 [lpus.
2224 5051 2320 5095 ltu,
2356 5032 2432 5095 Ξ).
2464 5031 2600 5095 Quirl
2656 5047 2893 5099 numqui!
2937 5027 3189 5079 *liaconis
3221 5027 3441 5079 nomine
3469 5025 3577 5081 nisi

1996 5127 2364 5179 Antichristus
2396 5167 2408 5187 ,
2452 5127 2580 5193 qnid
2620 5127 2672 5175 in
2705 5123 2877 5175 ranila
2913 5123 3053 5187 vjnfi.
3089 5123 3193 5171 nisi
3229 5131 3472 5175 extri-ma
3501 5119 3579 5189 ip-

2000 5219 2112 5271 sine<-
2148 5219 2428 5287 [wrsunsiu
2456 5219 2813 5287 intelligitur?
2837 5215 2973 5279 Quiri
3009 5231 3133 5267 torn
3165 5215 3441 5267 &tritarum
3474 5227 3578 5266 no-

1996 5315 2160 5375 nnus,
2196 5311 2296 5363 nisi
2332 5311 2733 5379 l13·1itit:1‘il:irtnn
2797 5307 2945 5359 tir-tio
2989 5307 3397 5359 siriumwrtranur
3425 5347 3441 5371 ,
3477 5304 3573 5375 qui

1996 5400 2139 5458 bona
2180 5417 2303 5473 quae
2334 5400 2542 5456 faciunt
2591 5399 2659 5455 ad
2692 5396 3070 5469 percipiendas
3106 5397 3295 5453 laudes
3333 5393 3571 5450 bomini-

2074 5537 2224 5607 (189)
2254 5536 2332 5591 Ex
2355 5535 2449 5589 lib.
2481 5551 2532 5591 tv
2563 5535 2617 5590 in
2645 5533 2769 5601 Job,
2800 5548 2921 5603 cap.
2955 5548 3076 5587 xnt.

2066 5606 2216 5677 (¹90)
2244 5606 2297 5660 ld
2327 5607 2521 5678 partim
2558 5623 2623 5661 ex
2654 5606 2750 5661 lib.
2782 5622 2856 5671 w,
2886 5620 2936 5659 c.
2963 5620 3049 5659 xiv
3076 5620 3090 5665 ;
3120 5612 3173 5657 ct
3195 5602 3286 5656 lib.
3319 5617 3490 5666 usn,
3518 5617 3568 5657 e.

1999 5693 2097 5747 ιιι,
2122 5693 2177 5749 p.
2204 5693 2356 5733 num.
2389 5677 2477 5733 38.
2507 5676 2743 5735 l‘atberii
2766 5677 2907 5733 iliae.
2940 5676 2992 5729 in
3020 5675 3187 5745 Apoc.
