3817 6000
164 197 218 255 SlS
628 195 781 254 cannam
800 196 880 254 CAN.
902 196 982 254 nbc.
1003 195 1033 253 S.
1054 194 1216 254 ilotonts
1234 196 1346 253 PalllS.
1747 198 1803 259 22⁰

164 329 247 385 quarn
264 314 290 368 Ιιι
308 314 356 384 ptri
367 315 446 384 qnasi
461 315 533 371 viam
546 315 703 373 sanctitatis
721 325 864 387 appetunt,
875 316 902 370 in
914 332 959 372 er·
974 320 997 378 Α
1010 324 1063 371 rat.
1076 315 1156 371 aliod
1179 316 1280 388 quippe
1305 315 1415 387 cogitat,
1429 323 1511 385 atque
1533 314 1588 370 alio
1602 313 1727 370 intendit.
1741 313 1802 369 Non

165 422 255 462 rorem
282 407 361 477 lapsi,
385 407 491 466 tardius
511 408 703 465 emendantur.
726 408 840 465 llectum
857 412 959 481 quippe
1010 405 1083 461 enirn
1096 405 1282 462 defensionem
1298 406 1403 476 pnpilli,
1417 406 1460 460 nei
1476 405 1575 472 vidua,
1590 407 1638 461 scd
1649 407 1803 462 meremlcm

164 497 302 553 aestimant
316 499 463 570 essequod
476 500 576 572 agitur,
592 508 620 555 cl
635 501 710 557 sicut
726 501 883 557 excolenda
900 502 957 556 vir·
1009 513 1186 553 nummorum
1211 498 1318 569 qnaerit.
1337 496 1404 552 Nam
1440 498 1535 553 tollere
1563 498 1714 567 temporale
1734 514 1805 568 prae·

164 591 227 658 tuti,
246 592 360 648 sicvitie
374 595 604 662 perseverantiam
617 594 746 665 jungunt.
757 592 872 651 lleclum
884 596 959 650 aesti-
1009 591 1106 657 mium,
1118 603 1145 646 et
1168 605 1222 645 non
1244 589 1376 661 pupilium
1395 607 1429 645 ae
1442 590 1553 647 viduam
1572 590 1689 647 intendit
1707 590 1805 648 delen·

164 692 241 739 mant
253 701 315 741 esse
334 688 408 758 qnod
421 697 517 760 agunt,
532 696 559 745 et
581 687 685 745 idcirco
708 704 759 746 sun
772 690 877 761 judicio
898 692 958 745 ent.
1008 682 1084 738 dere.
1097 680 1298 753 Sermoitaque
1311 680 1360 737 Dei
1371 682 1555 739 discretor-est
1565 682 1762 754 cogitationum
1777 694 1806 738 et

164 776 370 835 niusserriunt.
1008 777 1191 833 intentionum
1215 777 1306 834 cerdis
1323 777 1409 848 :quia
1433 793 1486 832 non
1512 778 1610 849 aspicit
1632 779 1698 849 qnid
1731 778 1805 850 apud

410 891 491 963 292
513 889 628 948 ggpgp
645 892 714 948 xpp·
1009 870 1182 940 temetipsum
1193 869 1309 941 cogitas,
1322 870 1369 927 sed
1392 886 1440 940 per
1450 869 1596 926 medullam
1610 871 1759 961 compagis,
1776 872 1804 926 id

468 1000 501 1038 ιι
514 1001 646 1040 mm
1009 968 1051 1013 est
1061 973 1110 1029 per
1124 958 1304 1015 intentionem
1315 958 1488 1029 cogitationis
1499 959 1565 1033 qnid
1576 960 1698 1030 accipere
1710 961 1806 1030 requi-

165 1071 430 1144 inScriptnrnsncrn
440 1076 960 1148 medulinrnntnomtneeiignandonobt·
1010 1050 1059 1107 ἠδ·
1075 1049 1169 1107 new
1181 1066 1246 1122 ⁰⁷3⁰
1260 1062 1291 1107 ¹¹²
1306 1053 1404 1108 ‘mm'
1418 1068 1480 1108 ⁰⁰⁰¹
1502 1043 1623 1124 minimi
1635 1053 1751 1110 ⁵⁰¹&oe
1762 1066 1806 1110 ³¹·

200 1143 264 1197 litus
284 1146 366 1214 regin,
377 1145 522 1215 aliqnando
533 1145 668 1201 subtilitas
682 1149 797 1218 inponit,
813 1149 959 1220 aliqanmlo
1011 1144 1114 1210 tendat,
1129 1158 1163 1198 ne
1183 1152 1231 1198 aut
1255 1142 1327 1199 mala
1349 1144 1499 1200 intemione
1516 1144 1591 1217 loqui
1610 1146 1720 1209 inclutet
1734 1167 1741 1202 ε
1755 1156 1807 1203 ant

200 1214 310 1282 diuitiae,
325 1214 467 1286 aliquunde
478 1217 635 1272 intentiones
655 1220 744 1273 cordis
761 1219 958 1290 intelliguntur.
1009 1250 1072 1290 gum
1084 1234 1153 1289 pene
1167 1236 1290 1306 goepgfpg
1308 1236 1436 1292 segnem,
1450 1235 1589 1294 saporibus
1604 1237 1631 1291 p„
1652 1239 1804 1310 appgggum

200 1326 324 1382 liedultae
339 1329 449 1385 nomine
465 1329 594 1385 nobilitas
613 1331 688 1402 regia
702 1332 871 1404 designatur,
887 1334 959 1390 sieut
1010 1329 1093 1383 alium
1107 1329 1233 1386 declinet.
1250 1329 1296 1386 Sic
1312 1331 1386 1387 enim
1404 1330 1561 1403 cogitationi
1581 1332 1660 1388 bona
1674 1334 1807 1404 cogitatio

164 1436 214 1490 per
225 1420 393 1476 Ezechielem
406 1421 566 1491 proplietam
576 1422 610 1497 de
624 1421 879 1482 Nabuchodonosor
890 1427 961 1499 dici·
1010 1423 1120 1479 sinistra
1132 1423 1317 1497 subjungitur,
1333 1433 1363 1480 ut
1375 1425 1419 1480 tis
1432 1426 1489 1496 ipse
1506 1426 1553 1497 qtri
1569 1427 1679 1484 easdem
1701 1428 1807 1500 cogita-

165 1518 227 1564 tur:
247 1510 346 1582 ,inuita
357 1511 467 1581 grandis
487 1529 644 1583 stagnorum
654 1513 770 1581 nicrum,
783 1514 862 1586 longo
877 1533 959 1571 rrrcrn-
1010 1514 1098 1571 tiones
1113 1524 1235 1587 generat,
1249 1516 1358 1573 animus
1371 1525 1529 1587 cognoscat.

166 1601 274 1655 brorum
289 1603 381 1667 ductu,
393 1601 472 1670 pleno
485 1605 583 1674 pinnatis
594 1612 619 1658 el
635 1606 763 1660 uarietate
777 1609 893 1662 cenitari
911 1608 958 1663 tt·
1240 1607 1323 1681 294
1349 1606 1465 1664 CAPUT
1490 1607 1571 1662 xbtt.

166 1694 274 1760 bonurn,
287 1704 311 1748 ct
324 1695 386 1749 tulit
398 1696 542 1763 rtreduiiem
562 1697 635 1751 cedri
647 1707 673 1752 et
687 1700 867 1755 sumtilitntem
883 1702 959 1771 [ron—
974 1675 995 1730 B
1328 1718 1362 1756 nt:
1379 1717 1483 1758 nentis.

165 1788 241 1843 diurn
258 1789 315 1858 ejus
328 1792 421 1845 evulsit
440 1790 549 1860 (lisera
565 1806 633 1860 ιιιι,
646 1792 685 1864 4).
710 1791 776 1852 Vide
794 1794 905 1850 titulum
920 1796 959 1853 be
1045 1793 1120 1866 (546)
1139 1791 1222 1849 Nervi
1241 1793 1368 1861 nominc,
1382 1796 1515 1850 sententia
1531 1794 1611 1852 lortis
1624 1796 1806 1854 districtionis

166 1882 269 1953 aquila,
284 1883 330 1937 lib.
346 1899 377 1950 ιι,
393 1899 419 1939 c.
434 1883 462 1938 2.
1009 1884 1178 1958 designatur,
1192 1884 1264 1941 sicut
1286 1900 1335 1955 per
1347 1884 1457 1941 beatum
1479 1884 1531 1943 tob
1555 1887 1671 1944 lininino
1684 1888 1805 1946 dicitur:

201 1972 325 2029 Medulla
336 1988 447 2044 qntoqne
466 1974 577 2031 nomine
588 1975 726 2033 subtilitas
746 1978 848 2050 ingenii
869 1988 960 2051 potest
1009 1976 1129 2033 Posuisti
1143 1976 1172 2031 in
1193 1993 1271 2032 neruo
1284 1980 1375 2048 pedem
1391 1994 1476 2033 mcum
1490 1989 1535 2034 :et
1558 1980 1701 2037 clamasti
1714 1997 1807 2038 omnes

166 2081 220 2120 non
234 2065 458 2122 inconvenienter
469 2067 623 2138 designari:
637 2068 706 2126 Ossa
721 2072 816 2142 qnippe
833 2073 959 2129 medullae
1009 2070 1117 2125 semitas
1133 2086 1215 2137 meus,
1227 2080 1253 2125 et
1264 2070 1374 2140 uestigio
1387 2070 1483 2140 pedum
1497 2086 1613 2127 morum
1631 2074 1807 2130 considerasti

165 2155 304 2225 irrigando
314 2156 475 2224 conflantem
489 2154 550 2226 (iob
564 2174 621 2227 ιιι,
635 2158 693 2231 Sl).
709 2160 762 2216 Per
775 2177 838 2218 ossa
855 2172 958 2230 annm,
1011 2160 1138 2232 (iob-xm
1149 2201 1157 2225 ‚
1168 2161 1226 2230 at).
1238 2160 1268 2216 ln
1282 2176 1367 2217 nervo
1381 2170 1472 2218 anilem
1490 2161 1563 2221 Deus
1576 2166 1671 2236 pedem
1684 2167 1806 2224 bominis

165 2245 340 2302 fraudulenta
355 2248 456 2304 diaboli
465 2250 582 2306 consilia
591 2251 790 2325 intelliguntur.
804 2254 874 2322 Quia
887 2257 960 2312 sicut
1009 2254 1111 2326 posuit,
1125 2254 1190 2324 quia
1203 2253 1363 2322 pravitatem
1383 2252 1457 2311 illins
1472 2252 1536 2310 lorti
1554 2255 1734 2315 districtionis
1748 2274 1807 2316 snae

166 2340 194 2394 in
210 2334 321 2396 os'sibns
335 2341 436 2410 positio
450 2343 586 2413 corporis,
602 2345 741 2417 roburque
760 2348 899 2415 consistit,
920 2350 958 2405 ita
1010 2348 1144 2405 sannatia
1170 2347 1273 2419 ligavit.
1292 2345 1378 2416 Cujus
1408 2363 1505 2404 omncs
1527 2349 1640 2405 semitas
1667 2350 1805 2420 observat,

167 2430 195 2485 in
208 2428 389 2487 fraudulentis
404 2432 507 2487 diaboli
518 2434 653 2502 consiliis,
667 2445 722 2492 tota
737 2454 767 2494 se
780 2438 840 2508 ejus
853 2441 959 2496 malitia
1009 2440 1074 2511 quia
1085 2438 1222 2496 subtiliter
1236 2437 1344 2509 singula
1360 2453 1476 2509 quaque
1489 2438 1631 2510 dijudicat.
1647 2440 1750 2498 Semita
1765 2456 1808 2499 ct·

166 2520 247 2592 erigit
259 2538 266 2590 ;
280 2531 307 2577 et
322 2523 393 2578 sicut
405 2537 469 2579 ossa
483 2525 549 2596 quia
565 2526 682 2597 irrigant
699 2529 826 2585 medulla
849 2532 976 2593 eonion,
1009 2530 1082 2587 enim
1108 2530 1251 2601 angustius
1267 2529 1336 2585 solet
1356 2545 1417 2586 csse
1439 2545 1522 2601 quiam
1552 2531 1605 2587 tia.
1621 2532 1692 2600 Quia
1713 2544 1807 2591 autem

167 2622 236 2680 tant,
251 2612 288 2670 its
303 2613 364 2684 ejus
376 2615 493 2672 consilia
506 2632 555 2687 per
570 2617 726 2688 spiritualis
742 2632 848 2677 natura
863 2633 961 2694 poten·
1009 2624 1079 2690 rias,
1092 2624 1228 2692 actiones,
1245 2637 1298 2678 non
1315 2620 1453 2678 immerito
1477 2625 1591 2680 semitas
1616 2625 1701 2696 ipsas,
1718 2627 1806 2684 aetio-

167 2706 233 2761 tiam
247 2705 339 2762 inlusa
351 2708 453 2780 ingenii
464 2709 603 2767 subtilitas
614 2712 761 2769 consilium
775 2715 917 2774 roborant.
1009 2732 1076 2772 num
1093 2717 1274 2788 cogitationes
1290 2719 1450 2790 accipimus.
1464 2718 1536 2775 licus
1549 2719 1642 2789 itaque
1654 2735 1751 2777 onmes
1762 2737 1807 2777 se-

202 2797 383 2855 lledullarum
397 2801 617 2858 nominedinitiae
627 2803 814 2876 designantur,
831 2809 961 2880 sicutper
1009 2808 1092 2864 milas
1106 2810 1244 2876 observat,
1260 2810 1325 2880 quia
1345 2810 1373 2865 in
1390 2810 1506 2881 siugulis
1521 2811 1677 2880 quibusque
1690 2811 1808 2867 actioni·

167 2889 277 2945 beatum
290 2890 342 2947 iob
354 2890 388 2947 de
411 2908 495 2963 pravo
510 2893 595 2950 divite
610 2895 733 2952 dicitur:
758 2897 883 2955 Medullis
899 2917 959 2955 osso
1011 2901 1061 2958 bus
1085 2902 1187 2957 nostris
1210 2903 1292 2957 ctiam
1316 2903 1495 2975 cogitationes
1515 2912 1622 2973 pensat.
1638 2901 1671 2958 Et
1691 2903 1807 2975 vestigia

166 2981 242 3037 iliius
253 2982 470 3055 irriganturliolr
489 3002 546 3055 ιιι,
561 2986 620 3059 ii).
631 2987 751 3045 Consule
763 2991 809 3048 tib.
824 3009 865 3060 ιιι,
878 3010 902 3049 c.
912 2994 957 3050 55.
974 3025 995 3080 0
1010 2992 1109 3065 pedum
1126 2993 1292 3061 considerat,
1304 2993 1370 3065 quia
1382 2993 1547 3050 intentiones
1565 3003 1721 3051 nostrornm
1740 3011 1808 3065 ope-

203 3076 279 3149 (545)
299 3077 477 3135 liedullarum
495 3079 605 3136 nemine
625 3083 790 3141 intentiones
805 3087 895 3143 cordis
913 3088 961 3145 de-
1013 3101 1072 3141 rum
1086 3099 1168 3156 quam
1182 3094 1254 3140 recte
1263 3093 1411 3156 ponantur,
1420 3086 1568 3152 examinat,
1578 3102 1612 3142 nc
1623 3096 1650 3142 et
1658 3087 1720 3152 boc,
1730 3088 1808 3158 quod

168 3169 313 3242 signantur
330 3189 337 3225 ε
352 3173 425 3228 unde
438 3175 602 3243 praedicator
612 3177 740 3249 egregius
763 3194 825 3233 cunr
846 3179 962 3249 leqttens
1012 3177 1114 3232 bortum
1132 3177 1237 3247 agitur,
1250 3192 1304 3232 non
1320 3187 1395 3233 recto
1408 3179 1544 3234 desiderio
1555 3187 1661 3251 agatur.

167 3263 305 3320 subtiliter
321 3265 423 3322 diceret
441 3286 447 3321 :
474 3267 552 3322 Virus
563 3277 603 3323 est
615 3285 700 3323 scruto
713 3268 771 3336 Dei,
782 3280 807 3325 et
825 3272 925 3341 efficuc,
936 3280 962 3326 et
1298 3291 1413 3348 gngT
1433 3291 1526 3349 xpm,

167 3357 357 3427 perterrebiiior
371 3361 442 3413 ornati
459 3359 550 3431 plodio
561 3362 682 3431 arreipiti,
697 3371 722 3415 et
737 3363 867 3434 pertigens
881 3381 963 3435 usqne
1311 3400 1346 3440 ,Ε
1374 3400 1503 3442 mm,

168 3447 367 3506 “ddiissfffl'em
378 3449 475 3506 “iiiiii
490 3454 640 3522 “Uillium
653 3453 748 3525 (Hibi-
766 3470 802 3520 Νι
822 3456 875 3527 ¹2),
889 3459 962 3515 ῑΗῑΰθ
1014 3476 1048 3531 ln
1060 3474 1199 3546 Scriptura
1210 3493 1288 3531 secra
1301 3477 1415 3546 pectoris
1427 3478 1530 3531 nomine
1545 3476 1687 3600 aliqnando
1705 3478 1808 3548 rogita·

169 3540 307 3611 adjunxit:
318 3541 479 3612 Compnpmn
488 3559 590 3613 qunque
599 3553 624 3597 et
636 3544 822 3612 medullarem,
831 3557 855 3601 et
863 3547 963 3603 discre—
1120 3548 1156 3600 tio
1171 3546 1297 3612 lunatice,
1314 3547 1459 3618 aliqnando
1470 3563 1516 3601 cor
1528 3545 1695 3617 inteligitur.

170 3644 212 3687 tor
226 3634 416 3704 cogitationum
430 3643 454 3688 et
473 3635 649 3689 intentionum
665 3636 746 3709 293
759 3640 846 3693 cordis
860 3640 961 3711 (ibini.
1049 3634 1125 3705 (547)
1143 3635 1264 3692 Pectoris
1286 3638 1397 3693 nomine
1407 3638 1536 3709 cogitatio
1550 3637 1663 3694 luxuriae
1679 3639 1809 3712 designa·

168 3726 400 3795 Distinguitenim
412 3742 504 3783 sermo
527 3726 575 3784 Dei
594 3743 741 3801 compages
757 3739 784 3784 et
809 3731 961 3788 medullas:
1014 3734 1069 3794 tur,
1082 3727 1155 3783 sieut
1171 3743 1238 3784 voce
1265 3726 1408 3785 [lominica
1425 3730 1543 3799 serpenti
1561 3731 1682 3808 dieitur:
1699 3730 1808 3786 Pectore

169 3817 233 3888 quia
255 3820 384 3875 discernit
408 3821 604 3891 cogitationes,
617 3833 645 3878 et
672 3824 837 3882 intentiones
859 3826 962 3882 cordis.
1013 3829 1038 3875 et
1053 3830 1139 3875 tettlre
1161 3837 1232 3891 renes
1248 3819 1322 3892 (548)
1337 3820 1413 3892 (Gen.
1429 3837 1470 3890 nt,
1484 3823 1539 3892 44).
1556 3822 1657 3879 bialum
1688 3838 1808 3895 namque

169 3908 222 3965 Per
242 3926 387 3984 compages
408 3929 519 3985 quoque
538 3915 648 3972 ossibus
674 3932 736 3972 ossa
753 3915 964 3988 iungentum
1014 3913 1141 3980 luxuriae,
1167 3921 1215 3968 aut
1244 3914 1409 3984 cogitatione
1438 3924 1619 3985 perpetratur,
1641 3925 1688 3972 aut
1712 3931 1807 3987 opere.

170 4003 316 4072 saepedum
328 4004 394 4074 quid
409 4016 484 4062 recta
497 4006 663 4076 cogitatione
674 4009 791 4079 agimus,
806 4008 853 4064 sed
872 4008 964 4063 subito
1014 4004 1136 4060 Callidus
1149 4020 1266 4075 namque
1276 4006 1451 4062 adversarius
1464 4017 1567 4076 noster,
1582 4024 1644 4064 eum
1660 4010 1694 4064 ab
1708 4009 1806 4066 ellectu

170 4088 199 4144 in
213 4090 301 4147 laudis
314 4109 436 4149 amorem
450 4095 630 4161 declinamus,
643 4105 726 4167 atque
749 4097 802 4152 hoc
815 4112 867 4167 pro
884 4098 964 4153 laude
1015 4099 1105 4169 operis
1116 4098 1270 4169 expellitur,
1279 4108 1385 4155 secreta
1402 4101 1523 4168 polluere
1538 4103 1712 4175 cogitationis
1726 4104 1807 4159 moli-

171 4181 305 4250 lacimus,
319 4185 392 4254 quod
414 4184 505 4241 lacere
527 4187 617 4256 prius,
635 4203 685 4256 pro
706 4188 820 4244 ueritate
843 4205 965 4258 coepera-
1014 4201 1069 4248 tnr.
1084 4191 1157 4247 Beue
1177 4207 1241 4263 ergo
1259 4208 1275 4247 a
1296 4191 1412 4248 Domino
1425 4195 1544 4266 serpenti
1563 4196 1682 4252 dicitur:
1699 4195 1808 4252 Pectore

170 4290 233 4331 mus
248 4296 255 4332 ι
269 4279 334 4348 quia
347 4277 527 4346 cogitationes
544 4277 756 4346 cogitationibus
767 4281 963 4352 adiunguntur,
1014 4291 1039 4338 et
1050 4292 1138 4336 nerrtre
1150 4298 1231 4352 repes.
1241 4280 1359 4353 Serpens
1369 4285 1495 4341 videlicet
1504 4295 1597 4343 uentre
1606 4287 1685 4357 repit,
1696 4287 1807 4359 qllandn

170 4372 251 4441 qnasi
264 4371 389 4440 quadam
416 4387 560 4443 compages
585 4372 663 4428 liunt.
687 4372 740 4429 Sed
765 4373 867 4431 babent
889 4369 1104 4441 ossa,1)bostis
1127 4373 1249 4430 lubricus
1263 4389 1312 4444 per
1332 4375 1452 4431 bumana
1470 4379 1602 4443 membra,
1618 4378 1727 4436 sibimet
1741 4378 1808 4435 sub-

170 4476 233 4534 quae
249 4462 275 4516 in
291 4478 421 4534 compage
432 4464 527 4535 juncta
540 4474 620 4533 sunt,
633 4467 715 4521 etiam
730 4468 873 4524 medullas.
886 4469 966 4536 Quod
1016 4468 1072 4523 dita
1090 4484 1177 4537 usqne
1196 4468 1230 4523 ad
1256 4469 1437 4539 expletionem
1457 4468 1538 4540 295
1554 4472 1645 4541 operis
1668 4471 1807 4527 luxuriam

171 4556 333 4628 praedicator
350 4569 462 4615 sanctus
476 4560 597 4629 apertius
611 4559 712 4626 intulit,
724 4576 787 4616 eum
804 4562 963 4634 subiungit:
1016 4569 1134 4616 exercet.
1151 4559 1270 4631 Serpens
1283 4567 1373 4616 autem
1390 4561 1459 4632 repit
1478 4570 1602 4632 pectore,
1619 4564 1728 4634 quando
1747 4579 1806 4629 eoa,

171 4651 310 4707 Discreter
323 4653 513 4722 cogitationum
523 4693 531 4720 ,
542 4664 568 4708 et
587 4654 763 4707 intentionum
773 4656 871 4709 cerdis.
882 4655 965 4711 Com·
1016 4667 1086 4723 quos
1100 4655 1127 4709 in
1140 4669 1222 4724 opere
1236 4654 1352 4709 luxuriae
1370 4670 1424 4709 non
1448 4655 1528 4722 valet,
1540 4656 1637 4726 polluit
1656 4657 1683 4710 in
1704 4656 1809 4726 eogita-

172 4758 255 4815 pagcs
266 4744 356 4812 cnim',
371 4754 474 4802 nostrae
487 4745 667 4818 cogitationes
679 4755 745 4801 sunt
758 4765 765 4802 r
779 4747 904 4803 medullae
914 4764 965 4803 an·
1017 4749 1100 4804 tione.
1113 4745 1190 4803 Alius
1203 4747 1295 4818 itaque
1313 4748 1450 4802 luxuriam
1464 4747 1522 4816 jam
1537 4756 1673 4817 perpetrat
1686 4749 1806 4816 actione,

171 4845 226 4891 tem
253 4838 428 4895 intentiones.
448 4837 481 4894 Et
499 4854 571 4909 saepe
590 4838 664 4894 aliud
689 4840 860 4910 cogitamus,
883 4848 965 4911 atquc
1017 4839 1081 4896 huie
1091 4854 1203 4910 serpens
1212 4838 1284 4909 repit
1298 4853 1332 4894 ex
1343 4848 1447 4894 ventre.
1459 4837 1537 4893 illius
1548 4847 1637 4892 autem
1651 4847 1811 4907 perpetrau-

172 4928 246 4984 aliud
269 4941 321 4997 est,
333 4932 406 5003 quod
427 4947 476 5001 pcr
495 4932 687 5004 cogitationem
706 4931 883 4989 intendimus.
895 4931 964 4987 Nam
1014 4932 1078 4987 dam
1092 4939 1182 4987 versat
1195 4928 1222 4985 in
1237 4940 1337 4999 mente,
1352 4929 1417 4985 hnic
1429 4930 1481 4985 sibi
1503 4944 1615 4999 serpens
1627 4928 1698 4999 repit
1711 4945 1744 4985 cr
1758 4947 1808 5001 pe·

172 5022 196 5079 si
218 5022 281 5092 quis
306 5025 446 5094 proposito
468 5039 645 5081 nummorum
662 5025 792 5097 praemio,
804 5024 900 5096 pupilli
922 5025 965 5079 vei
1016 5036 1101 5083 ctore.
1117 5024 1170 5080 Sed
1186 5025 1251 5096 qula
1265 5040 1314 5095 per
1324 5024 1515 5092 cogitationem
1526 5024 1560 5078 ad
1572 5039 1654 5095 opera
1669 5024 1808 5096 implenda

172 5115 261 5171 nidum
277 5116 528 5184 causamdcleudit,
544 5126 572 5173 et
586 5115 963 5186 lortasseecclcsiamingre-
1016 5119 1183 5189 pervenitur,
1200 5128 1274 5173 recte
1295 5116 1664 5187 serpeuspriuspectore,ct
1682 5129 1808 5187 postmu-

172 5209 251 5266 diens
262 5210 289 5263 in
301 5210 359 5266 suis
370 5211 496 5280 precibus
510 5210 567 5266 Deo
579 5212 667 5266 dicat:
677 5210 719 5265 Tu
732 5211 807 5266 rides
819 5209 883 5281 quia
896 5225 965 5266 can·
1016 5211 1081 5266 dum
1096 5224 1190 5281 repere
1205 5218 1298 5266 ventre
1307 5208 1479 5264 describitur.

171 5316 232 5360 satu
244 5302 338 5373 pupilli
349 5312 374 5358 et
386 5303 475 5358 uiduae
485 5301 610 5369 delendo,
623 5303 674 5358 iste
686 5301 781 5372 procul
796 5303 880 5358 dubio
891 5303 964 5373 quud
1052 5302 1128 5374 (aba)
1147 5301 1270 5359 Pectoris
1290 5301 1410 5368 nomine,
1424 5316 1472 5357 cor
1489 5301 1658 5375 designatur.
1673 5299 1750 5358 Unde
1764 5302 1807 5357 di-

173 5397 284 5468 eogilat‚
300 5395 352 5453 scit
365 5413 372 5451 :
386 5397 433 5452 sed
444 5396 517 5467 quod
532 5394 647 5451 intendit
660 5395 721 5464 ejus
736 5396 876 5465 cogitatio,
891 5396 966 5467 iguo-
1015 5394 1080 5449 nina
1095 5411 1162 5453 noce
1176 5395 1335 5467 praecipitur
1347 5404 1377 5451 ut
1391 5395 1418 5450 in
1437 5393 1529 5450 Aaron
1549 5406 1659 5467 pectore
1675 5395 1809 5450 rationale

206 5530 282 5601 (545)
315 5532 353 5586 Er
367 5532 442 5586 bom.
457 5547 504 5586 xm
516 5531 544 5586 in
560 5529 660 5586 Eneeb.
673 5536 735 5598 post
749 5526 880 5582 medium.
1053 5532 1128 5603 (3l8)
1149 5532 1201 5587 Sed
1217 5541 1309 5586 nostra
1325 5539 1352 5586 ct
1362 5544 1459 5584 omncs
1476 5528 1541 5586 edit.
1556 5530 1633 5586 aliter
1648 5527 1758 5584 babent.

222 5599 286 5668 546)
306 5601 344 5656 Ex
357 5618 382 5658 c.
397 5618 461 5668 ιιι,
474 5602 492 5656 l.
505 5618 543 5667 ιι,
557 5602 583 5656 in
595 5599 655 5654 loir.
1052 5604 1128 5674 lilii)
1149 5602 1187 5657 Es
1203 5619 1221 5656 u
1236 5610 1305 5671 part.
1321 5599 1440 5665 Pastor„
1456 5615 1480 5654 c.
1497 5600 1522 5653 l.

221 5668 286 5741 tlt)
304 5671 344 5727 Er
362 5689 386 5729 c.
400 5687 430 5741 ιι,
447 5674 493 5730 lib.
507 5689 563 5742 ιιι,
577 5674 604 5728 in
618 5671 679 5740 lob,
698 5681 759 5727 ante
777 5673 867 5728 iitrrnr.
