3817 6000
362 284 427 339 81
1290 280 1599 338 Galim-:tu
1636 282 1794 341 CAN.
1837 283 1998 342 REG.
2039 285 2098 342 S.
2138 281 2460 342 VICTORIS
2494 284 2717 343 Panis,
3547 287 3626 346 52

353 398 780 470 disperguntur?
836 397 977 467 Quid
1009 415 1106 471 per
1145 398 1320 456 nubes
1348 397 1456 455 nisi
1490 401 1691 458 mentis
1744 400 1935 457 solidi·
1964 409 2008 465 Α
2038 400 2182 457 sicut
2208 401 2277 458 de
2304 401 2654 458 damnatione
2680 402 2829 472 impii
2872 417 2970 472 per
2995 402 3212 456 beatum
3244 399 3347 456 1011
3370 401 3574 460 dicitur
3606 425 3626 463 ε

355 499 439 545 tas
475 488 841 562 intelligitur?
866 490 975 547 Aer
1023 499 1202 545 autem
1233 489 1289 544 in
1330 489 1506 547 nubes
1541 491 1780 562 cogitur,
1805 506 1932 548 eum

351 582 512 638 fluxae
559 591 769 639 mentes
824 598 921 653 per
975 581 1198 653 superni
1248 590 1530 652 respectus
1568 584 1797 654 gratiam
1820 584 1934 638 vir·

353 673 485 730 tutis
517 673 790 729 soliditate
832 673 1182 738 roborantur,
1209 679 1270 728 ut
1306 672 1449 727 intra
1495 672 1709 743 signum
1751 672 1936 729 cordis

349 774 499 820 recta
526 765 808 821 sentiendo
858 780 918 821 se
945 765 1222 838 colligant,
1267 775 1323 822 et
1349 764 1407 820 in
1449 765 1607 822 vanis
1650 765 1939 837 cogitatio-

351 857 515 913 nibus
553 873 661 914 non
703 857 1028 929 liquescant.
1069 857 1315 931 mAer
1363 855 1558 914 Petrus
1582 857 1784 925 suerat,
1809 873 1934 914 eum

350 964 451 1020 per
502 959 722 1007 terrena
780 951 1053 1008 desideria
1123 966 1351 1022 sparsus
1407 964 1533 1006 eum
1586 951 1745 1022 quasi
1795 966 1932 1006 aura

352 1042 632 1099 transiens
661 1059 760 1114 pro
787 1043 896 1100 vita
931 1043 1115 1099 carnis
1148 1058 1280 1100 cura
1310 1042 1631 1114 piscationis
1667 1043 1931 1116 agitabat.

349 1134 460 1192 Aer
507 1143 564 1192 et
610 1150 803 1193 omnes
849 1137 1078 1208 apostoli
1124 1136 1477 1203 exstiterant,
1528 1135 1622 1207 qui
1675 1136 1788 1205 iam
1842 1151 1939 1207 per

353 1228 527 1299 legem
565 1227 673 1282 alta
722 1226 1061 1292 didicerant,
1106 1227 1201 1282 sed
1229 1226 1462 1282 necdum
1501 1240 1599 1296 per
1637 1225 1798 1282 tidem
1846 1225 1939 1280 ῆι·-

353 1331 443 1371 ιιιο
525 1316 827 1387 sapiebant.
907 1315 1099 1372 Subito
1165 1324 1347 1371 autern
1431 1331 1526 1370 aer
1617 1314 1672 1370 in
1761 1314 1939 1371 nubes

360 1414 579 1464 roactus
629 1415 733 1472 est,
771 1406 900 1478 quia
947 1421 1044 1476 per
1076 1414 1393 1476 respectum
1445 1419 1697 1476 supernae
1750 1407 1939 1477 gratiae

351 1499 504 1553 fluxa
556 1497 722 1554 corda
774 1494 1100 1567 piscantium
1156 1498 1208 1550 111
1248 1496 1577 1550 soliditati-m
1617 1510 1768 1550 11311111
1802 1504 1935 1550 sunt

354 1589 795 1660 praedicatorum,
823 1598 882 1644 ut
921 1602 1108 1644 eorum
1156 1590 1384 1642 instrunt:
1433 1590 1790 1658 cagitatintmcs
1822 1585 1931 1644 101·-

352 1681 429 1736 tia
456 1680 737 1737 sentiendo
764 1680 1164 1746 densescercnt,
1192 1698 1252 1734 fu:
1296 1698 1481 1734 1111111111
1517 1682 1741 1734 millium
1765 1696 1939 1751 aquas

2040 493 2211 550 Tollet
2245 511 2366 550 eum
2392 505 2575 551 ventus
2600 510 2757 549 urens
2790 492 2913 564 (Iob
2962 509 3136 558 xxvii,
3168 494 3285 565 21).
3312 492 3449 561 Quis
3469 495 3625 552 enim

2039 585 2144 641 boc
2177 584 2299 641 loco
2322 592 2521 641 ventus
2551 598 2737 651 urens,
2764 583 2870 640 nisi
2894 584 3166 655 malignus
3201 584 3425 655 spiritus
3452 600 3625 641 voca-

2039 685 2149 746 tur,
2173 677 2694 748 quidesideriorum
2745 675 2995 734 flammas
3041 677 3096 731 in
3125 676 3289 733 corde
3331 675 3532 733 excitat
3560 687 3627 732 ut

2037 774 2105 823 ad
2152 769 2509 825 eternitatem
2568 769 2959 840 suppliciorum
3009 768 3191 825 trahat
3209 768 3236 823 1
3295 767 3623 826 Pet-versum

2036 875 2167 931 ergo
2180 860 2411 932 quilibet
2432 871 2626 918 ventus
2646 877 2812 917 urens
2849 860 3041 916 tollere
3070 860 3293 926 dicitur,
3324 861 3453 932 quia
3481 861 3621 918 insi-

2037 950 2216 1007 diator
2240 951 2517 1024 malignus
2539 953 2766 1025 spiritus
2787 952 2882 1025 qui
2917 953 3187 1008 viventem
3216 968 3491 1024 quemque
3519 968 3620 1009 ac·

2039 1043 2220 1100 cendit
2246 1044 2314 1101 ad
2342 1046 2497 1114 vitia,
2542 1046 2865 1103 morientem
2909 1046 3078 1102 traltit
3104 1045 3172 1102 ad
3209 1055 3503 1101 tormenta.
3531 1045 3623 1101 Ab

2040 1137 2206 1208 liujus
2229 1139 2439 1196 urentis
2462 1139 2608 1195 venti
2652 1139 2943 1195 adustione
2987 1136 3418 1208 uniuscuiusque
3455 1137 3619 1193 electi

2038 1246 2195 1287 mens
2225 1239 2580 1302 temperatur,
2603 1229 2825 1303 quando
2852 1229 2908 1285 in
2936 1245 2999 1286 ea
3024 1230 3277 1286 vitiorum
3311 1227 3493 1284 fervor
3516 1244 3623 1283 ex·

2038 1322 2354 1394 stinguitur,
2380 1332 2435 1378 et
2456 1322 2852 1380 desideriorum
2910 1323 3215 1380 carnalium
3257 1320 3476 1377 flamma
3519 1318 3624 1377 fri-

2038 1413 2228 1485 gescit.
2256 1411 2411 1471 Unde
2437 1423 2491 1469 et
2531 1422 2720 1470 sancta
2770 1413 3013 1470 Ecclesia
3058 1413 3113 1468 in
3154 1411 3354 1484 Sponsi
3384 1411 3469 1467 sni
3497 1410 3624 1466 lau-

2038 1507 2202 1563 dibus
2229 1506 2351 1562 laeta
2374 1508 2605 1562 clamat:
2643 1503 2753 1561 Sub
2778 1506 2967 1561 untbra
2992 1504 3137 1561 illius
3167 1521 3319 1575 quem
3347 1504 3624 1559 desidera-

2040 1601 2162 1654 bam
2182 1599 2295 1654 sedi
2324 1596 2507 1670 (Cant.
2536 1615 2596 1666 tt,
2619 1598 2701 1667 Ξ),
2738 1598 2965 1669 impium
3001 1606 3183 1654 autem
3238 1597 3379 1652 tollit
3425 1604 3626 1652 ventus

2039 1707 2228 1758 urens,
2259 1689 2387 1762 quia
2415 1689 2666 1747 videlicet
2688 1691 2963 1760 malignus
3025 1689 3273 1760 spirituS,
3297 1704 3422 1744 eum
3455 1703 3622 1759 quem

347 1772 598 1835 scientiae
632 1782 907 1844 caperent,
944 1783 1000 1830 et
1035 1774 1493 1843 snhim-jmrntem
1529 1782 1721 1827 1111111111
1754 1772 1937 1830 verbis
1970 1786 2011 1841 Β
2037 1794 2186 1836 nunc
2252 1779 2596 1836 succenderit
2649 1779 2775 1851 igne
2820 1794 3090 1850 perversa!
3139 1777 3625 1849 concupiscentiae,

373 1864 761 1942 fraedicationis
824 1865 1132 1936 irrigarent,
1208 1879 1425 1935 ]1111·;11111;1
1497 1866 1817 1934 ministerio,
1867 1866 1937 1922 ad

355 1958 481 2015 coeli
527 1966 734 2015 secreta
783 1971 1144 2023 recurrerent,
1204 1975 1364 2027 :ttth
1412 1963 1477 2015 1111
1537 1971 1796 2014 :nimiruum
1846 1973 1938 2015 re-

360 2052 544 2123 quiem
570 2050 725 2107 finito
759 2050 945 2108 labore
975 2055 1342 2123 pervenirent.

424 2141 537 2213 (65)
575 2139 813 2196 Nubium
853 2140 1075 2196 nomine
1127 2140 1439 2212 temporalia
1483 2141 1627 2197 bona
1649 2140 1939 2214 designan-

354 2240 464 2297 tur,
513 2231 656 2286 sicut
705 2246 802 2302 per
850 2231 1069 2286 beatum
1113 2227 1216 2285 Job
1261 2229 1506 2287 dicitur:
1573 2228 1720 2286 Velut
1774 2230 1937 2286 vtubes

354 2323 661 2393 pertransiit
696 2321 842 2377 salus
869 2339 985 2376 ntea
1010 2320 1132 2395 (1οὁ
1186 2337 1292 2376 xxx
1315 2363 1330 2388 ,
1359 2321 1474 2392 15).
1523 2319 1706 2377 Nubes
1735 2319 1936 2392 quippe

356 2415 415 2468 in
447 2414 560 2472 alto
591 2414 816 2481 eminet,
866 2413 962 2470 sed
1017 2413 1158 2469 bane
1189 2412 1256 2468 ad
1288 2427 1514 2469 cursum
1545 2411 1711 2467 ssatus
1736 2410 1932 2482 impel-

354 2508 440 2565 lit.
497 2506 589 2565 Sic
638 2507 921 2573 nimirum,
964 2505 1047 2562 sic
1076 2513 1206 2562 sunt
1237 2504 1557 2575 temporalia
1615 2503 1932 2574 iniquorum

356 2601 523 2657 bona.
570 2597 731 2655 Velut
773 2599 830 2654 in
878 2597 990 2654 alto
1024 2598 1246 2670 quidem
1288 2612 1385 2669 per
1434 2595 1661 2652 honoris
1715 2594 1938 2651 eelsitu-

358 2693 541 2749 dinem
571 2692 780 2764 erigere
820 2691 1105 2759 videntum
1157 2691 1250 2746 sed
1281 2690 1347 2746 ad
1372 2704 1596 2746 cursum
1642 2688 1768 2744 vitre
1796 2702 1939 2759 quo·

354 2783 486 2840 tidie
526 2784 689 2855 quasi
753 2783 1080 2855 quibusdam
1144 2781 1502 2838 mortalitatis
1549 2796 1663 2837 suae
1717 2780 1936 2838 flatibus

353 2877 725 2947 impelluntur.
781 2874 944 2932 Salus
971 2889 1100 2946 ergo
1127 2884 1187 2930 ut
1218 2875 1393 2930 nubes
1418 2874 1636 2939 transit,
1658 2873 1787 2945 quia
1809 2887 1934 2945 per·

354 2983 638 3027 versorum
669 2968 860 3042 gloria,
892 2983 1015 3040 quae
1056 2967 1164 3024 alta
1190 2976 1295 3033 est,
1327 2967 1433 3023 lixa
1462 2983 1569 3025 non
1590 2977 1693 3024 est.

429 3062 545 3134 (61)
585 3061 822 3118 Nubium
884 3062 1104 3118 nomine
1165 3061 1331 3118 corda
1386 3062 1741 3132 superborum
1788 3060 1936 3117 desi-

356 3166 611 3230 gnantur,
634 3154 777 3212 sicut
802 3169 898 3225 per
925 3154 1144 3210 beatum
1192 3151 1295 3209 101)
1325 3153 1524 3209 dieitur
1557 3171 1571 3208 :
1622 3149 1772 3208 Sicut
1808 3169 1936 3207 con·
1966 3151 2012 3217 c

356 3248 587 3303 sumitur
625 3249 786 3301 nubes
813 3260 864 3302 et
889 3246 1198 3316 pertransit,
1229 3245 1307 3301 sic
1334 3245 1425 3315 qui
1449 3243 1712 3300 descendit
1758 3245 1826 3299 ad
1851 3244 1937 3298 in-

358 3335 496 3408 {eros
544 3352 648 3390 non
681 3334 915 3390 ascendit
947 3332 1068 3404 (Iob
1119 3349 1231 3401 vn,
1265 3333 1345 3400 6).
1394 3331 1578 3390 Nubes
1623 3333 1825 3404 quippe
1869 3333 1943 3389 ad

359 3430 552 3485 altiora
603 3427 976 3499 suspenditur,
1020 3426 1114 3483 sed
1148 3425 1376 3483 densata
1422 3442 1453 3482 a
1494 3435 1657 3482 vento
1709 3425 1942 3496 impelli-

358 3537 450 3578 tur
482 3531 542 3578 ut
590 3532 815 3588 currat3
862 3520 1044 3576 calore
1094 3527 1275 3575 autem
1316 3519 1449 3575 solis
1504 3518 1820 3589 dissipatur,
1879 3527 1942 3573 ut

358 3622 669 3671 evanescat.
717 3610 809 3667 Sic
834 3610 1090 3666 nimirum
1118 3609 1282 3665 corda
1310 3609 1448 3664 fiunt
1469 3607 1775 3676 hominum,
1809 3609 1941 3681 quia

360 3722 458 3777 per
483 3715 718 3776 acceptae
765 3704 993 3761 rationis
1052 3702 1330 3775 ingenium
1383 3701 1451 3757 ad
1483 3702 1590 3759 alta
1646 3701 1939 3773 emigrant,

360 3798 594 3869 impulsa
643 3807 823 3854 autem
868 3795 1088 3867 maligni
1141 3794 1366 3866 spiritus
1411 3793 1565 3863 flatu,
1591 3794 1775 3866 pravis
1796 3794 1943 3850 desi·

360 3891 640 3946 deriorum
674 3888 913 3946 motibus
945 3889 1052 3942 111111
1096 3886 1328 3954 illut-qun
1360 3886 1765 3954 1111111111111111111.
1831 3884 1940 3942 Sed

364 3982 616 4039 districto
649 3988 897 4051 respectu
949 3978 1168 4046 superni
1212 3978 1437 4046 judit-is,
1481 3978 1637 4046 qnasi
1693 3978 1821 4032 111-1113
1850 3992 1943 4033 ca-

364 4075 481 4129 lore
509 4072 813 4143 liquefiunt,
858 4070 1104 4125 6150111111
1160 4070 1292 4122 luteis
1340 4070 1621 4134 penalibus
1653 4066 1847 4123 wadila
1872 4066 1941 4123 ad

366 4163 701 4237 operationis
767 4177 929 4219 usum
990 4162 1128 4214 111111]
1192 4178 1296 4214 111111
1342 4158 1589 4214 ris-lenm.
1645 4158 1944 4231 ’11111311ιί1

367 4265 612 4321 sanctus,
662 4253 916 4309 elationis
950 4251 1232 4306 int-ursum
1288 4251 1669 4319 111-111111111111111]
1721 4249 1942 4305 immani

367 4349 580 4423 generis
619 4347 951 4417 exprimens,
984 4347 1128 4399 11ζ1,·;11,
1176 4363 1184 4395 :
1224 4343 1372 4395 Sicut
1405 4347 1725 4395 sutffismtl'lttr
1757 4363 1781 4391 11
1797 4339 1939 4408 ttbes,

367 4450 418 4496 et
465 4440 743 4510 petr-ausit,
783 4439 860 4492 sic
917 4438 1004 4508 qui
1056 4435 1320 4487 tit-‚arradit
1376 4435 1669 4499 ministra-..12
1721 4449 1824 4485 mm
1855 4448 1946 4486 as-

368 4532 571 4588 cendet.
618 4533 697 4587 Ac
720 4531 767 4587 si
795 4539 978 4602 aperte
1008 4531 1148 4583 tin-at
1188 4551 1196 4579 z
1236 4527 1288 4580 111
1344 4531 1509 4579 [11111111
1541 4531 1812 4579 surrentin
1845 4524 1943 4582 de-
1975 4505 2018 4560 D

368 4625 484 4681 licit
506 4623 600 4695 qui
643 4621 1003 4694 superbiendo
1035 4621 1102 4676 ad
1139 4620 1416 4675 interitum
1464 4617 1660 4674 tendit.
1694 4618 1868 4686 Quem
1898 4618 1947 4674 si

373 4716 540 4775 semel
570 4716 728 4784 culpa
751 4714 818 4769 ad
841 4727 1054 4785 poenam
1101 4711 1208 4784 41,
1240 4711 1525 4781 pertrahit,
1567 4710 1944 4774 misericordia

371 4807 598 4864 ulterius
623 4805 692 4861 ad
712 4805 924 4861 veniam
952 4820 1060 4859 non
1084 4803 1309 4858 rezlueit.

958 4893 1186 4950 CAPUT
1223 4891 1360 4950 xut.

1008 5002 1074 5042 DE
1101 5000 1313 5044 vexus-

372 5076 442 5140 Itt
465 5078 741 5150 Scriptura
769 5094 944 5141 sacra,
970 5094 1088 5131 cum
1115 5087 1296 5131 ventus
1319 5075 1579 5146 singulari
1600 5092 1817 5131 numero
1848 5092 1946 5144 po·

442 5153 608 5215 nitur,
636 5150 924 5222 aliquando
949 5145 1215 5212 diabolus,
1247 5145 1534 5217 aliquando
1568 5147 1791 5202 tentatio
1826 5147 1950 5200 dia·

443 5222 570 5286 boli,
592 5220 879 5291 aliquando
914 5219 1238 5289 prosperitas
1289 5218 1619 5282 transitoria,
1657 5216 1948 5300 aliquando

442 5290 707 5364 superbia,
738 5289 1026 5361 aliquando
1067 5305 1145 5343 res
1180 5287 1424 5372 quoelibet
1477 5287 1808 5353 transitoria,
1838 5285 1947 5340 ali-

442 5361 653 5434 quando
689 5360 961 5415 concussio
980 5359 1210 5414 districte
1228 5357 1429 5429 judicis
1453 5359 1776 5428 desiqnatur.
1813 5357 1949 5410 Cum

442 5451 561 5488 vero
591 5431 874 5503 pluraliter
900 5431 1038 5485 renti
1084 5429 1358 5497 dicuntur,
1402 5430 1596 5483 unimoe
1641 5437 1947 5483 sanctorum

444 5503 834 5575 intelliquntur.

449 5594 563 5662 (65)
596 5592 751 5649 Venti
773 5591 996 5648 nomine
1051 5590 1326 5663 malignus
1379 5590 1606 5663 spiritus
1635 5590 1949 5663 designatur

445 5706 561 5776 (63)
600 5704 676 5761 Ex
705 5704 799 5761 lib.
847 5721 917 5761 xx
960 5705 1015 5759 iu
1056 5703 1178 5769 lob,
1222 5719 1344 5775 cap.
1379 5719 1473 5770 xx,
1502 5703 1591 5759 22.

445 5776 558 5851 (61)
591 5775 670 5834 Ex
706 5775 799 5835 lib.
857 5792 949 5834 vm
979 5776 1034 5833 iu
1073 5774 1192 5845 1011,
1224 5791 1340 5851 cap.
1388 5791 1438 5846 x,
1476 5775 1594 5832 tlt.

2041 1872 2183 1942 rapit
2204 1871 2550 1942 postmodum
2581 1871 2648 1927 ad
2674 1870 2922 1928 flammas
2948 1870 3229 1942 gehenna·-

2110 1983 2224 2056 (66)
2248 1983 2358 2058 42
2388 1982 2546 2039 Venti
2575 1982 2795 2039 nomine
2845 1982 3075 2038 tentatio
3100 1981 3466 2053 malignorum
3498 1979 3623 2052 spi·

2041 2075 2248 2131 rituum
2275 2074 2615 2146 designatur,
2645 2074 2789 2131 sicut
2817 2073 2887 2129 ad
2914 2074 3134 2129 beatum
3161 2071 3263 2128 101)
3288 2071 3358 2129 de
3380 2072 3628 2128 liliorum

2040 2169 2163 2240 ejus
2184 2176 2359 2225 morte
2379 2168 2615 2225 dicitur:
2659 2165 2824 2222 Filiis
2881 2167 2987 2221 tuis
3048 2175 3098 2221 st
3152 2164 3365 2236 filiabus
3415 2181 3628 2221 vescen-

2042 2259 2181 2314 tibus
2210 2269 2259 2315 et
2285 2256 2579 2314 bibentibus
2613 2258 2792 2312 vinum
2819 2258 2874 2312 in
2899 2257 3055 2312 domo
3084 2255 3270 2327 [ratris
3297 2256 3378 2310 tui
3418 2257 3615 2326 primo-

2040 2352 2224 2424 qeniti,
2262 2360 2467 2422 repente
2491 2357 2671 2405 ventus
2720 2348 2987 2404 vehemens
3022 2349 3184 2403 irruit
3215 2366 3249 2403 a
3275 2348 3485 2420 reqione
3532 2348 3629 2402 de-

2040 2445 2189 2511 serti,
2213 2454 2262 2500 et
2289 2444 2556 2499 concussit
2575 2451 2805 2514 quatuor
2828 2440 3052 2513 anqnlos
3099 2441 3310 2497 domus.
3354 2438 3461 2506 Qui
3505 2455 3628 2494 cor-

2041 2553 2195 2592 ruens
2223 2537 2479 2608 oppressit
2509 2535 2701 2591 liberos
2739 2543 2891 2601 tuos,
2922 2544 2974 2588 et
3022 2534 3219 2588 mortui
3269 2543 3390 2588 sunt
3425 2531 3547 2603 (10⁶
3579 2549 3624 2597 t,

2040 2627 2249 2697 18,19).
2279 2626 2449 2698 Regio
2499 2625 2727 2693 deserti,
2751 2624 3160 2681 immundorum
3206 2632 3292 2679 est
3329 2624 3623 2695 spirituum

2039 2719 2332 2775 multitudo
2355 2718 2611 2774 derelicta
2631 2758 2646 2786 ,
2678 2732 2803 2788 quae
2830 2716 2961 2773 dum
2991 2712 3307 2771 Conditoris
3334 2716 3418 2772 sui
3449 2715 3625 2772 beati·

2039 2810 2283 2866 tudinem
2315 2808 2579 2877 deseruit,
2608 2809 2767 2880 quasi
2797 2824 3019 2863 manum
3049 2806 3278 2863 cultoris
3302 2805 3507 2862 amisit.
3537 2805 3627 2861 Ab

2040 2904 2144 2958 bac
2169 2910 2351 2958 autem
2383 2910 2578 2957 ventus
2631 2901 2925 2956 vehemens
2954 2900 3131 2966 venit,
3156 2908 3211 2954 et
3238 2899 3463 2954 domum
3496 2897 3627 2954 sub-

2039 2994 2173 3062 ruit,
2198 2995 2327 3066 quia
2371 2993 2442 3050 ab
2500 2993 2798 3051 immundis
2846 2993 3133 3065 spiritibus
3183 2991 3342 3049 fortis
3395 2991 3628 3049 tentatio

2044 3087 2299 3159 subripit,
2327 3095 2382 3143 et
2409 3103 2441 3143 a
2473 3087 2885 3159 tranquillitatis
2909 3103 3024 3145 suae
3054 3096 3201 3143 statu
3230 3084 3624 3143 conscientiam

2041 3181 2252 3238 evertit.
2276 3180 2333 3237 ln
2357 3190 2595 3254 quatuor
2610 3195 2738 3236 vero
2761 3180 2977 3252 angulis
2995 3179 3192 3236 domus
3209 3177 3476 3245 subsistit,
3491 3178 3625 3249 quia

2042 3274 2306 3330 nimirum
2332 3273 2566 3330 solidum
2592 3273 2792 3329 mentis
2821 3281 3024 3329 nostrae
3052 3270 3342 3329 aediticium
3377 3268 3623 3342 pruden-

2041 3367 2138 3431 tia,
2162 3366 2545 3441 temperantia,
2572 3364 2855 3433 fortitudo,
2882 3363 3098 3435 justitia
3125 3363 3377 3419 sustinet.
3408 3361 3466 3417 ln
3492 3377 3628 3433 qua·

2042 3466 2167 3513 tuor
2196 3458 2411 3529 angulis
2443 3457 2643 3515 domus
2671 3456 2950 3524 consistit,
2992 3455 3122 3528 quia
3152 3456 3208 3510 in
3250 3454 3337 3509 bis
3384 3462 3626 3525 quatuor

2040 3550 2334 3607 virtutibus
2356 3558 2465 3607 tota
2493 3549 2619 3605 boni
2642 3548 2824 3619 operis
2848 3558 3119 3604 structura
3143 3545 3441 3618 consurgit.
3467 3542 3625 3600 Unde

2042 3656 2098 3700 et
2130 3651 2370 3713 quatuor
2416 3641 2656 3716 paradisi
2692 3640 2916 3699 flumina
2970 3649 3172 3697 terram
3218 3640 3465 3712 irrigant,
3490 3639 3622 3710 quia

2043 3738 2174 3791 dum
2195 3736 2266 3793 ils
2294 3744 2533 3807 quatuor
2555 3734 2852 3790 virtutibus
2898 3748 2995 3790 cor
3046 3731 3352 3788 infunditur
3375 3731 3445 3787 ab
3472 3728 3623 3786 omni

2042 3829 2438 3887 desideriorum
2474 3828 2779 3884 carnalium
2804 3836 2938 3883 aestu
2961 3834 3315 3897 temperatur.
3348 3822 3456 3880 Sed
3479 3839 3621 3878 non--

2044 3937 2325 3996 nunquam
2361 3921 2491 3981 dum
2544 3919 2758 3992 ignavia
2811 3918 2979 3975 menti
3042 3917 3307 3990 subrepit,
3337 3915 3624 3988 prudentia

2044 4013 2321 4085 frigescit;
2354 4029 2478 4069 nam
2506 4029 2630 4069 cum
2666 4011 2809 4069 fessa
2857 4019 3036 4082 torpet
3079 4020 3309 4067 ventura
3358 4023 3468 4065 uon
3495 4023 3624 4080 pro-

2044 4105 2208 4160 videt.
2242 4103 2646 4177 Nonnunquam
2669 4104 2799 4160 dum
2836 4103 3094 4161 nonnulla
3125 4101 3293 4158 menti
3339 4099 3624 4157 delectatio

2044 4197 2301 4269 surrepit,
2336 4196 2692 4267 temperantia
2727 4203 2913 4251 nostra
2939 4192 3245 4250 marcessit.
3274 4192 3333 4247 ln
3357 4198 3621 4264 quantum

2044 4290 2189 4347 enim
2242 4290 2313 4353 ad
2354 4289 2771 4347 delectationem
2835 4288 3186 4361 praesentium
3236 4285 3511 4350 ducimur,
3565 4283 3621 4338 in

2044 4393 2255 4440 tantum
2284 4384 2468 4440 minus
2490 4384 2559 4439 al)
2589 4382 2791 4445 illicitis
2814 4391 3198 4453 temperamur.
3220 4377 3620 4449 Nonnunquam

2046 4491 2105 4531 se
2127 4475 2289 4531 timor
2316 4474 2469 4530 cordi
2502 4472 2767 4541 insinuat,
2798 4481 2853 4529 et
2880 4472 3025 4528 vires
3054 4479 3259 4527 nostrae
3290 4467 3625 4526 fortitudinis

2049 4567 2232 4622 turbat
2255 4583 2270 4621 :
2293 4574 2348 4621 et
2370 4581 2437 4622 co
2462 4566 2703 4622 minores
2724 4572 2913 4620 contra
2934 4564 3161 4620 adversa
3182 4563 3492 4629 existimus,
3514 4578 3624 4631 quo

2046 4661 2296 4731 quaedam
2321 4660 2548 4732 perdere
2575 4658 2993 4721 immoderatius
3014 4658 3212 4719 dilecta
3242 4657 3618 4716 lormidamus.

2048 4751 2450 4822 Nonnunquam
2501 4766 2633 4814 vero
2683 4765 2840 4806 amor
2886 4766 3022 4807 suus
3074 4766 3134 4808 se
3155 4750 3351 4806 ‘menti
3405 4747 3622 4820 ingerit,

2048 4859 2279 4915 eamque
2304 4843 2491 4899 latenti
2525 4851 2675 4899 motu
2707 4858 2740 4900 a
2770 4842 3092 4904 rectitudine
3113 4841 3340 4916 justitiae
3383 4839 3620 4906 divertit,

2048 4948 2103 4994 et
2126 4955 2237 5010 quo
2263 4954 2322 4994 se
2368 4946 2534 4993 totam
2568 4936 2775 4993 auctori
2827 4935 3053 4991 reddere
3107 4933 3347 5006 negligit,
3370 4948 3436 4988 eo
3482 4933 3537 4988 in
3566 4949 3622 4989 se

2043 5035 2268 5108 iustitiae
2284 5034 2394 5105 juri
2421 5031 2761 5094 contradicit.
2788 5029 2997 5091 Ventus
3020 5044 3151 5103 ergo
3170 5028 3465 5083 vehemens
3489 5043 3625 5098 qua-

2050 5137 2167 5184 tuor
2199 5125 2430 5198 angulos
2476 5124 2675 5182 domus
2722 5122 2984 5187 concutit,
3017 5120 3146 5179 dum
3202 5116 3361 5173 fortis
3404 5117 3621 5173 tentatio

2050 5220 2278 5277 occultis
2304 5219 2545 5275 motibus
2565 5226 2801 5289 quatuor
2846 5215 3075 5269 virtutes
3105 5210 3301 5284 quatit.
3351 5209 3417 5265 Et
3466 5210 3619 5281 quasi

2048 5313 2323 5385 quassatis
2376 5308 2591 5383 angulis
2640 5311 2836 5365 :lomus
2883 5306 3176 5372 obruitur,
3224 5304 3354 5361 dum
3400 5302 3623 5372 pulsatis

2051 5402 2346 5458 virtutibus
2398 5399 2735 5459 conscientia
2783 5396 3054 5454 turbatur.
3095 5394 3242 5451 intra
3295 5394 3397 5449 bos
3445 5402 3620 5447 autem

2050 5504 2289 5569 quatuor
2312 5494 2509 5550 domus
2530 5493 2761 5564 angulos
2787 5491 2882 5546 lilii
2910 5489 3295 5553 convivantur,
3334 5486 3461 5556 quia
3486 5485 3620 5540 intra

2053 5601 2252 5642 arcana
2283 5583 2505 5651 mentis,
2534 5597 2656 5653 qua!
2704 5581 3078 5653 principaliter
3106 5578 3193 5635 his
3231 5585 3472 5648 quatuor
3499 5575 3621 5664 ‘vir-

2124 5701 2237 5770 (65)
2276 5697 2350 5753 Ex
2384 5698 2478 5752 lib.
2510 5711 2641 5751 svnt
2689 5694 2743 5750 in
2773 5693 2898 5761 lob,
2920 5709 3040 5764 cap.
3069 5708 3169 5757 xit,
3198 5697 3321 5761 post
3365 5687 3619 5744 medium.

2124 5771 2237 5844 (66)
2276 5768 2349 5826 Es
2382 5769 2474 5827 lib.
2507 5785 2548 5827 ιι
2579 5769 2635 5825 in
2657 5764 2803 5836 lob„
2836 5780 2955 5840 cap.
2991 5779 3140 5833 xxvi,
3168 5762 3223 5822 in
3254 5758 3433 5828 initio,
3455 5758 3545 5820 5&

3786 5695 3788 5764 1
