3817 6000
131 146 189 208 lii
619 203 622 211 ,
708 145 973 206 connectendo.
992 178 1029 189 -·
1045 148 1110 206 tib.
1129 145 1201 208 Xlll.
1721 162 1787 227 ggg,v

129 264 248 324 tinet.
264 270 312 337 tt,
326 267 366 339 b).
379 265 466 324 Porta
482 265 557 324 enim
569 266 643 323 rium
657 265 796 339 nunilonis
806 268 927 340 respicit,
944 276 968 335 Α
980 266 1157 339 pulchritudo
1173 283 1289 341 opernm
1299 271 1469 331 exteriorum
1483 281 1565 331 ornat
1574 273 1658 348 509
1667 276 1777 337 inabita-

127 375 198 418 cum
213 358 379 433 praedoctor
393 359 512 431 quisque
525 360 610 416 tritam
625 359 780 433 peccatoris
792 361 927 434 agnoscit,
980 358 1074 415 culum
1090 357 1140 416 Dei
1156 359 1232 431 qnod
1245 360 1336 418 adliuc
1352 361 1419 421 lntct
1440 363 1618 423 intrinsecus.
1643 365 1697 424 Sed
1715 368 1776 429 lenc

128 452 214 523 eique
228 450 359 507 interiora
372 449 434 507 vitae
449 465 500 522 per
511 449 627 507 verbum
642 449 846 522 praedicntionip
860 467 929 524 apg-
980 445 1085 505 frontes
1097 448 1200 505 hebent
1212 451 1314 507 atrium
1328 453 1449 526 undique
1468 470 1516 527 pet·
1530 456 1688 528 circuitum,
1710 462 1778 534 quia

127 543 180 600 tit.
206 542 275 611 Qun
302 550 382 615 portu
407 541 470 599 atrii
497 543 642 601 exterioris
664 542 784 612 dicitur3
807 544 929 602 exterius
979 539 1007 597 in
1019 539 1073 597 boc
1086 555 1184 613 magna
1196 551 1354 615 suntnpera
1364 545 1388 601 si
1403 545 1498 604 necin
1509 548 1774 609 mentedilctatam·

124 636 236 708 quippe
249 634 351 692 atrium
364 642 408 691 est
422 634 478 690 ritu
493 648 632 705 presens,
650 634 678 691 in
694 649 748 707 qna
763 648 845 692 omne
854 633 930 707 quod
979 632 1084 705 plitndo
1097 634 1283 693 charitatisde
1292 638 1437 707 charitate,
1449 640 1551 715 quippe
1561 642 1696 714 scriptum
1709 653 1773 704 est:

127 727 315 797 corporaliter
327 725 429 801 agitur,
441 725 624 798 corporaliter
631 726 713 783 etiam
728 727 846 785 ridetur.
862 726 930 796 Quae
979 723 1079 780 Lotum
1086 726 1779 807 mundatumtuumnintisll'anlmxrnr,25).l)elrac

130 830 190 879 tam
204 819 235 877 in
247 819 431 893 longitudine,
447 834 532 892 qurum
541 818 569 875 in
583 819 727 879 latitudine
741 830 928 892 mensuratur,
979 816 1093 875 itemtn:
1103 816 1778 899 statuistiinlocnrpntioropedesmeor(Ptotnu,

125 914 199 987 quia
214 928 280 971 cum
293 913 329 970 ad
342 912 423 970 fldem
437 921 567 984 peccator
581 911 702 982 ducitur,
719 929 833 972 necesse
846 924 889 972 est
898 922 930 972 ut
979 905 1221 981 9).(78l)dtrinm
1234 927 1298 985 ergo
1311 923 1375 971 ante
1386 913 1593 988 lrontesejusiu
1604 917 1776 990 perfectione

125 1008 193 1081 ejus
207 1005 306 1064 doctor
319 1004 476 1063 consideret
489 1004 532 1061 rel
542 1013 677 1076 qnantum
690 1005 718 1060 in
731 1004 929 1078 longitudinem
979 998 1072 1069 otieris
1096 1008 1139 1057 cst
1158 1000 1275 1059 latitudo
1290 1003 1456 1063 dilectionis.
1470 1006 1505 1063 Et
1527 1008 1680 1065 notandum
1698 1010 1774 1080 quod

126 1097 203 1170 spei,
218 1096 264 1153 vel
281 1096 458 1169 quantumin
473 1095 645 1152 latitudinem
669 1096 812 1154 charitatis
822 1112 856 1154 ex
869 1097 930 1170 ejus
980 1089 1282 1166 diciturtundiqttcpcr
1292 1095 1449 1167 circuitum,
1465 1099 1780 1172 uti-idelieetbomoper

128 1188 325 1247 admonitione
339 1186 474 1260 prodciat.
487 1186 540 1255 Qui
549 1187 624 1244 enim
643 1188 678 1245 nd
691 1187 778 1245 Βειττε
792 1190 931 1247 concerti·
981 1199 1064 1242 omne
1078 1187 1151 1259 qnod
1163 1186 1220 1258 agit
1232 1203 1339 1261 semper
1350 1206 1381 1247 se
1394 1190 1422 1247 in
1436 1191 1580 1249 claritatis
1593 1191 1776 1263 amplitudine

128 1290 188 1348 tur,
199 1279 225 1338 si
239 1278 331 1336 adbuc
344 1278 417 1336 bona
431 1279 494 1335 vitre
507 1279 651 1350 proesentis
664 1287 766 1351 sperat,
776 1279 928 1353 longitudi-
980 1276 1085 1346 dilatet,
1105 1293 1140 1336 ne
1162 1279 1236 1338 bunc
1250 1289 1299 1338 ent
1313 1281 1413 1351 timor,
1428 1292 1477 1342 ant
1495 1285 1591 1343 odium
1616 1291 1776 1358 angustent«

128 1387 196 1431 mm
205 1371 370 1439 nonhabet,
385 1364 596 1443 quiabretisest
606 1370 673 1439 ritu,
685 1369 713 1425 in
726 1386 780 1442 qun
794 1386 930 1444 spempo-
982 1367 1011 1426 Si
1020 1370 1677 1447 qttisergodcrcrboDeiloquitur,etcltaritntem
1688 1392 1772 1449 quam

128 1462 932 1535 snit.Siperterrenurumrernmconcupiscentiametnd
981 1463 1113 1534 predicat
1128 1480 1156 1520 m
1171 1475 1263 1522 mente
1273 1482 1328 1525 non
1348 1477 1458 1538 serrat,
1472 1469 1580 1527 aedilicii
1595 1470 1713 1528 frontem
1727 1471 1776 1527 bn-

128 1558 187 1614 lanc
194 1556 314 1629 proximi
321 1555 385 1613 odio
393 1563 600 1628 coangustatur,
606 1553 866 1627 580latitndinem
874 1569 931 1612 non
981 1554 1037 1624 bet,
1046 1557 1274 1615 sedatriumantc
1284 1559 1403 1616 lrontcm
1413 1576 1469 1617 non
1481 1561 1574 1618 habet.
1585 1561 1614 1617 Si
1627 1562 1689 1634 quis
1700 1562 1773 1619 elee-

129 1650 230 1716 babet,
244 1649 311 1720 quin
317 1648 411 1711 nescit
423 1648 465 1704 rel
482 1648 640 1705 transitorie
654 1656 830 1705 contemnere
842 1649 885 1706 vel
901 1664 931 1706 sc
945 1658 968 1714 ρ
982 1661 1127 1720 mosynam
1141 1648 1278 1722 largitur,
1299 1658 1327 1706 et
1345 1666 1394 1722 per
1412 1651 1484 1708 banc
1509 1651 1628 1709 lortnsse
1642 1653 1670 1708 in
1692 1651 1776 1709 corde

129 1741 160 1799 in
172 1740 296 1814 proximi
306 1740 534 1799 amoredilnture.
544 1739 614 1797 Cum
624 1754 844 1799 reroconverens
854 1740 932 1813 nnis·
981 1738 1132 1806 extollitur,
1152 1756 1203 1797 nec
1222 1755 1256 1797 ex
1270 1740 1405 1799 charitate
1417 1742 1537 1813 proximi
1559 1744 1659 1816 inopiae
1673 1744 1774 1802 subte-

129 1847 187 1904 que
202 1840 314 1889 eternae
325 1832 391 1889 ritae
400 1831 501 1906 gandia
515 1832 711 1905 longanimiter
722 1841 826 1905 sperat,
840 1833 933 1905 prori-
981 1833 1033 1901 nit,
1042 1834 1089 1891 sed
1099 1850 1130 1891 se
1141 1835 1260 1893 elutione
1272 1836 1354 1893 tacita
1366 1836 1483 1907 extollit,
1494 1836 1612 1895 frontem
1621 1823 1732 1910 quidem
1745 1838 1774 1894 in

129 1939 247 1981 morunt
262 1923 404 1982 molestias
418 1923 553 1982 enaritate
568 1925 687 1994 toleret,
701 1933 730 1982 et
748 1939 781 1982 cn
796 1940 858 1997 qun
874 1940 931 1982 uon
980 1926 1098 1983 aedilicio
1113 1928 1243 1996 ostendit,
1258 1929 1307 1985 sed
1315 1930 1396 2001 Juxta
1410 1929 1530 1988 lrcnntem
1545 1932 1646 1988 atrium
1660 1948 1716 1988 non
1730 1932 1773 1988 le·

129 2023 219 2080 babet
231 2023 428 2095 concupiscere
441 2021 593 2080 contemnit
607 2039 615 2078 τ
628 2021 838 2094 longitudinem,
853 2022 931 2079 etta·
981 2017 1028 2075 cit.
1047 2017 1075 2074 Si
1090 2020 1155 2091 quis
1170 2019 1261 2078 illatas
1283 2037 1299 2078 a
1319 2023 1447 2093 proximo
1460 2025 1644 2081 contumelias
1667 2023 1776 2093 tolerat,

130 2115 281 2173 titudinem
296 2122 376 2188 portn
390 2114 492 2183 babet,
523 2115 589 2186 quia
611 2113 698 2186 glorie
722 2113 951 2186 predicatoris„
981 2118 1008 2167 et
1021 2112 1093 2168 melu
1111 2112 1219 2184 obiecta
1234 2114 1336 2172 tacitus
1351 2123 1455 2188 portet,
1471 2131 1572 2189 magna
1587 2115 1775 2190 estpatientin

129 2218 176 2267 ent
196 2207 339 2281 proiectus
353 2206 499 2264 auditoris.
518 2202 598 2263 Unde
617 2205 784 2277 quibusdam
803 2220 852 2277 per
870 2219 931 2261 nin·
981 2220 1064 2276 qnam
1077 2205 1248 2264 demonstrat
1259 2208 1283 2264 si
1296 2208 1421 2267 dolorem
1444 2212 1473 2267 in
1488 2212 1572 2268 corde
1593 2226 1649 2269 non
1664 2211 1776 2276 babent,

130 2316 219 2374 gnum
234 2301 442 2373 predicatorem
462 2299 577 2356 dicitnr:
593 2296 727 2355 Gaudium
747 2305 870 2354 mmet
884 2312 932 2352 co·
981 2299 1007 2353 si
1020 2296 1123 2354 lucrari
1140 2299 1175 2355 nd
1188 2301 1416 2372 tranquillitatem
1439 2303 1677 2372 mensuetudinis,
1693 2303 1776 2360 etiam

131 2410 201 2451 rone
212 2410 272 2450 ntea
285 2392 398 2465 (Plritip.
413 2407 451 2461 rr,
466 2391 493 2462 l)
503 2433 511 2461 ,
521 2400 550 2449 et
562 2406 673 2447 mrsum
684 2410 691 2447 :
704 2389 772 2445 Eece
783 2406 852 2444 nnuc
862 2390 929 2458 noo,
981 2388 1072 2460 ipsum
1088 2390 1136 2462 qni
1147 2392 1218 2448 male
1231 2403 1400 2465 excesserat,
1414 2404 1531 2468 qureret.
1549 2395 1617 2459 Num
1633 2396 1658 2453 si
1669 2397 1777 2469 patieut-

129 2487 155 2543 εἰ
168 2504 216 2543 nor
227 2485 307 2541 stetit
321 2485 351 2539 in
366 2481 481 2538 Domino
493 2480 521 2554 (l
535 2481 626 2537 Theou.
643 2496 686 2549 nr,
701 2479 757 2552 19).
777 2478 867 2551 Amne
882 2479 932 2536 ite-
982 2480 1048 2536 tiam
1069 2483 1191 2541 exterius
1203 2483 1354 2556 adhibens,
1380 2486 1591 2544 intusdolorem
1609 2495 1694 2555 tenet,
1723 2500 1776 2542 nce

133 2594 218 2636 rum:
236 2575 303 2644 Qun
316 2584 460 2631 estnottra
477 2591 547 2646 spes,
564 2583 611 2628 unt
622 2572 769 2646 gandium?
781 2565 875 2627 Noniae
886 2586 931 2629 cos
982 2581 1057 2628 amnt
1068 2588 1131 2630 enm
1145 2591 1227 2647 quem
1243 2577 1376 2634 sustinet:
1394 2578 1477 2635 habet
1488 2579 1600 2650 quidem
1612 2576 1733 2634 lrontem
1744 2577 1774 2633 in

130 2677 197 2724 unte
213 2667 380 2724 Dominum!
394 2665 485 2738 (ibid.)
508 2664 664 2738 Longitudo
685 2678 751 2737 ergo
769 2671 797 2720 ct
815 2663 931 2720 latitudo
981 2664 1109 2734 edificio,
1125 2667 1249 2724 sedente
1264 2667 1383 2726 irotrtem
1402 2671 1504 2725 atrium
1519 2685 1574 2726 non
1589 2669 1682 2739 habet,
1708 2669 1778 2741 quin

130 2769 223 2833 pnrtae
232 2769 285 2828 est,
297 2774 359 2832 qnae
369 2757 404 2814 nd
412 2758 571 2831 aquilonem
584 2756 713 2829 respicit;
726 2755 802 2828 quin,
814 2771 877 2812 cnm
889 2755 931 2811 in·
985 2758 1010 2815 io
1021 2759 1069 2831 qui
1087 2776 1117 2817 se
1140 2761 1274 2832 ungustiae
1287 2762 1415 2821 odiorum
1429 2762 1562 2830 subdidit,
1575 2761 1698 2834 prolecto
1708 2761 1775 2820 ebn-

129 2852 243 2909 tidelem
260 2850 418 2923 quempiam
431 2860 458 2907 et
479 2849 508 2905 in
525 2848 628 2920 peccati
643 2848 685 2906 sui
699 2846 801 2921 frigore
818 2855 932 2918 torpen-
982 2851 1072 2910 ritatis
1085 2853 1256 2911 latitudinem
1273 2855 1378 2913 emisit.
1400 2855 1536 2912 Patientia
1550 2856 1625 2912 enim
1650 2870 1716 2911 vera
1731 2862 1775 2912 est

132 2954 192 3004 tem
216 2944 381 3019 predicator
398 2943 433 3002 ad
446 2943 527 3002 ddem
545 2942 703 3011 convertit,
723 2956 773 3015 per
787 2941 841 2999 boe
855 2939 929 3013 quod
982 2957 1044 3014 quc
1057 2952 1085 3000 et
1094 2943 1184 3015 ipsum
1197 2952 1273 3001 amnt
1286 2960 1368 3018 quern
1388 2953 1490 3017 portat.
1506 2942 1575 3002 Nam
1585 2944 1714 3013 tolerare,
1725 2942 1775 3001 sed
1820 3013 1827 3028 ·

130 3053 198 3095 enm
212 3036 241 3093 in
259 3035 459 3109 longitudinem
483 3034 542 3105 spei
566 3032 664 3101 tendit,
686 3041 715 3089 et
728 3031 757 3088 in
771 3010 965 3104 amplitudi·C
981 3036 1073 3094 odisse
1080 3052 1135 3093 non
1150 3046 1193 3094 est
1202 3037 1291 3094 virtus
1302 3038 1522 3097 mensuetudinis
1532 3039 1580 3097 sed
1590 3038 1713 3095 velamen
1729 3035 1775 3093 lu·

132 3146 199 3188 nem
211 3129 355 3187 charitatis
367 3128 473 3196 dilutnt,
488 3127 550 3199 ejus
563 3125 681 3200 glorium
694 3123 770 3181 lacit.
980 3128 1064 3186 roris.
1084 3129 1167 3187 Porta
1189 3131 1290 3203 qnippe
1302 3141 1398 3189 nostro
1422 3139 1466 3190 est
1481 3132 1573 3189 aditus
1588 3131 1623 3189 nd
1637 3145 1752 3203 regnum
1767 3142 1777 3185 t

173 3230 252 3304 (780)
267 3228 336 3286 btrii
350 3229 461 3285 nomine
475 3226 592 3283 latitudo
604 3224 749 3281 charitatis
760 3223 929 3296 designatur,
981 3229 1008 3278 ει
1021 3220 1168 3279 Dominum
1183 3238 1215 3280 nc
1230 3223 1389 3296 proximum
1405 3223 1525 3297 periente
1540 3239 1645 3293 amare,
1666 3223 1774 3293 iamed

131 3324 208 3383 sicut
222 3338 272 3396 per
281 3321 408 3379 eumdem
422 3317 592 3377 Ezechielem
601 3316 702 3374 dicitur
714 3332 721 3373 τ
734 3314 770 3370 lt't
783 3315 846 3387 [ecit
856 3315 932 3386 sren-
981 3313 1136 3388 ingressum
1148 3316 1225 3390 regni
1240 3325 1283 3374 est
1292 3316 1414 3374 tendere.

133 3411 502 3488 respersernpintacnbitor:
521 3421 546 3466 et
557 3409 594 3465 od
601 3409 729 3481 frontem,
740 3408 840 3463 atrium
846 3414 931 3478 porte
1017 3405 1093 3480 (782)
1111 3406 1181 3462 btrii
1194 3406 1471 3479 nominedesignatnr
1482 3403 1688 3478 contemplatio,
1701 3405 1775 3463 sicot

131 3509 253 3581 undique
269 3523 316 3578 per
329 3505 470 3562 circuitum
480 3502 591 3576 (Ezecb.
604 3517 650 3571 xc,
665 3498 705 3573 9).
722 3497 799 3570 Saepe
810 3497 868 3570 jam
888 3496 932 3554 di·
982 3497 1084 3555 iterum
1098 3513 1148 3569 per
1158 3500 1285 3556 eumdem
1298 3498 1468 3556 Ezechielem
1484 3491 1604 3556 dicitnr:
1619 3498 1654 3555 Et
1670 3513 1775 3555 intentet

131 3603 231 3658 ximus
241 3597 351 3657 serratio
365 3610 481 3653 numero
491 3593 687 3667 perlectionem
698 3593 765 3650 boni
777 3591 870 3664 operis
882 3591 931 3649 dc·
980 3588 1222 3647 strictitudinem
1232 3593 1303 3663 fecie
1312 3602 1397 3664 porte
1403 3592 1550 3663 inferioris,
1563 3608 1646 3664 utrque
1656 3593 1691 3647 od
1704 3593 1777 3663 frore·

132 3694 254 3766 nigriori,
269 3705 324 3748 non
337 3688 405 3746 illud
420 3686 652 3761 sequentesquod
664 3685 755 3744 conati
770 3683 930 3755 sunthujus
982 3690 1034 3738 tem
1055 3683 1120 3738 atrii
1140 3683 1275 3739 interioris
1298 3685 1464 3743 extrinsecos
1483 3694 1588 3740 centum
1612 3684 1714 3740 cubitos
1738 3677 1775 3740 nd

132 3783 231 3843 accub
245 3781 384 3854 sapientes
397 3788 515 3849 mouere,
529 3778 651 3836 dicentes
672 3775 775 3835 idcirco
789 3775 930 3833 senorium
981 3774 1108 3829 ementem
1121 3782 1146 3828 et
1156 3773 1315 3845 condonent.
1328 3774 1438 3847 (Erech.
1450 3792 1496 3844 xc,
1509 3775 1549 3847 7.)
1561 3774 1589 3830 ln
1602 3776 1702 3847 quibos
1713 3791 1777 3832 rer·

134 3875 285 3935 numerum
299 3889 362 3932 esse
374 3871 536 3946 perlectum,
551 3871 616 3945 quia
630 3884 682 3928 sno
693 3868 790 3926 ordine
802 3881 932 3924 numera·
981 3866 1036 3932 bis,
1051 3865 1075 3922 si
1089 3875 1198 3936 portam
1215 3865 1379 3937 accipimus,
1402 3881 1457 3938 qne
1470 3867 1504 3923 nd
1519 3867 1705 3940 cognitionem
1718 3866 1775 3923 ona

134 3978 184 4027 ιιι
195 3965 348 4041 perlinitur,
359 3973 391 4021 ut
402 3979 468 4023 cum
486 3978 569 4032 uirus,
585 3962 651 4030 dno,
668 3970 723 4018 tres
733 3959 871 4028 dicuntur,
886 3972 931 4015 se·
980 3958 1050 4015 mini
1061 3958 1206 4026 intramus,
1220 3966 1299 4030 porte
1313 3956 1428 4014 inferior
1439 3958 1506 4015 ildes
1516 3967 1559 4015 est
1571 3974 1578 4016 τ
1591 3958 1694 4017 atrium
1704 3971 1773 4016 vero

134 4061 236 4119 nerins
250 4074 383 4116 numerus
400 4056 548 4129 impleatur
561 4074 569 4124 ;
582 4055 700 4126 telonia
717 4053 745 4109 in
760 4052 850 4109 tribus
863 4066 930 4123 pur·
982 4052 1108 4119 interius,
1123 4050 1330 4123 contemplatio.
1343 4048 1433 4107 [labet
1446 4059 1537 4107 numm
1561 4060 1640 4122 porta
1656 4050 1773 4108 interior

135 4153 214 4212 tibus
223 4150 365 4220 dividitur,
376 4149 403 4206 id
417 4157 470 4218 est,
485 4155 572 4215 sexta,
587 4145 666 4203 tertia
680 4154 709 4202 et
721 4144 844 4213 dimidia,
857 4143 931 4198 ride-
981 4144 1154 4203 latitudinem
1170 4145 1199 4201 in
1214 4143 1303 4212 iacie,
1317 4144 1383 4216 qnia
1406 4144 1533 4202 videlieet
1547 4143 1629 4217 590
1644 4144 1711 4201 ddes
1724 4156 1774 4217 per

134 4247 203 4305 licet
215 4246 244 4301 in
259 4258 316 4301 nno
326 4241 435 4299 duobus
448 4249 476 4297 ct
489 4238 577 4296 tribus
590 4255 598 4308 ;
611 4237 660 4295 sed
671 4235 776 4294 idcirco
790 4233 930 4294 senorium
981 4236 1123 4295 charitatis
1138 4250 1195 4292 suae
1209 4234 1419 4306 arnplitudinem
1433 4233 1517 4290 hebet
1537 4248 1570 4290 ee
1589 4248 1652 4305 quae
1664 4233 1776 4291 uidetur

134 4353 286 4397 nnmerum
299 4349 360 4393 esse
374 4332 546 4406 perlectum,
566 4329 632 4403 quin
647 4337 726 4387 serto
747 4326 792 4385 die
815 4326 931 4400 perfecit
945 4351 969 4407 D
983 4328 1143 4401 apronimis
1153 4328 1350 4399 operationem.
1367 4325 1457 4395 Quum
1471 4326 1536 4382 dom
1554 4324 1689 4383 lortitera
1711 4341 1775 4399 per⁴

135 4431 211 4489 Dens
223 4428 316 4486 omnin
327 4442 410 4499 opera
422 4439 482 4483 sua.
497 4421 633 4492 Quoniam
647 4434 714 4477 vcro
727 4417 865 4492 peccatori
879 4417 931 4473 bo-
982 4418 1143 4476 lectioribus
1159 4417 1203 4491 agi
1221 4416 1422 4489 conspicimus,
1437 4430 1489 4473 nos
1506 4414 1555 4486 qni
1569 4415 1694 4487 inbonis
1706 4417 1776 4473 acti·

134 4523 207 4582 mini
228 4522 317 4595 legem
340 4518 492 4590 deditque
513 4516 542 4574 in
561 4515 655 4572 decem
671 4511 814 4585 preceptis
828 4510 931 4582 scripta
981 4512 1033 4569 bns
1047 4519 1238 4583 angustemur,
1251 4511 1375 4581 exempla
1389 4523 1497 4581 percos
1514 4523 1622 4581 magnae
1635 4509 1775 4580 operatio⁴

134 4625 192 4685 cst,
205 4624 235 4672 et
251 4612 405 4672 sexdecies
420 4612 502 4668 ducta
526 4607 554 4665 in
578 4604 786 4679 sexagenarium
801 4610 930 4674 snrgunt,
981 4605 1026 4662 nis
1036 4605 1197 4675 accipimus.
1206 4602 1417 4674 Etnnaqnaeque
1429 4612 1524 4659 sanctu
1536 4603 1694 4674 actioquasi
1703 4620 1776 4675 qun·

135 4717 213 4766 recte
227 4722 278 4779 per
291 4704 433 4778 sexaginte
447 4700 555 4758 cubitos
569 4699 705 4756 bonorum
718 4711 831 4768 operum
845 4692 932 4767 perie-
981 4697 1044 4753 dum
1057 4696 1179 4754 nobis-lit
1188 4695 1306 4752 latitudo
1318 4695 1426 4752 itineris
1442 4710 1504 4767 quac
1517 4696 1596 4767 prius
1613 4706 1674 4753 erat
1687 4712 1775 4770 ungu·

135 4800 193 4859 etio
208 4798 389 4870 designatur:
410 4794 475 4853 lecit
487 4793 580 4865 ituqoe
597 4791 701 4860 frontes
717 4805 767 4862 per
790 4787 932 4860 sexaginta
982 4789 1035 4847 stin
1048 4786 1225 4845 didicultntis.
1240 4784 1327 4843 Habet
1337 4802 1448 4858 qnoque
1460 4787 1561 4843 atrium
1571 4788 1687 4846 interius
1697 4788 1774 4844 lron⁴

135 4892 258 4951 cubitos.
271 4890 379 4949 Etenim
393 4904 442 4961 per
458 4885 666 4960 sexagenarium
684 4898 830 4941 numerum
843 4879 931 4953 perie-
982 4891 1037 4940 ιετιτ
1053 4900 1061 4940 :
1082 4882 1146 4954 quie
1169 4880 1381 4952 contemplative
1400 4880 1455 4936 rita
1480 4895 1531 4952 per
1547 4881 1672 4952 qnaednn
1695 4882 1774 4953 signs

135 4986 211 5045 ctio:
223 4981 290 5057 qnid
303 4998 353 5056 per
366 4981 472 5038 lrotutes
483 4977 602 5047 aedilicii,
615 4976 670 5034 nisi
683 4976 744 5048 ipsa
758 4989 842 5047 opera
854 4973 930 5031 desi·
982 4973 1182 5031 desideriorum
1197 4982 1224 5029 et
1234 4967 1384 5043 gemituum
1399 4972 1519 5029 ostendit
1534 4981 1669 5044 quantum
1680 4972 1775 5044 J'ustnr

135 5084 269 5151 gnuntur,
283 5065 847 5147 queridcnturenteriusiPredicetionis
858 5065 932 5122 enim
983 5067 1075 5124 rideat
1088 5082 1150 5139 qun
1172 5074 1278 5122 tantum
1293 5073 1377 5121 atnat.
1394 5062 1531 5121 Donatius
1546 5065 1620 5122 enirn
1641 5077 1776 5120 numerus

134 5167 255 5226 verbnm
267 5165 399 5234 tribuere,
415 5163 545 5220 alimenta
555 5157 752 5228 esurientibus,
767 5156 932 5214 vestimenta
982 5161 1222 5232 persemetipsum
1243 5158 1441 5230 multiplicatus
1456 5157 1484 5213 in
1505 5155 1694 5214 centenarium
1709 5171 1775 5213 sura

136 5257 295 5332 algentibus
304 5256 382 5323 dare,
390 5264 418 5313 tt
426 5269 478 5327 pro
488 5253 562 5311 bono
571 5265 655 5324 opere
667 5249 782 5307 adverse
796 5248 931 5305 tolerare:
983 5252 1041 5325 git:
1057 5252 1130 5309 unde
1147 5259 1221 5308 recte
1242 5266 1291 5323 per
1309 5248 1498 5307 centenarium
1519 5264 1619 5321 magne
1640 5245 1776 5318 perfectio

135 5350 205 5426 quid
219 5348 295 5407 aliud
310 5356 465 5420 suntquam
476 5345 581 5402 lrontes
592 5337 850 5402 ndideiicoelestisl
862 5336 933 5406 Quia
983 5343 1153 5418 designatur.
1173 5343 1248 5417 (tut)
1261 5341 1375 5400 llensus
1390 5350 1433 5399 est
1446 5354 1513 5413 ergo
1534 5340 1578 5396 rir
1596 5337 1771 5396 latitudinem

187 5484 241 5542 'tid
263 5483 303 5539 En
322 5482 399 5539 bom.
415 5480 449 5537 tl
465 5479 494 5538 in
508 5479 608 5536 Erech.
869 5547 878 5553 ..
1020 5480 1094 5554 (ιιι)
1107 5479 1244 5557 Antebaec
1253 5477 1360 5553 periodi
1371 5472 1773 5553 aliquotinterponunturapud

176 5557 242 5702 ἐξ
267 5550 587 5684 ἓὲιῆερτὸυιριιὲιέἓρὲτε
610 5564 722 5613 nsnoer
736 5557 838 5623 scriptu
853 5554 928 5608 sunt.
984 5550 1098 5624 Gregor.
