3817 6000
191 269 245 325 ata
671 266 824 325 uuuhelll
839 269 1033 328 Praeposui
1052 271 1333 330 ustcttnusrmsc.
1772 278 1829 334 ste

190 393 314 441 ramenta
329 385 387 439 risa
399 391 463 441 sunt
487 384 573 439 uerba
587 384 646 439 haee
658 424 665 449 ,
679 394 706 439 et
719 393 808 439 umen
824 401 878 441 non
900 386 984 457 negli-
998 392 1022 449 Α
1036 401 1090 457 que
1103 386 1131 441 in
1150 403 1203 442 uua
1219 387 1371 457 eademque
1388 401 1509 458 persona
1534 387 1741 458 inseparabiles,
1757 400 1785 445 et
1801 394 1830 447 in

189 478 286 549 genda,
303 492 392 548 neque
409 475 518 533 silentio
529 472 718 545 pretereunda
734 484 844 546 propter
855 477 982 533 incautos
1034 492 1083 533 sua
1094 492 1203 547 semper
1214 477 1378 548 proprietate
1391 487 1543 536 morientes.
1563 497 1572 531 ι
1587 479 1658 547 Quid
1671 481 1831 538 euidentius

188 580 215 625 ct
234 570 327 643 miuus
340 568 515 634 exercitatos,
530 581 567 624 ne
585 567 614 621 iu
625 566 755 638 laqueum
771 575 819 622 aut
832 567 860 622 iu
876 565 982 623 iorearn
1033 569 1196 627 auctoritate
1214 569 1291 625 lsaiae
1309 569 1471 641 prophetae?
1486 569 1585 626 lioratc
1605 572 1664 627 celi
1678 573 1792 643 desuper
1802 587 1830 630 et

188 662 300 730 cadant,
319 669 348 717 et
366 659 561 732 gratissimum
577 659 640 716 licet
653 660 812 730 ignoranter
827 659 980 731 periculum
1033 664 1112 719 arabes
1133 661 1226 733 pluant
1242 662 1365 732 justum:
1387 664 1524 734 aperiatur
1542 673 1624 733 terra,
1649 676 1674 721 et
1699 667 1831 737 germinet

189 755 343 810 incurrant.
363 751 394 808 lu
412 752 456 808 his
473 766 593 824 namque
609 751 762 822 ignorantia
778 751 916 812 neminem
931 768 981 808 cx·
1033 753 1216 819 saluatorem·
1238 771 1285 825 ego
1309 754 1439 810 Dominus
1458 756 1545 810 creavi
1567 771 1626 811 curn
1648 754 1719 828 (Ιιι.
1750 761 1829 828 ιιι).

187 856 277 909 cusat,
290 845 338 901 sed
352 843 484 917 ignorans
492 844 675 917 ignorabitur.
690 842 777 900 Tanta
789 843 863 900 enim
878 852 905 899 et
916 845 981 901 talis
1032 847 1150 919 Liquido
1171 857 1304 918 apparet,
1323 848 1398 919 quod
1419 848 1607 905 excreatione
1631 848 1765 907 Dominus
1784 861 1830 907 est

187 939 277 995 nrorhi
296 937 417 1006 occasio,
432 936 456 994 si
471 936 531 994 sine
551 936 770 993 contradictione
784 936 982 1008 tranquillitate
1032 938 1136 996 Christi
1156 939 1307 996 secundom
1321 939 1397 1011 quod
1412 939 1497 997 horno
1508 951 1561 1009 est,
1577 951 1604 997 ιι
1625 942 1650 997 si
1667 952 1830 1013 perseuerat

188 1031 319 1087 diuturna
333 1027 420 1102 potita
444 1028 526 1097 leret,
541 1029 670 1087 morhum
693 1028 836 1086 induceret
849 1029 982 1102 grauissi-
1033 1030 1135 1087 creatio
1145 1029 1173 1086 lu
1185 1029 1306 1099 Christo,
1321 1040 1480 1109 perseuerat
1493 1039 1521 1088 et
1531 1031 1684 1089 dominium
1699 1033 1727 1090 in
1739 1031 1829 1091 Crea-

188 1137 275 1189 rnum,
294 1129 323 1179 et
338 1121 380 1178 sie
390 1120 503 1178 silentio
518 1119 630 1176 coulota
641 1118 785 1191 prauitatis
802 1119 875 1176 lorte
887 1120 982 1193 aliquo
1032 1130 1103 1179 tore.

187 1223 312 1285 ternpore
332 1219 489 1284 erumperet
512 1212 541 1266 in
567 1211 700 1285 regulam.
724 1210 786 1268 ldeo
801 1211 902 1269 talibus
925 1227 981 1269 non
1067 1210 1105 1271 ιιι
1115 1225 1205 1272 autem
1218 1217 1343 1273 securius
1354 1216 1524 1288 incedamus,
1535 1218 1647 1279 aliunde
1661 1221 1753 1291 petitis
1763 1229 1828 1278 uta·

187 1305 315 1363 ιιιιιιιιιι
327 1304 459 1373 alludere,
473 1303 531 1373 sed,
545 1312 692 1376 antequam
702 1304 906 1371 convalescant,
918 1314 982 1361 tan·
1031 1324 1095 1364 mur
1107 1308 1287 1382 argumentis.
1303 1308 1474 1382 Augustinus
1488 1310 1516 1366 in
1535 1311 1674 1381 predictis
1687 1313 1827 1369 sermoni-

188 1415 272 1471 quanr
280 1398 561 1471 parrulosadpatram
572 1396 684 1454 allidere
692 1412 804 1455 necesse
814 1407 864 1454 est.
878 1397 982 1468 Quam·
1031 1401 1083 1458 hus
1099 1412 1196 1460 contra
1215 1418 1283 1471 eos,
1306 1403 1356 1479 qui
1378 1413 1532 1463 ereaturam
1548 1403 1707 1461 asserebant
1724 1405 1826 1466 Filium

186 1493 335 1549 visentem
356 1506 410 1548 ιιι
430 1492 467 1547 ιιι
489 1490 613 1562 speciosa
631 1482 692 1546 laus
706 1490 734 1546 in
752 1505 800 1547 ore
815 1492 979 1567 peccatoris,
1031 1493 1079 1550 Dei
1091 1494 1174 1550 etiarn
1197 1494 1349 1551 secundum
1369 1495 1552 1565 diuinitatem,
1567 1497 1698 1560 indirecta
1717 1499 1826 1555 ratione

189 1596 282 1643 umen
298 1583 425 1641 iratecnae
437 1584 663 1640 commonitionis
682 1592 710 1639 et
720 1584 900 1642 correctionis
915 1600 980 1656 gna·
1031 1587 1071 1642 sic
1086 1585 1190 1641 utitur:
1215 1585 1260 1640 ‹Si
1276 1593 1386 1642 oreatus
1410 1597 1462 1651 est,
1485 1587 1579 1658 utique
1594 1596 1621 1643 et
1640 1604 1736 1649 sersus
1761 1599 1822 1656 est;

187 1682 241 1749 tia,
262 1680 327 1736 lieet
348 1678 456 1736 aridum
469 1688 496 1735 et
514 1693 654 1750 exsangue
673 1678 729 1742 sit,
745 1677 820 1750 quod
843 1678 978 1744 dicimus,
1030 1677 1095 1749 quia
1109 1692 1191 1734 omne
1203 1678 1276 1749 qued
1289 1688 1411 1735 creatum
1422 1689 1465 1736 est
1477 1695 1590 1736 raecesse
1614 1691 1658 1737 est
1683 1691 1713 1738 ut
1736 1680 1822 1737 Crea-

186 1786 250 1827 cum
265 1770 348 1826 vidua
369 1770 425 1837 illa,
438 1784 500 1840 quae
515 1767 570 1825 duo
590 1769 695 1824 minuta
711 1767 820 1835 obtulit,
844 1777 979 1839 quantum
995 1742 1016 1799 Β
1031 1768 1084 1824 tori
1098 1769 1260 1825 deserviat.»
1278 1769 1334 1827 Nos
1358 1780 1450 1827 ιιιιιι
1466 1770 1561 1833 eadem
1576 1773 1683 1829 ratione
1705 1774 1823 1841 directa,

185 1878 355 1934 possumus,
376 1863 404 1918 iu
428 1860 654 1935 gazophylacium
678 1859 776 1919 oderre
795 1860 978 1919 decrevimus.
1031 1862 1164 1934 quantum
1176 1861 1211 1917 ad
1224 1863 1397 1934 propositum
1412 1873 1539 1925 nostrum
1559 1872 1677 1934 utentes,
1689 1866 1822 1923 dicimus:

185 1952 339 2010 Praesertim
359 1968 422 2010 cum
448 1952 607 2022 huiusmodi
620 1953 771 2010 maculosae
786 1952 934 2009 uarietates
946 1952 980 2009 ad
1032 1952 1061 2009 Si
1075 1953 1162 2011 Filius
1177 1954 1296 2013 hominis
1311 1966 1420 2013 creatus
1434 1966 1485 2026 est,
1508 1956 1603 2029 utique
1615 1966 1643 2014 et
1654 1972 1750 2014 sertus
1768 1966 1821 2014 est.

184 2045 318 2119 judicium
333 2044 443 2101 illorum
467 2042 617 2101 relerendae
630 2045 696 2114 siut,
712 2060 830 2117 quorum
845 2045 915 2105 lahla
929 2060 979 2101 eu·
1031 2045 1085 2103 Sed
1096 2057 1205 2103 creatus
1220 2055 1272 2115 est,
1289 2048 1362 2104 sieut
1375 2047 1535 2118 pradictum
1553 2057 1595 2105 est
1608 2048 1635 2104 in
1651 2047 1718 2105 lsaia
1733 2069 1740 2104 :
1753 2066 1821 2121 ergo

186 2138 310 2194 stodiunt
325 2136 481 2207 seientiam,
496 2144 524 2194 et
539 2136 586 2210 qui
598 2137 626 2192 ln
645 2137 704 2209 lege
717 2136 827 2197 Domini
841 2138 980 2194 meditari·
1030 2148 1058 2195 ct
1068 2155 1164 2196 servus
1178 2149 1230 2207 est,
1247 2149 1276 2196 et
1286 2155 1398 2197 neeesse
1412 2149 1454 2196 est
1468 2151 1498 2196 ut
1508 2141 1645 2197 deserviat
1656 2141 1728 2198 sicut
1741 2158 1817 2199 crea·

186 2239 232 2287 tur
248 2231 294 2287 die
308 2247 341 2288 ac
355 2240 446 2288 nocte
1030 2239 1092 2285 tura
1107 2230 1231 2287 Creatori
1247 2246 1309 2287 suo.
1323 2230 1498 2293 Conhdcnter
1520 2231 1670 2288 seeundum
1691 2233 1823 2303 hugnsti-

221 2321 309 2391 Quam
325 2322 432 2390 stabile,
456 2321 499 2378 ιιι
515 2323 700 2395 potiusquam
716 2322 863 2397 lragile'slt
881 2324 979 2383 lunda·
1030 2338 1097 2379 num
1109 2323 1238 2390 dicimus,
1259 2323 1324 2402 qula
1340 2342 1349 2376 ι
1365 2322 1455 2393 pulsis
1469 2333 1563 2379 noster
1575 2324 1633 2395 lons
1653 2325 1821 2395 incorrupti·

184 2425 320 2485 mentum,
336 2431 419 2490 super
433 2416 507 2488 quod
524 2419 569 2473 hic
583 2418 667 2472 homo
682 2418 793 2488 sapiens
803 2417 929 2484 aeditieat,
945 2435 980 2474 es
1030 2413 1093 2470 hilis
1104 2412 1192 2470 laetus
1204 2415 1281 2471 sedet
1294 2414 1327 2470 ad
1337 2415 1477 2471 dexteram
1491 2414 1591 2483 Patris,
1607 2434 1617 2468 s
1634 2417 1713 2486 cujus
1727 2417 1822 2487 utique

186 2509 240 2567 hae
253 2521 331 2585 parte
342 2519 462 2582 apparet.
484 2508 555 2584 Quin
569 2511 592 2567 si
613 2511 680 2567 nihll
697 2512 772 2567 aliud
788 2512 977 2569 authenticum
1030 2504 1228 2577 hullelisssisslst
1241 2505 1353 2561 Clss³²0f
1367 2517 1394 2562 ⁰²
1409 2505 1481 2562 ⁰01¹ss
1493 2525 1501 2573 ;
1518 2506 1554 2562 5¹³
1568 2505 1701 2564 1)11111ῑ11113
1713 2518 1755 2563 est
1769 2508 1822 2564 Pa·

186 2609 240 2666 est,
256 2601 309 2658 ruisi
333 2602 407 2673 qnod
423 2602 556 2660 ιιοιιιιιιιιε
571 2602 653 2660 lesus
667 2614 732 2660 ante
747 2605 978 2663 resurrectionem
1031 2606 1082 2655 ier·
1096 2595 1173 2654 Sicut
1188 2598 1246 2669 ipse
1261 2598 1432 2670 Augustinus
1451 2602 1505 2656 alio
1525 2602 1586 2658 loeo
1600 2603 1721 2658 declarat
1737 2621 1821 2675 suuper

184 2694 232 2751 rel
242 2694 471 2767 postloeutusest
485 2694 512 2750 in
528 2695 775 2772 pseudoperseus,
787 2696 822 2753 ad
834 2697 978 2774 antiquum
1030 2706 1157 2746 lemtim:
1175 2710 1184 2742 1
1197 2689 1231 2747 Et
1249 2702 1289 2760 11¹,
1304 2689 1430 2761 Domine,
1448 2692 1563 2750 Domine
1578 2692 1622 2751 iae
1638 2712 1740 2751 rueuru.
1767 2696 1820 2751 Da·

185 2786 272 2844 chaos
286 2784 451 2852 redibimus
469 2794 499 2846 ul
520 2787 579 2842 sine
601 2787 659 2859 lege
673 2788 760 2842 siruus
775 2796 802 2849 et
827 2788 977 2860 prophetis,
1032 2792 1082 2848 ter,
1095 2782 1193 2855 inquit,
1208 2784 1318 2856 adjuvat
1332 2783 1442 2852 Filium,
1458 2787 1631 2859 inquantum
1646 2787 1719 2845 Deus
1734 2789 1821 2846 horrui·

185 2888 214 2935 et
233 2877 452 2941 simeonibus,
467 2893 637 2951 quaecunque
658 2888 757 2950 prater
770 2880 854 2936 uerha
870 2880 979 2938 donnini
1030 2890 1104 2943 uem,
1123 2885 1234 2948 propter
1257 2874 1374 2934 loriniani
1391 2879 1484 2947 serni,
1503 2881 1546 2936 eui
1562 2881 1668 2937 homini
1692 2880 1774 2948 Deus,
1793 2892 1820 2939 et

186 2971 221 3028 ad
232 2979 354 3029 nostram
366 2971 626 3045 doetrinamseripta
640 2981 714 3030 sunt.
728 2972 817 3043 Qunam
826 2975 978 3031 ahsurdum
1030 2967 1076 3025 eui
1090 2967 1117 3023 in
1135 2966 1224 3025 lorma
1240 2970 1311 3026 serri
1326 2971 1409 3035 etiam
1422 2971 1555 3037 Dominus
1573 2983 1615 3040 est
1630 2974 1720 3038 Pater.
1739 2996 1749 3030 s
1767 2977 1819 3050 Qui

185 3062 241 3120 hoc
254 3063 289 3119 sit
300 3077 381 3118 neme
397 3073 525 3118 seusatus
536 3072 579 3124 est
595 3064 643 3135 qui
659 3079 714 3119 non
728 3064 827 3120 uideat.
846 3064 895 3121 llis
912 3081 1013 3157 ergoc
1030 3059 1164 3116 Dominus
1174 3059 1235 3133 ejus
1251 3062 1286 3118 eh
1300 3064 1397 3136 angelo
1413 3066 1580 3138 praedicitur,
1602 3068 1716 3131 daturus
1730 3071 1755 3125 ei
1773 3087 1817 3127 se·

185 3152 287 3225 spretis
298 3168 362 3227 quae
373 3151 472 3214 iritula
481 3161 557 3221 sunt,
568 3151 675 3211 Veteris
686 3169 719 3212 ae
732 3152 799 3211 Nori
811 3154 979 3212 Testamenti
1029 3154 1092 3211 dem
1104 3153 1190 3210 David
1210 3156 1297 3234 patris
1312 3156 1382 3227 elus.
1398 3155 1468 3214 lliue
1481 3159 1525 3216 ille
1537 3176 1643 3230 servus,
1657 3162 1685 3217 in
1698 3161 1819 3219 Zurnha÷

185 3261 336 3318 sequamur
346 3247 533 3306 auctoritates.
555 3246 598 3303 hd
611 3248 671 3303 hac
685 3256 777 3305 numm
798 3249 978 3320 improbanda
1029 3246 1073 3302 hel
1085 3246 1284 3318 praedguratus,
1301 3247 1373 3304 sicut
1386 3248 1414 3305 in
1425 3249 1525 3322 Aggaeo
1536 3251 1654 3325 legitur:
1672 3253 1705 3309 ln
1714 3255 1757 3310 die
1770 3255 1818 3313 illo

185 3355 249 3396 eum
264 3340 359 3411 inopes
374 3354 425 3396 nos
435 3339 518 3398 etiam
531 3339 611 3413 copia
624 3338 718 3409 iaciat,
731 3340 765 3397 de
779 3341 874 3397 inultis
889 3357 978 3413 pauca
1029 3354 1163 3394 maumam
1176 3348 1211 3405 te,
1228 3337 1384 3409 locutulei,
1401 3340 1442 3412 pli
1454 3342 1597 3416 salathiel,
1610 3363 1682 3401 serve
1694 3364 1776 3412 arms,
1794 3356 1819 3409 ιι

185 3431 359 3506 proferamus
373 3451 380 3489 ι
394 3433 440 3492 eit
450 3430 576 3504 Moyses:
592 3431 756 3502 Prophetiam
776 3433 918 3488 suscitabit
933 3449 979 3489 uo·
1028 3447 1125 3502 penum
1144 3441 1168 3485 tc
1181 3433 1260 3503 queri
1276 3433 1461 3505 signaculum·
1475 3436 1539 3506 quia
1556 3453 1603 3512 eqo
1615 3437 1682 3509 elegi
1696 3447 1731 3506 ιι,
1752 3438 1819 3492 dicit

185 3525 226 3581 ets
240 3523 370 3585 Dominus
383 3521 454 3580 Deua
474 3522 507 3579 ds
518 3524 647 3594 [rotulus
660 3525 769 3592 uestris,·
783 3534 910 3604 tunquam
926 3542 977 3593 ute,
1028 3522 1159 3578 Dominus
1170 3524 1248 3595 (qu.
1258 3522 1300 3593 ιι).
1313 3522 1342 3580 ιι
1357 3523 1429 3581 llhro
1441 3524 1589 3597 Sapientiae
1606 3543 1702 3584 omnies
1714 3529 1819 3600 paginae

185 3618 272 3690 ipsam
283 3615 397 3671 audietis
420 3613 512 3688 (Dent.
526 3617 618 3689 aurit).
633 3616 704 3685 Quis
716 3633 782 3674 rere
803 3618 849 3675 ille
862 3627 914 3686 est,
929 3620 978 3690 qui
1029 3615 1187 3688 hujusmodi
1202 3615 1289 3687 plenae
1310 3624 1390 3686 sunt,
1409 3627 1438 3674 ut
1457 3628 1500 3675 est
1515 3619 1598 3676 illud:
1615 3621 1725 3686 Domine
1749 3621 1819 3678 Deus

185 3709 317 3781 loquitur,
330 3715 358 3764 et
376 3706 420 3764 eui
433 3707 555 3779 loquitur
567 3708 595 3764 in
607 3707 744 3780 Propheta
759 3708 915 3767 Dominus?
938 3710 977 3765 l'u
1029 3706 1247 3776 inaequalitati
1253 3725 1331 3781 super
1343 3718 1441 3770 terrant
1454 3711 1647 3775 habitationem
1658 3729 1742 3767 nicam
1755 3712 1819 3776 (Ec-

185 3810 274 3857 euuern
290 3797 410 3867 Domine,
423 3801 547 3855 miserere
568 3802 629 3866 mei,
644 3810 669 3856 ct
683 3802 811 3856 resuscita
828 3818 879 3868 rue,
893 3812 919 3856 ct
936 3819 978 3857 re·
1029 3803 1075 3858 ιιι.
1089 3802 1138 3873 ιι).

185 3890 449 3966 estmereslewe
462 3893 518 3966 ιι).
529 3891 659 3968 Numquid
670 3892 790 3951 loannes
802 3893 924 3965 Baptista
935 3906 978 3954 est
1063 3895 1105 3952 nd
1118 3891 1285 3965 Ephesinum
1301 3894 1447 3954 concilium
1465 3896 1549 3960 mittit
1575 3912 1629 3960 non
1645 3896 1733 3953 solum
1756 3913 1818 3968 nos,

184 3985 238 4044 lste
248 3986 295 4063 qui
307 3987 482 4043 resurreulta
493 3986 675 4055 mortuis,aut
684 3985 768 4054 Elias,
778 3987 818 4042 uel
831 3985 977 4057 Ieremias,
1029 3988 1117 4046 sedet
1131 4002 1228 4045 onmes
1242 3987 1289 4062 qui
1313 3986 1416 4047 audent
1426 3986 1460 4044 de
1475 3985 1586 4044 Christo
1600 3987 1691 4044 dicere
1706 4007 1714 4042 :
1734 4007 1743 4041 ι
1770 3987 1819 4043 AE-

184 4086 365 4138 amrtuusex
382 4080 545 4152 prophetis?
568 4078 699 4137 huisione
717 4080 808 4151 potius
829 4093 911 4151 quam
933 4096 978 4136 re·
1028 4080 1118 4154 qualis
1140 4079 1214 4137 Patri
1239 4080 1389 4142 seeundum
1413 4077 1602 4148 diuinitatem,
1625 4079 1717 4134 minor
1737 4079 1819 4136 Patre

184 4172 333 4246 sponsione
354 4172 515 4245 dignasuut
537 4170 698 4242 hujusmodi
720 4171 888 4243 radioque.
922 4170 977 4228 Sed
1028 4171 1180 4230 seeundum
1195 4171 1404 4227 humanitatem.
1430 4189 1440 4223 ι
1462 4170 1516 4227 Sed
1545 4186 1600 4227 non
1627 4170 1732 4233 lallitur
1749 4170 1818 4227 Pro·

184 4266 249 4337 quia
265 4263 465 4323 sermotalium
480 4273 511 4320 ut
534 4278 634 4319 carices
651 4264 753 4335 serpit,
769 4265 851 4321 etiam
867 4264 910 4320 his
934 4263 979 4322 ress
1027 4265 1126 4337 pheta,
1155 4264 1243 4336 idum)
1263 4264 1303 4319 ait
1326 4282 1333 4319 ι
1358 4261 1495 4318 Desierunt
1525 4263 1642 4334 poemat,
1667 4273 1693 4319 et
1716 4265 1819 4322 incide·

184 4355 314 4427 sponderi
330 4364 440 4427 oportet
455 4374 463 4412 ε
486 4352 558 4422 Quia
572 4355 633 4416 lure
648 4354 750 4412 elarius
764 4365 807 4413 est
823 4370 874 4413 nos
887 4355 915 4410 in
930 4357 977 4412 illa
1028 4367 1090 4413 runt
1103 4361 1132 4413 in
1147 4374 1206 4414 eom
1218 4356 1305 4429 (Psoi.
1320 4355 1387 4427 ιιι).
1410 4354 1463 4410 llhi
1491 4355 1564 4412 enim
1582 4371 1679 4427 capere
1698 4357 1766 4425 nult,
1780 4357 1817 4422 ihi

184 4447 340 4521 periculosa
351 4455 474 4519 tempora
487 4446 545 4519 jam
563 4446 727 4515 devenisse,
743 4463 804 4520 quae
828 4450 975 4524 spostolus
992 4451 1144 4526 pcapitur,
1156 4459 1187 4506 ut
1197 4449 1240 4507 his
1254 4449 1346 4506 verbis
1358 4449 1446 4506 sancti
1459 4447 1589 4520 Ephesini
1608 4449 1715 4526 conscilii
1736 4450 1817 4521 primi

185 4540 290 4598 instare
302 4540 450 4614 predixit,
471 4540 583 4612 quando
598 4540 725 4597 homines
740 4541 820 4614 juxta
840 4541 975 4600 desideria
1027 4546 1183 4602 declaratur
1212 4562 1220 4600 :
1252 4541 1334 4600 «Sed
1360 4558 1449 4615 neque
1480 4541 1569 4599 Deum
1595 4551 1644 4599 aut
1670 4541 1816 4599 Dominum

185 4633 277 4693 cardis
290 4632 333 4690 sui
347 4632 538 4690 coacervabunt
554 4632 605 4687 sihi
616 4634 757 4705 magistros
770 4633 917 4704 prurientes
927 4650 978 4689 au·
1026 4637 1129 4694 Christi
1155 4635 1277 4694 lechum
1297 4635 1345 4693 Dei
1366 4635 1456 4694 Petris
1475 4636 1638 4705 asserimus,
1667 4651 1703 4692 ne
1716 4637 1816 4694 iterum

184 4725 258 4782 ιιιιιι
269 4722 315 4798 ill
331 4724 401 4781 Tim.
415 4725 464 4798 n).
483 4723 598 4781 lionstri
611 4724 701 4780 simile
716 4724 903 4798 potiusquam
919 4725 977 4782 ueri
1026 4730 1201 4788 manifestius
1221 4730 1330 4792 indues
1347 4730 1504 4794 diuidamus
1516 4746 1602 4787 unum
1614 4730 1753 4793 Christum
1771 4730 1816 4786 m-

185 4818 276 4877 sirnile
286 4826 337 4886 est,
358 4815 578 4889 omnipotentem
593 4831 656 4874 esse
668 4815 752 4872 Deum
764 4817 883 4888 alicujus
899 4830 978 4873 erea-
1026 4821 1105 4892 huns,
1124 4830 1151 4877 ct
1172 4819 1335 4888 Dominum,
1350 4830 1378 4877 et
1390 4821 1418 4884 ln
1438 4821 1543 4879 crimen
1566 4819 1701 4891 sacrilegii
1716 4819 1817 4885 ineida-

186 4922 264 4978 tnrae‚
276 4919 304 4967 et
316 4924 443 4965 nonesse
455 4907 609 4964 Dominum.
622 4908 792 4981 Augustinus
804 4909 833 4963 in
847 4922 977 4965 sermone
1026 4927 1089 4970 mus
1113 4911 1201 4970 ιιιιιιι
1226 4912 1267 4969 illi
1282 4928 1314 4970 se
1336 4913 1427 4992 ipsum
1451 4912 1583 4970 iacientes
1606 4921 1634 4968 et
1657 4912 1815 4972 Dominum.

185 5018 288 5076 super:
309 5001 371 5058 Noa
394 5002 565 5057 sotaturictnr
583 5017 628 5056 cor
648 5010 783 5062 cestrum:
808 5019 817 5053 ι
833 5001 976 5072 Agnosca-
1027 5001 1250 5077 Unitusqulppe,
1268 5003 1341 5061 sieut
1360 5001 1489 5084 superius
1512 5002 1646 5072 diximus,
1662 5002 1734 5060 Deus
1749 5002 1816 5060 Ver·

184 5113 248 5155 mus
255 5096 393 5169 geminam
402 5093 586 5152 substantiam
595 5092 712 5160 Christi,
727 5093 847 5150 diuinam
860 5094 975 5162 seilicet,
1026 5097 1091 5152 hunt
1109 5097 1187 5153 carni
1206 5097 1358 5162 seeundum
1374 5095 1582 5153 subsistentiam
1603 5095 1676 5161 Deus
1690 5106 1733 5160 est
1756 5113 1815 5164 opp·

183 5205 239 5262 qua
258 5186 373 5259 aequalls
387 5197 431 5245 est
451 5185 538 5255 Patri,
563 5186 734 5251 humanam,
751 5201 804 5265 qua
821 5186 910 5257 major
933 5195 977 5242 est
1026 5188 1103 5243 nium
1116 5197 1145 5245 et
1165 5189 1323 5249 dominatur
1336 5187 1534 5258 uniuersitatis,
1558 5198 1750 5254 verumtamen
1766 5205 1815 5244 nee

184 5281 275 5338 Pater.
291 5280 445 5354 Utrumque
457 5289 549 5337 autem
562 5279 692 5349 nondun,
708 5280 755 5336 sed
768 5278 977 5336 unusestChri·
1027 5297 1122 5338 servus
1133 5289 1175 5337 est
1188 5282 1239 5338 sihi
1256 5282 1315 5354 ipse
1331 5295 1382 5338 nec
1391 5280 1539 5349 Dominum
1555 5281 1619 5353 quia
1632 5282 1753 5355 ineptum
1763 5291 1814 5347 est,

185 5385 255 5433 stus.
271 5396 281 5429 ι
297 5374 330 5432 m
346 5384 409 5447 post
430 5389 538 5447 pauca:
560 5392 570 5426 ι
585 5372 661 5429 Licet
680 5389 763 5429 urrarn
785 5389 931 5445 personam
947 5372 976 5428 in
1027 5374 1068 5430 vel
1084 5375 1174 5445 potius
1189 5374 1304 5445 impium
1319 5373 1373 5430 hoc
1386 5374 1491 5431 sentire
1502 5373 1546 5428 ιιι
1555 5373 1655 5429 dicere.
1682 5373 1814 5451 Quamvis

184 5465 468 5534 Christocredamus,
484 5467 554 5522 duas
573 5449 859 5533 tamensuhstantias,
887 5465 978 5522 idest
1026 5465 1099 5521 enim
1116 5465 1201 5522 Deum
1231 5482 1312 5522 suum
1327 5465 1436 5523 Patrem
1463 5468 1574 5538 dixerit,
1602 5485 1664 5526 cum
1688 5468 1761 5524 Deus
1780 5469 1816 5526 sit

185 5565 300 5613 naturas
313 5557 443 5628 latemur,
458 5555 609 5615 divinitatis
629 5557 734 5613 seilicet
745 5565 773 5612 et
784 5557 975 5625 humanitatis,
1026 5560 1107 5614 etiam
1124 5559 1181 5629 ipse
1197 5568 1293 5615 statiua
1308 5569 1335 5615 et
1354 5559 1388 5616 de
1401 5562 1475 5620 illius
1490 5562 1621 5629 essentia,
1650 5573 1741 5624 tamen
1755 5563 1814 5616 nul-

186 5650 378 5718 assumptricis
388 5659 416 5706 et
429 5657 587 5721 assumptae,
599 5648 741 5704 creatricis
752 5657 895 5704 etcreata‘..
910 5649 976 5716 Qum
1026 5652 1134 5706 leterius
1148 5651 1317 5720 ignoramus,
1337 5652 1409 5722 quod
1436 5669 1551 5710 manens
1566 5653 1638 5710 Deus
1654 5654 1737 5709 homo
1747 5671 1815 5724 qum

188 5747 278 5795 ιιιιιιιι
294 5741 453 5798 substantiae
468 5757 524 5802 nen
536 5749 600 5797 sunt
612 5740 744 5810 eorrlusm,
758 5741 805 5798 sed
826 5742 919 5810 unita,
934 5751 976 5797 et·
1026 5757 1079 5818 que
1091 5739 1179 5802 lactus
1190 5742 1236 5810 sit,
1250 5746 1296 5818 qul
1309 5742 1360 5804 suh
1373 5741 1429 5803 Deo
1446 5744 1524 5816 Juxta
1535 5744 1653 5805 dehitaut
1665 5746 1752 5815 legem
1767 5761 1815 5810 rra-
