3817 6000
266 212 373 269 6¹-ss

947 208 1610 267 COMMERTAntust-tx
1647 207 1984 263 PSALMOS.
2041 236 2106 248 —-
2146 205 2326 261 PARS
2379 207 2418 261 l.
2461 238 2530 248 —
2565 207 2760 264 psat„
2802 212 2841 265 Ι.

3423 218 3525 277 619

272 332 341 386 de
377 327 531 384 nullo
550 336 802 385 amatore
816 328 1261 398 accepit,sed'de
1279 326 1474 382 divino
1493 326 1681 380 amore
1716 341 1852 380 cou-
1878 329 1924 386 Α
1953 331 2038 380 est
2084 321 2460 379 indicativum.
2505 322 2791 390 Quomodo
2824 340 2952 381 vero
3007 326 3126 384 istis
3167 337 3405 401 quatuor
3424 334 3522 391 llu-

271 424 441 495 ceplt.
473 422 647 493 'gilot'
681 423 848 479 homo
888 424 990 480 isle
1030 434 1176 479 recte
1237 423 1411 493 ipsius
1445 423 1739 478 DelPatris
1766 422 1852 477 dl·
1953 414 2196 471 minibus
2241 423 2383 471 terra
2423 415 2641 486 irriguit!
2693 418 2993 474 l'l‘llt'lilitffi.
3046 430 3526 494 illia1·tit³3ffi;illtil=:³=

269 517 578 573 rendnsest
599 516 793 584 Filius,
826 518 893 572 de
914 516 1073 588 cujus
1099 532 1284 572 amore
1324 525 1471 573 totus
1500 525 1584 574 est
1612 532 1850 588 concep-

270 618 383 675 ως,
409 607 624 665 etheus
655 618 801 664 recte
846 608 1046 664 dicitur
1084 606 1300 663 feminae
1324 607 1518 674 Filius,
1550 625 1672 680 quae
1696 609 1847 664 illum

270 717 299 754 a
330 699 441 754 Deo
467 710 828 755 amatoresuo
844 700 1073 769 aceepit,
1106 707 1160 755 et
1193 700 1446 770 concepit
1470 700 1590 756 sine
1615 700 1844 771 pudore,

259 806 335 844 ac
358 791 569 861 peperit
585 791 704 846 sine
719 791 906 846 dolore
919 806 1105 845 verum
1122 789 1313 857 Deum,
1335 806 1523 846 verum
1547 791 1844 845 bominem:

260 883 343 937 ¹ita
376 893 437 937 ut
463 884 679 953 proprie
704 885 871 938 bomo
894 885 961 939 de
976 883 1107 948 Deo,
1134 895 1188 938 et
1203 883 1345 939 Deus
1359 884 1426 939 de
1451 883 1671 939 bomine
1709 900 1856 955 prae--

265 976 507 1043 dicetur,
526 985 582 1031 et
600 977 816 1032 dicatur
828 975 1197 1042 Deus-Homo,
1222 986 1275 1031 et
1298 975 1671 1032 Homo-Deus.
1696 977 1847 1043 Quo-

262 1068 442 1134 niam,
465 1078 748 1123 asserente
773 1068 953 1123 Leone
981 1084 1114 1138 papa
1148 1069 1201 1123 in
1219 1084 1473 1124 sermone
1500 1067 1569 1122 de
1590 1068 1845 1137 passione

262 1157 515 1225 Domini,
546 1161 629 1215 sic
660 1159 807 1216 Deus
845 1160 1146 1230 assumpsit
1168 1161 1466 1226 bominem,
1492 1170 1546 1215 et
1572 1162 1733 1214 bomo
1756 1177 1846 1215 as·

259 1258 524 1320 sumptus
544 1260 629 1306 est
674 1251 730 1306 in
763 1249 1033 1318 Deum‚ut
1068 1251 1205 1306 nihil
1260 1262 1545 1322 assumpto
1574 1250 1840 1319 divinum,

264 1341 722 1397 niliilassumenti
750 1341 966 1398 deesset
1001 1341 1323 1396 humanum.

337 1431 478 1488 Huic
508 1434 740 1502 boniini,
767 1434 895 1490 liuic
928 1433 1087 1489 beato
1131 1434 1283 1500 viro,
1311 1434 1380 1490 de
1424 1448 1613 1490 amore
1657 1434 1843 1490 divino

256 1537 535 1598 concepto
589 1537 644 1584 et
669 1538 820 1596 nato,
851 1539 999 1585 recte
1054 1529 1390 1600 promittitur
1436 1527 1735 1585 similitudo
1775 1529 1844 1583 li·

264 1621 358 1692 gni
389 1620 613 1690 plantati
646 1637 796 1676 secus
816 1621 1071 1676 decursus
1102 1638 1384 1693 aquarum,
1416 1621 1561 1693 quod
1583 1621 1840 1693 intelligi·

1949 505 2198 561 docet-'A
2226 506 2424 577 sraela,
2469 510 2717 574 'liminii-us
2753 554 2761 570 ,
2805 510 3054 574 fritiniunt?
3086 514 3186 562 ria-i
3234 526 3278 566 rs
3310 518 3410 570 nit-ff
3446 526 3526 570 mi

1947 597 2290 668 multiplicati
2317 608 2457 654 sunl.
2489 598 2673 654 Ennius·
2705 618 2833 670 [trgi-,t
2861 605 3138 658 tutissimis
3178 606 3378 662 :litium
3410 622 3522 662 ι·*.-·.Ι·,;

1947 689 2086 758 Quia
2111 692 2208 747 1⁶8oe
2222 691 2406 747 beatur
2429 698 2525 754 tir.
2561 710 2805 762 [utiquam
2833 694 3030 762 ligitium
3058 698 3354 762 ‚adsumsimus
3382 718 3526 758 :wrm

1947 780 2196 837 decursus
2242 800 2497 854 aquaram
2537 790 2681 838 dubit
2713 788 2941 850 ,fs-nsum:
2967 806 3116 838 snum
3150 790 3170 842 ἶ*

2020 869 2126 927 Sed
2161 872 2298 929 dicis
2342 875 2470 929 mibi
2505 898 2513 926 ε
2553 878 2605 930 ΗΕ
2649 878 2761 946 ipsi]
2801 890 2881 930 rat
2925 878 3130 946 lignum
3174 882 3310 946 sitm,
3354 902 3522 954 {suario

1946 977 2054 1016 non
2083 964 2268 1018 statim
2307 965 2609 1020 efficiuntur
2649 970 3001 1034 inin-mrualiw,
3038 970 3126 1042 ιμιῐ
3166 986 3382 1042 gustant
3410 977 3526 1030 [rur

1945 1063 2091 1111 ctum
2108 1056 2247 1127 ejus,
2265 1059 2356 1128 qui
2378 1062 2665 1115 cmii-*altini
2689 1078 2885 1131 iturpus
2909 1074 2953 1115 νι
2977 1070 3294 1131 animaruum
3322 1070 3526 1139 Misius?

1944 1143 2044 1200 llic
2072 1149 2394 1212 notandum,
2427 1151 2553 1215 quia
2589 1183 2653 1191 ’-
2682 1155 2829 1203 vlimisit
2865 1155 3094 1223 frustum
3134 1175 3282 1207 imum
3314 1159 3362 1211 iu
3398 1171 3522 1212 hum,

1943 1255 2067 1309 pore
2086 1255 2201 1295 suo.
2233 1238 2292 1295 Si
2311 1240 2453 1296 enini
2489 1255 2537 1295 tu
2573 1247 2841 1298 nuntii-,mlii
2865 1247 2913 1299 itt
2941 1251 3174 1315 polz-fanis.
3202 1251 3518 1306 mni-inlunis

1944 1327 2321 1398 intempestive
2349 1335 2581 1391 act-iniis,
2613 1343 2661 1383 vt
2697 1339 2933 1387 vonimus
2965 1355 3162 1407 t‚2lll·j}ll‘.„*4
3190 1343 3378 1407 ipsius,
3414 1359 3518 1395 tuin

1943 1418 2033 1475 ille
2053 1419 2221 1487 dabit,
2249 1422 2343 1477 sed
2364 1431 2421 1477 ltt
2453 1427 2613 1495 stipis,
2645 1439 2697 1479 stt
2721 1427 2841 1479 iden
2869 1431 3130 1493 judisium
3166 1435 3426 1487 ‹tuitiiniis-
3466 1435 3518 1487 Ei

1942 1520 2122 1567 aulem
2142 1512 2210 1568 de
2227 1514 2509 1584 pra-teritis·
2533 1519 2953 1587 infrifmimlules,
2977 1531 3026 1575 ul
3050 1523 3114 1575 ilfi·
3138 1525 3334 1579 futuris
3358 1531 3524 1579 iliwin-

1945 1609 2025 1658 ΕΘΓ
2051 1618 2233 1670 caves,
2263 1603 2350 1659 ille
2374 1604 2517 1659 dabit?
2545 1611 2769 1675 frustum
2801 1631 2985 1675 mutum
3018 1615 3194 1667 filium
3230 1619 3298 1667 'sit
3318 1619 3518 1679 ἐΙῙιςτῑΗι-ι,

257 1728 390 1768 mus
429 1713 632 1784 liquam
681 1713 810 1769 vitae
862 1713 920 1769 in
971 1714 1230 1785 paradiso
1296 1713 1559 1784 positum,
1592 1712 1685 1767 ubi
1711 1711 1837 1768 sons
1873 1685 1914 1740 Β
1942 1693 2034 1749 sed
2060 1694 2117 1747 in
2140 1702 2366 1765 tempore
2388 1712 2502 1756 Situ,
2537 1699 2661 1767 quia
2689 1711 2733 1751 ut
2773 1703 3122 1755 interamniam
3162 1723 3222 1755 ιη».
3258 1711 3354 1759 fidi.-
3386 1711 3518 1759 rit-i-

254 1804 606 1861 ascendebat
633 1819 665 1860 e
694 1813 865 1872 terra,
897 1814 951 1860 et
975 1805 1236 1876 irrigabat
1274 1805 1590 1876 paradisum
1643 1804 1846 1860 decur«

262 1895 422 1952 sibus
443 1911 737 1968 aquarum.
767 1897 821 1953 id
872 1906 960 1954 est
990 1905 1228 1968 quatuor
1274 1897 1587 1964 fluminum,
1643 1895 1698 1950 in
1728 1910 1837 1966 quo

256 1988 414 2060 liguo
446 1998 565 2044 erat
593 1987 830 2058 fructus,
852 1991 977 2046 vitae
1024 1988 1420 2045 indissolubilis
1465 1988 1771 2056 effectivuS,
1804 2005 1835 2045 a

257 2079 425 2150 cujus
446 2094 544 2135 esu
566 2089 695 2136 tunc
718 2081 882 2136 bomo
923 2090 1006 2136 est
1037 2081 1293 2137 exclusus
1319 2090 1539 2151 propter
1558 2090 1833 2154 gustatum

259 2170 413 2226 vetiti
443 2171 577 2243 ligni
614 2170 959 2227 mortiferum
988 2171 1246 2228 fructum.
1298 2170 1529 2245 Liqmtm
1559 2174 1706 2229 istud
1752 2175 1833 2228 vi·

252 2263 369 2318 <tale
392 2263 448 2318 in
483 2263 666 2319 medio
688 2263 931 2335 paradisi
960 2271 1046 2319 est
1070 2272 1271 2319 aeterna
1318 2262 1410 2319 Dei
1462 2265 1727 2335 sapientia
1778 2265 1833 2320 in

256 2353 445 2410 medio
495 2355 777 2414 rationalis
825 2366 1089 2413 creatura:
1114 2357 1312 2427 posita,
1339 2372 1463 2428 quoe
1518 2359 1834 2431 angelorum

254 2457 317 2503 et
338 2447 622 2504 bominum
659 2448 820 2520 quasi
852 2458 1041 2505 tenens
1075 2450 1417 2505 medietatem
1475 2451 1722 2524 utrisque
1776 2467 1836 2509 se

258 2541 797 2609 {ecitaccessibilem
828 2542 1075 2614 utrisque
1105 2542 1300 2600 obtulit
1333 2544 1418 2600 sni
1445 2543 1655 2601 fructus
1685 2555 1838 2602 aeter-

265 2648 400 2686 nam
428 2632 788 2700 dulcedinem,
827 2649 975 2688 secus
1011 2633 1263 2689 decursus
1318 2651 1602 2706 aquarum,
1654 2637 1706 2692 id
1727 2647 1830 2706 est,

258 2725 510 2779 omnium
548 2726 876 2781 suavitatum
908 2737 962 2781 et
1002 2728 1301 2798 gratiarum
1348 2728 1695 2801 irrigantium
1739 2746 1833 2785 ra-

254 2817 524 2873 tionalem
559 2833 624 2874 ac
672 2818 1011 2888 spiritualem
1042 2819 1378 2889 paradisum.
1412 2818 1518 2876 Sed
1548 2821 1833 2880 rationalis

256 2918 459 2966 natura
514 2912 882 2983 praevaricans
931 2912 1251 2969 mandatum
1290 2913 1360 2970 ab
1403 2914 1507 2971 hoc
1548 2914 1697 2988 ligno
1745 2933 1831 2973 se·

254 3006 436 3074 clusa,
466 3015 521 3061 et
546 3006 601 3062 in
628 3007 884 3063 exsilium
914 3006 1135 3063 detrusa
1163 3008 1245 3064 e'st
1274 3025 1289 3075 ;
1324 3007 1398 3063 ita
1449 3018 1511 3064 ut
1544 3010 1594 3065 ei
1635 3009 1833 3066 divina’

258 3100 546 3169 sapientiae
580 3098 810 3156 dulcedo
841 3114 939 3171 per
959 3114 1017 3156 se
1044 3098 1216 3170 ipsam
1246 3115 1352 3154 non
1382 3099 1454 3154 sit
1477 3101 1831 3170 accessibiliS,

258 3190 395 3261 quia
432 3189 792 3262 interpositus
813 3198 899 3247 est
928 3188 1143 3262 gladius
1164 3190 1461 3247 versatilis.
1508 3190 1648 3259 Quia
1672 3192 1838 3264 igitur

257 3282 430 3338 bomo
460 3298 571 3338 non
598 3282 776 3354 potuit
802 3282 868 3339 ad
906 3297 1026 3339 eam
1055 3282 1334 3351 accedere,
1365 3282 1582 3356 dignata
1614 3295 1698 3342 est
1719 3286 1835 3357 ipsa

254 3372 543 3444 Sapientia
568 3376 755 3431 venire
779 3374 848 3429 ad
893 3360 1169 3431 bominem
1199 3376 1531 3432 assumendo
1569 3391 1760 3432 verum
1782 3388 1837 3434 ct

255 3479 460 3535 purum
490 3463 790 3527 bominem,
817 3463 906 3521 cui
928 3463 1157 3520 contulit
1185 3481 1402 3522 omnem
1453 3482 1565 3523 suae
1586 3467 1836 3525 utilitatis

255 3564 314 3609 et
338 3554 642 3611 dulcedinis
669 3555 945 3624 virtutem,
969 3556 1318 3628 utquomodo
1345 3554 1610 3627 sapientia
1633 3555 1834 3628 liqnum

256 3647 388 3702 vitae
414 3655 500 3703 est
520 3648 729 3719 angelis
754 3648 950 3717 beatis,
980 3649 1054 3704 ita
1078 3649 1261 3704 beatus
1293 3650 1392 3717 vir,
1409 3648 1689 3719 sapientiae
1710 3648 1834 3702 uni-

257 3749 376 3808 tus,
416 3740 619 3813 lignum
655 3743 779 3798 vitae
805 3742 1092 3813 sitpariter
1112 3751 1165 3798 et
1190 3741 1398 3812 angelis
1420 3748 1475 3796 et
1498 3739 1829 3795 hominibus·

258 3834 551 3904 Quomodo
576 3834 855 3905 sapientiae
876 3832 1090 3890 fructus
1117 3833 1292 3889 beatis
1318 3830 1524 3904 angelis
1554 3840 1638 3887 est
1665 3830 1835 3886 beati·

260 3928 471 3983 tudinis
492 3926 791 3992 effectivuS,
816 3926 892 3982 ita
919 3925 1131 3982 fructus
1179 3924 1431 3996 corporis
1454 3932 1509 3979 et
1550 3922 1832 3995 sanguinis

258 4019 466 4076 Christi
505 4021 672 4074 vitam
704 4028 759 4075 et
773 4018 1167 4074 beatitudinem
1195 4017 1441 4075 conferat
1476 4016 1563 4073 sui
1602 4015 1829 4087 partici-

260 4113 442 4183 pibus.
477 4111 847 4183 Corpusenim
873 4111 1076 4167 Christi
1094 4120 1180 4167 est
1216 4111 1371 4166 beata
1425 4118 1592 4177 terra,
1621 4109 1687 4164 de
1722 4123 1830 4179 qua

261 4205 387 4260 sons
416 4203 660 4260 ascendit
683 4219 779 4275 per
798 4212 1034 4275 quatuor
1070 4203 1381 4264 fluminum,
1411 4201 1463 4257 id
1490 4210 1575 4257 est
1593 4207 1832 4272 quatuor

261 4294 706 4369 Evangeliorum‚
730 4294 1073 4364 aliarumque
1122 4308 1387 4364 aquarum
1407 4335 1424 4360 ‚
1448 4292 1500 4348 id
1526 4300 1610 4347 est
1631 4290 1834 4345 multa-

1943 1785 2067 1842 neat
2102 1786 2403 1842 secundum
2450 1791 2598 1858 quod
2637 1791 2898 1860 scriptum
2937 1801 3025 1848 est
3058 1809 3074 1845 ε
3106 1795 3295 1850 litatus
3326 1799 3522 1867 effide

1941 1875 2067 1931 vivit
2093 1876 2266 1949 (Rom.
2293 1893 2334 1945 t,
2362 1877 2473 1950 Π).
2511 1877 2579 1934 Et
2613 1880 2739 1936 item
2771 1881 2826 1935 in
2867 1890 3096 1953 tempore
3119 1900 3238 1953 suo,
3263 1886 3317 1942 id
3351 1895 3434 1943 est
3462 1888 3519 1943 in

1944 1968 2032 2025 die
2078 1969 2400 2038 novissimo,
2443 1985 2645 2042 eorpus
2685 1972 2999 2041 vivificabit,
3047 1977 3358 2048 pariterque
3391 1994 3516 2035 cum

1948 2060 2130 2119 anima
2179 2060 2530 2119 beatificabit.
2569 2062 2669 2120 Est
2702 2081 2832 2137 ergo
2864 2066 2982 2136 ipse
3023 2076 3274 2139 tanquam
3314 2070 3517 2142 tiquam

1944 2151 2068 2207 vitae
2110 2152 2410 2222 plantatum
2447 2171 2595 2210 secus
2633 2157 2883 2214 decursus
2918 2176 3196 2232 aquarum.
3241 2161 3345 2220 Sed
3388 2180 3517 2221 cum

1941 2243 2138 2300 dicitur
2174 2254 2426 2318 tanquam
2459 2247 2680 2319 tignum,
2714 2267 2823 2306 non
2857 2253 2930 2307 ita
2969 2263 3128 2324 putes
3156 2256 3252 2312 tibi
3282 2257 3517 2314 manife-

1942 2338 2075 2394 stari
2111 2337 2543 2409 similitudinem,
2575 2351 2635 2399 ut
2673 2344 2788 2402 baec
2827 2345 3128 2404 similitudo
3169 2365 3276 2406 non
3320 2351 3518 2409 babeat

1939 2429 2242 2487 veritatem.
2279 2431 2376 2490 Est
2419 2435 2568 2493 enim
2622 2434 2678 2493 in
2728 2437 2834 2494 bac
2870 2439 3231 2498 similitudine
3274 2440 3514 2501 Verbum

1938 2537 2068 2580 caro
2088 2521 2316 2594 sactum,
2339 2542 2448 2584 non
2475 2528 2859 2598 semiplenum,
2883 2532 2978 2587 sed
2999 2533 3229 2590 omnino
3250 2553 3270 2588 ι
3291 2536 3515 2606 plenum

1939 2617 2110 2686 gratia
2139 2626 2195 2673 et
2222 2619 2451 2677 veritate
2488 2619 2670 2692 (loon.
2694 2628 2736 2688 l,
2766 2621 2877 2692 Η).
2913 2642 2932 2676 ι
2963 2622 3120 2680 Esset
3143 2633 3323 2682 antem
3350 2631 3518 2685 semi-

1938 2708 2187 2778 plenum;
2221 2711 2476 2768 sisoium
2511 2714 2743 2770 Verbum
2777 2713 3015 2771 Verbum
3047 2728 3192 2773 essct
3214 2719 3512 2778 viviacum.

1936 2799 2092 2866 Nunc
2132 2813 2338 2871 autom,
2385 2805 2514 2877 quia
2551 2821 2683 2863 caro
2721 2808 2840 2877 ejus
2877 2825 3032 2880 teque
3061 2819 3123 2865 ut
3149 2811 3405 2872 divinitas
3431 2825 3519 2872 est

1937 2893 2258 2950 vivificatrix
2303 2896 2614 2954 indissimili
2644 2899 2902 2968 efficacia,
2944 2909 3092 2958 totus
3134 2903 3389 2963 Christus
3430 2917 3518 2963 est

1941 2983 2146 3057 lignum
2190 2987 2343 3057 vitae;
2393 2989 2503 3047 imo
2544 2989 2660 3062 ipsa
2707 2991 2840 3061 vita,
2880 2992 3021 3050 sicut
3058 2995 3174 3066 ipse
3200 2996 3313 3053 ait:
3343 3017 3363 3051 t
3401 2997 3518 3071 Ego

1940 3092 2061 3134 sum
2088 3080 2196 3149 via,
2226 3090 2281 3138 et
2307 3082 2531 3151 veritaS,
2560 3093 2614 3141 et
2635 3085 2746 3141 vita
2774 3083 2955 3156 (loon.
2980 3103 3095 3157 xiv,
3119 3089 3195 3160 6).
3228 3090 3345 3147 ιῈι
3367 3092 3514 3161 ideo,

1938 3168 2066 3240 quia
2104 3185 2235 3227 caro
2259 3172 2378 3244 ejus
2400 3173 2640 3231 vivificat
2675 3175 2820 3232 sicut
2842 3176 3091 3247 spiritus,
3127 3179 3242 3250 ipsa
3272 3196 3402 3237 earo
3430 3192 3519 3240 est

1938 3260 2191 3333 spiritus;
2235 3266 2363 3336 quia
2404 3267 2625 3338 spiritns
2664 3278 2763 3336 est,
2805 3270 2896 3339 qui
2935 3271 3167 3341 vivificat
3207 3272 3390 3344 (loun.
3412 3291 3512 3343 vit⁴

1936 3354 2050 3427 63).
2082 3355 2193 3414 Nec
2220 3367 2305 3415 est
2339 3359 2472 3415 illud
2521 3360 2843 3429 absurdum,
2883 3370 2944 3418 ut
2976 3377 3190 3434 corpus
3209 3365 3278 3422 de
3305 3365 3512 3437 Spiritu

1936 3458 2129 3508 sancto
2155 3460 2477 3523 conceptum
2508 3452 2759 3510 dicamus
2784 3469 2907 3512 esse
2950 3454 3226 3525 spiritum.
3269 3457 3326 3513 Si
3364 3462 3517 3517 enirn

1934 3543 2080 3613 quod
2121 3551 2310 3600 natum
2335 3551 2422 3601 est
2454 3544 2522 3601 de
2551 3560 2736 3612 carne,
2767 3559 2896 3602 caro
2925 3555 3029 3613 est,
3053 3556 3113 3603 ut
3154 3549 3386 3622 quisque
3414 3566 3515 3607 no·

1882 3633 1886 3639 ’
1934 3644 2130 3701 strum,
2157 3643 2212 3689 et
2231 3634 2375 3704 quod
2406 3643 2595 3692 natum
2629 3644 2716 3693 cst
2757 3637 2826 3693 de
2871 3636 3099 3707 Spiritu,
3144 3641 3372 3710 spiritus
3403 3652 3512 3709 est,

1934 3731 1997 3779 ut
2022 3724 2219 3781 animae
2251 3741 2316 3782 ex
2359 3742 2524 3798 aqua,
2553 3736 2610 3784 et
2638 3725 2845 3798 Spiritu
2885 3738 3089 3785 renatae
3114 3748 3132 3785 ε
3164 3732 3352 3802 utique
3382 3748 3514 3789 cor·-

1932 3833 2057 3888 puS,
2088 3817 2234 3888 quod
2265 3818 2320 3873 in
2347 3833 2410 3875 ea
2441 3827 2629 3874 natum
2673 3830 2757 3876 est
2795 3819 2864 3876 de
2895 3818 3102 3891 Spiritu
3149 3832 3361 3890 sancto,
3390 3840 3516 3896 quae

1933 3908 2180 3979 concepit
2224 3907 2291 3964 de
2343 3906 2549 3980 Spiritu
2601 3918 2813 3976 sancto,
2865 3910 3094 3980 spiritus
3140 3919 3246 3978 est,
3276 3914 3404 3983 quia
3444 3916 3516 3971 de

1937 3998 2143 4071 Spiritu
2176 4008 2363 4057 natum
2388 4009 2492 4067 est,
2517 4009 2573 4056 et
2599 4000 2960 4057 nihilominus
2994 4016 3123 4058 caro
3152 4013 3254 4068 est,
3287 4006 3416 4075 quia
3444 4007 3517 4072 de

1930 4108 2057 4148 vera
2088 4107 2253 4149 carne
2279 4092 2509 4163 virginei
2551 4093 2797 4164 corporis
2843 4100 3032 4149 natum
3062 4104 3164 4151 est.
3193 4093 3260 4150 Et
3297 4096 3401 4153 hoc
3429 4110 3514 4154 est

1931 4187 2181 4245 mirabile
2208 4188 2262 4243 in
2293 4189 2469 4245 oculis
2495 4189 2722 4255 nostris,
2745 4189 2891 4260 quod
2915 4189 3106 4245 eadem
3137 4205 3226 4246 res
3246 4199 3333 4247 est
3359 4206 3511 4249 caro.

1931 4290 1986 4337 et
2028 4280 2282 4352 spiritus;
2331 4280 2428 4336 sed
2475 4297 2584 4337 non
2619 4291 2711 4338 est
2738 4281 2990 4338 mirabile
3033 4282 3087 4337 in
3141 4283 3318 4339 oculis
3364 4283 3512 4351 lidri,

262 4405 388 4443 rum
420 4390 720 4461 grauatum
748 4387 1074 4452 ubertatem,
1105 4386 1340 4456 irrigans
1364 4385 1678 4457 paraffisum
1708 4426 1724 4452 ‚
1772 4383 1828 4439 id
1858 4392 1905 4448 1)
1931 4373 2060 4444 quia
2087 4373 2269 4429 omnia
2298 4374 2581 4445 possibilia
2605 4374 2868 4430 credenti.
2897 4374 3155 4446 Alioquin
3181 4391 3369 4431 verum
3400 4390 3513 4431 nor.

257 4490 345 4538 est
399 4480 719 4537 Ecclesiam.
782 4478 877 4535 Vel
929 4488 1077 4534 certe
1125 4478 1239 4549 ipsa
1297 4486 1475 4543 terra,
1513 4491 1677 4548 quam
1718 4490 1828 4530 non

258 4571 589 4644 operabatur
648 4572 835 4637 bomo,
892 4578 977 4625 est
1016 4569 1170 4640 virgo
1211 4566 1414 4635 Maria,
1451 4566 1520 4623 de
1558 4582 1665 4638 qua
1703 4565 1829 4622 fons

259 4664 511 4722 ascendit
536 4705 550 4731 ,
583 4663 805 4735 quaudo
835 4662 1114 4719 Christum
1141 4660 1369 4731 peperit,
1394 4658 1597 4716 fontem
1643 4659 1829 4714 vivum

256 4758 356 4829 qui
381 4757 513 4813 dicit
545 4775 561 4812 ε
585 4754 647 4811 Si
673 4756 789 4828 quis
810 4755 948 4821 sitit,
966 4754 1137 4808 veniat
1165 4751 1234 4805 acl
1266 4767 1366 4819 me,
1404 4761 1453 4806 el
1475 4750 1617 4805 bibat
1645 4750 1827 4821 (Jottit.

256 4867 359 4917 vn,
388 4849 503 4920 57).
522 4848 628 4917 Qui
665 4847 792 4904 fons
820 4847 945 4903 inde
976 4844 1236 4901 dividitur
1261 4859 1359 4914 per
1387 4851 1624 4914 quatuor
1651 4842 1831 4897 flumi-

258 4958 394 4997 num
419 4940 619 5012 capita,
653 4940 707 4996 id
736 4949 826 5003 est.
852 4947 1091 5010 quatuor
1126 4935 1443 5007 Evangelia,
1481 4935 1566 4990 vel
1593 4943 1831 5006 quatuor

257 5044 624 5101 sacramenta,
651 5031 903 5088 videlieet
936 5048 951 5086 ε
982 5027 1400 5095 iucarnationis,
1450 5042 1572 5098 quae
1629 5026 1684 5081 in
1726 5027 1831 5082 boc

256 5129 440 5201 primo
482 5128 694 5198 psalmo
721 5126 1065 5193 insinuatur;
1126 5122 1442 5189 Passionis,
1488 5137 1614 5192 quae
1637 5121 1692 5176 in
1739 5135 1828 5177 se-

255 5221 441 5278 cundo
498 5218 912 5286 manifestatur,
954 5217 1046 5272 ubi
1087 5216 1334 5273 dicitur:
1389 5215 1566 5281 Quare
1604 5215 1827 5285 fremue-

254 5324 385 5369 runt
424 5322 596 5384 pentes
622 5327 639 5376 ,·
670 5309 1108 5366 Resurrectionis
1124 5318 1179 5365 et
1211 5307 1581 5376 Ascensionis‚
1609 5308 1676 5362 de
1703 5306 1827 5377 qui-

252 5408 364 5464 bus
382 5407 437 5463 in
465 5409 625 5464 tertio
652 5407 865 5478 psalmo
887 5405 1086 5477 agitur,
1110 5405 1457 5461 ubidicitur:
1488 5402 1601 5476 Epo
1630 5403 1831 5458 dormi-

253 5502 332 5569 vi,
349 5512 453 5557 etc.
471 5499 604 5556 Nam
621 5502 766 5573 quod
782 5501 931 5557 dicit:
950 5498 1263 5565 Exsurrexi,
1276 5495 1533 5568 quoniam
1568 5494 1829 5552 Dominus

255 5595 501 5665 suscepit
525 5609 630 5661 me,
647 5592 1100 5650 resurrectionem
1124 5590 1345 5646 indicat.
1365 5588 1518 5656 Quod
1540 5596 1719 5643 autem
1742 5588 1830 5643 di·-

254 5686 331 5741 tit
349 5705 360 5738 :
384 5685 566 5739 Gloria
584 5702 698 5740 mea
712 5684 954 5739 exaltans
971 5691 1127 5746 caput
1145 5696 1335 5746 meum,
1353 5696 1465 5735 suae
1477 5677 1828 5735 Ascensionis

1933 4472 2078 4521 esset
2111 4464 2526 4536 quoddicitur:
2560 4483 2582 4518 t
2625 4463 2826 4522 Factus
2871 4476 2956 4522 est
3003 4468 3217 4538 primus
3258 4467 3428 4524 homo
3455 4466 3514 4522 ir.

1932 4558 2171 4613 animam
2210 4557 2501 4622 viventem,
2537 4575 2557 4611 ι
2587 4557 2865 4614 secundus
2904 4560 3069 4615 bomo
3112 4578 3131 4612 t
3172 4559 3227 4615 in
3254 4559 3511 4632 spiritum

1930 4649 2292 4707 vivificantem
2315 4649 2371 4721 (1
2377 4648 2520 4706 Cor.
2553 4666 2644 4719 xv,
2677 4651 2793 4722 ⁴5).
2826 4672 2844 4704 ι
2877 4651 3033 4720 Quod
3062 4653 3281 4723 dicitur,
3301 4653 3360 4708 in
3394 4657 3513 4713 ant·-

1932 4759 2076 4798 mam
2126 4745 2398 4809 viventem,
2444 4750 2603 4799 sonat
2645 4758 2898 4816 magnam
2940 4754 3336 4816 paupertatem,
3378 4749 3508 4819 quia

1933 4853 2035 4893 nec
2067 4838 2181 4907 ipse
2217 4853 2316 4908 per
2353 4852 2414 4894 se
2451 4836 2655 4905 vivere,
2694 4852 2797 4893 nec
2839 4837 2978 4895 alios
3004 4839 3184 4910 potuit
3208 4840 3508 4899 vivificare.

1932 4930 2087 4999 Quod
2133 4940 2314 4986 autem
2364 4930 2588 4998 dicitur,
2617 4931 2675 4985 ὅτι
2711 4931 2957 5002 spiritum
2984 4933 3356 5004 vivificantem,
3388 4945 3507 4991 tan-

1934 5034 2040 5080 tam
2069 5032 2227 5081 sonat
2254 5024 2440 5096 gratiae
2469 5033 2524 5079 et
2552 5023 2797 5081 veritatis
2824 5024 3236 5095 plenitudinem,
3285 5036 3345 5082 ut
3375 5044 3488 5098 quo

1932 5118 2097 5175 modo
2139 5117 2366 5188 spiritns
2407 5116 2553 5173 Deus
2591 5132 2772 5189 perse
2810 5116 2963 5184 vivit,
2993 5125 3048 5172 et
3080 5118 3302 5189 angelos
3325 5119 3505 5174 vivifi·-

1929 5221 2019 5267 cat
2041 5230 2056 5267 ε
2080 5211 2152 5266 ita
2186 5211 2351 5266 bomo
2384 5209 2562 5266 sactus
2587 5212 2640 5266 in
2671 5210 2918 5281 spiritum
2954 5210 3300 5280 vivificantem
3329 5210 3504 5267 valeat

1929 5318 2027 5373 per
2054 5318 2114 5359 se
2140 5302 2344 5369 virere,
2369 5310 2531 5373 atque
2558 5302 2613 5357 in
2644 5316 2708 5358 se
2733 5302 3016 5358 credentes
3037 5302 3331 5358 vivificare.
3359 5300 3504 5359 Vivit

1930 5403 2112 5449 autem
2139 5393 2241 5449 iste
2267 5393 2432 5449 bomo
2465 5407 2563 5462 per
2592 5406 2670 5458 se,
2703 5406 2812 5447 non
2839 5406 2870 5446 a
2906 5407 2984 5459 se,
3008 5392 3138 5462 quia
3167 5410 3186 5444 ι
3223 5392 3367 5446 sicut
3394 5389 3502 5446 Pa-

1930 5495 2013 5541 ter
2042 5485 2204 5541 babet
2247 5485 2410 5540 vitam
2456 5503 2475 5534 ι
2506 5483 2561 5539 in
2603 5498 2664 5539 se
2708 5492 3038 5548 manentem,
3076 5500 3095 5534 t
3147 5482 3228 5538 sic
3262 5482 3409 5541 dedit
3448 5491 3505 5538 et

1932 5580 2070 5636 Filio
2095 5580 2262 5635 vitam
2289 5578 2468 5651 (Joan.
2493 5593 2545 5642 v,
2572 5576 2696 5647 26)»
2724 5578 2778 5632 iu
2802 5592 2862 5633 se
2899 5586 3228 5633 manentem.
3259 5575 3324 5631 Et
3360 5576 3502 5633 sicut

1931 5673 2090 5731 Pater
2135 5674 2365 5729 suscitat
2404 5683 2672 5737 mortuos,
2702 5681 2756 5726 et
2797 5670 3056 5737 viviticat,
3096 5671 3176 5728 sic
3207 5680 3264 5727 et
3304 5671 3497 5739 fitius.
