3817 6000
341 192 489 252 {¹18⁷

1305 186 1611 246 GEnnom
1649 183 2041 244 pud-:Postu
2077 184 2626 243 REICHERSPERG.

3463 188 3622 246 ¹780

1514 559 2043 652 PSALMUS
2113 558 2423 649 LXII.

421 1020 583 1088 Deus,
615 1016 757 1072 Deus
778 1031 947 1084 meus,
969 1021 1077 1070 etc.
1120 1011 1341 1070 Titulus
1367 1019 1497 1069 estt

420 1132 588 1192 Vens.
621 1132 673 1188 l.
711 1130 959 1187 Pssuus
988 1128 1177 1194 Dario,
1209 1142 1317 1183 cun
1344 1143 1506 1185 esser
1537 1141 1590 1183 n«
1616 1141 1860 1184 sessuro

1009 1198 1265 1255 lnuuAEAE.

422 1295 500 1353 lbi
533 1291 823 1351 abscondit
851 1306 911 1347 se
933 1290 1124 1355 David,
1156 1306 1282 1346 cum
1313 1287 1526 1360 lugeret
1559 1304 1592 1344 a
1630 1287 1773 1345 facie
1801 1276 1937 1345 Saul

353 1387 412 1460 (Ι
435 1388 563 1460 Req.
592 1404 724 1448 nn,
752 1388 828 1452 zi),
860 1386 1177 1456 significans
1213 1381 1496 1438 ecelesiam
1524 1395 1649 1452 quae
1683 1381 1738 1435 in
1772 1378 1939 1451 hujus

355 1478 543 1536 ssaeculi
584 1476 832 1528 ariditati}
864 1476 1093 1536 labaret,
1137 1484 1189 1528 nt
1229 1476 1363 1540 sitit,
1399 1471 1494 1527 ubi
1542 1486 1669 1529 cum
1697 1472 1939 1527 clamare

355 1586 467 1627 non
515 1568 736 1632 desinit,
788 1572 993 1622 alannus
1041 1578 1121 1620 esi
1163 1568 1217 1620 in
1245 1563 1423 1621 medio
1469 1579 1655 1636 pravae
1697 1562 1942 1619 »nationis

355 1662 494 1720 bene
519 1660 852 1718 etinveiffflri.
896 1660 1165 1729 [liquit-m·
1205 1660 1261 1713 in
1305 1659 1409 1714 hoc
1437 1658 1651 1729 psalmo
1676 1657 1942 1715 Christus

357 1755 415 1812 ia
440 1771 672 1827 person-„i
704 1757 896 1825 capitis
924 1765 977 1809 et
1005 1757 1397 1809 nunniti-nrum.
1419 1749 1620 1808 Nostra
1651 1750 1801 1808 enim
1834 1766 1937 1807 vox

357 1856 447 1906 est
468 1848 664 1918 ipsius,
696 1849 856 1901 sinisti
884 1857 936 1901 et
973 1849 1141 1917 ipsius
1165 1859 1245 1901 *352
1273 1852 1481 1901 nostra.

428 1939 612 1997 Primii
656 1941 981 1997 desidet-ium
1037 1957 1193 1993 snum
1241 1937 1461 2009 exponit
1501 1937 1736 1995 dicens:
1777 1937 1943 2007 Deua,

361 2030 506 2088 Deus
537 2047 704 2100 meus,
736 2031 805 2085 ad
847 2039 894 2085 te
929 2031 994 2086 de
1023 2031 1139 2086 luce
1159 2031 1338 2102 viqt’lo.
1385 2029 1640 2087 Secundo
1676 2030 1947 2088 securita-

363 2129 476 2177 tem
498 2121 590 2178 bic
608 2129 664 2178 et
703 2122 759 2178 in
796 2121 983 2178 futuro
1012 2122 1369 2193 pereuntibus
1416 2121 1660 2179 inimicis
1689 2132 1746 2179 et
1784 2123 1947 2182 bonis

363 2214 724 2288 regnantibus
744 2223 800 2272 et
821 2214 1198 2272 exultantibus
1226 2230 1352 2270 cum
1397 2230 1525 2288 rege
1556 2231 1661 2273 suo
1681 2216 1756 2273 ibi
1789 2235 1803 2272 ε
1834 2216 1950 2273 Rex

367 2322 485 2364 nero
519 2307 792 2362 loetabitur
815 2307 870 2363 in
895 2306 1023 2363 Deo.
1066 2305 1260 2364 Sciens
1301 2317 1508 2376 autem,
1550 2308 1814 2380 quoniam
1849 2308 1947 2380 qui

1960 1026 2009 1078 Α
2034 1024 2147 1071 tam
2173 1013 2230 1071 in
2257 1014 2603 1086 memetipso,
2628 1031 2794 1088 quam
2820 1016 2876 1073 in
2916 1018 3179 1077 membris
3217 1018 3359 1077 meis
3382 1021 3623 1080 terreni*—

2034 1107 2163 1164 tatis
2208 1106 2456 1180 periculo
2482 1108 2746 1179 gravatis.
2781 1106 2849 1164 Et
2870 1110 3092 1180 quidem
3130 1111 3246 1182 jam
3271 1127 3376 1184 ego
3412 1111 3482 1168 de
3518 1113 3624 1169 de-

2032 1202 2172 1249 serto
2219 1192 2497 1263 Idumoeoe,
2544 1196 2611 1251 de
2651 1193 2883 1253 «ludaico
2921 1208 2974 1254 et
3023 1207 3243 1256 terreno
3299 1203 3509 1273 populo
3586 1218 3632 1256 a.

2034 1284 2208 1356 gratia
2229 1285 2327 1343 Dei
2352 1287 2558 1342 deserto
2585 1288 2847 1345 liberatus
2872 1305 2994 1346 sum
3032 1289 3098 1346 de
3124 1292 3240 1347 luce
3264 1294 3520 1364 vigilans,
3567 1293 3626 1348 id

2035 1384 2139 1445 est,
2162 1393 2324 1434 mane
2349 1378 2592 1454 diluculo
2619 1380 2888 1437 excitatus
2909 1397 2943 1437 a
2980 1397 3176 1439 somno
3199 1385 3389 1441 mortis
3422 1404 3437 1439 :
3480 1393 3630 1439 atta-

2036 1487 2164 1529 men
2190 1471 2436 1544 quandiu
2462 1474 2548 1529 vel
2578 1490 2722 1530 unus
2749 1489 2817 1532 ex
2841 1475 3089 1534 minimis
3116 1477 3254 1533 meis
3300 1477 3359 1534 in
3403 1479 3505 1534 tali
3530 1480 3604 1534 de

2040 1574 2187 1622 serto
2215 1563 2493 1638 fatigatur,
2522 1580 2625 1638 ego
2669 1581 2758 1623 me
2801 1567 3043 1624 arbitror
3086 1568 3329 1642 fatigari,
3351 1571 3640 1641 quoniam

2039 1657 2098 1714 in
2126 1658 2442 1730 hujusmodi
2477 1644 2723 1717 mi'nimis
2753 1661 2894 1718 meis
2924 1663 3131 1730 esurio,
3160 1664 3310 1730 sitio,
3338 1681 3466 1720 sum
3492 1665 3620 1720 bos·

2039 1767 2138 1826 pes
2161 1763 2217 1808 et
2241 1752 2445 1818 nudus,
2466 1752 2718 1810 infirmus
2739 1765 2793 1811 et
2822 1754 2877 1810 in
2902 1770 3145 1825 carcere,
3172 1757 3229 1811 in
3256 1757 3469 1813 deserto
3498 1756 3620 1813 Idu-

2041 1859 2191 1900 moeoe
2227 1844 2368 1899 inter
2404 1854 2657 1903 terrenos
2677 1856 2730 1903 et
2762 1848 3213 1920 sanguinolentos
3246 1866 3279 1906 a
3323 1850 3423 1905 Dei
3453 1851 3641 1922 gratia

2041 1935 2310 1993 desertos.
2336 1933 2472 1992 Nam
2504 1953 2603 2009 per
2627 1938 3033 1996 immunditiam
3065 1942 3288 2011 terreni,
3318 1958 3421 2014 per
3447 1945 3620 2000 bomi-

2043 2026 2274 2083 cidalem
2296 2028 2598 2098 nequitiam
2618 2029 3021 2100 sanguinolenti
3042 2043 3452 2104 persequuntur
3471 2050 3609 2089 mun

2043 2121 2145 2176 dos
2171 2118 2464 2187 immundi,
2506 2121 2629 2191 pios
2659 2121 2833 2192 impii.
2874 2121 2980 2179 Sed
3020 2125 3088 2180 ad
3130 2125 3234 2180 boc
3265 2126 3487 2197 prolicit
3511 2126 3642 2198 ipsa

2045 2211 2370 2283 persecutio,
2417 2221 2480 2267 ut
2521 2227 2624 2268 sim
2675 2214 2988 2287 vigilantior
3026 2225 3082 2273 et
3124 2219 3389 2275 attentior
3425 2220 3500 2274 ad
3565 2228 3644 2288 te,

2045 2303 2186 2359 Deus
2215 2319 2381 2372 mens,
2426 2305 2790 2362 invocandum
2821 2307 2887 2364 de
2927 2309 3066 2376 luce,
3112 2310 3166 2366 id
3196 2320 3299 2379 est,
3338 2327 3503 2368 mane
3526 2330 3544 2379 ;
3570 2312 3641 2368 ad

367 2399 632 2472 iustitiam
663 2400 858 2458 sitiunt
895 2400 1008 2468 bic,
1053 2400 1108 2456 in
1139 2399 1327 2457 futuro
1372 2401 1787 2470 saturabuntur,
1814 2402 1946 2458 dum
1977 2377 2023 2433 B
2051 2382 2323 2464 litteram,
2368 2397 2590 2467 quando
2652 2398 2973 2456 imminente
3025 2403 3449 2460 resurrectionis
3499 2405 3650 2461 hora

368 2491 538 2565 buius
591 2493 716 2550 vitae
771 2493 1194 2550 necessitatibus
1238 2500 1475 2563 aestuat,
1521 2495 1769 2551 clamat:
1808 2494 1961 2550 Deus

368 2602 538 2643 mem.

442 2676 502 2734 ln
535 2678 748 2751 psalmo
787 2678 894 2735 isto
927 2687 1094 2750 caput
1134 2679 1316 2751 ipsum
1359 2677 1730 2736 introducitur
1763 2693 1954 2746 orans,

373 2779 436 2827 ut
455 2769 711 2827 ostendat
737 2769 869 2841 quid
893 2769 1191 2841 plurimum
1223 2770 1487 2841 prodesse
1517 2769 1692 2841 possit
1723 2769 1828 2836 illi,
1857 2768 1956 2840 qui

372 2863 558 2920 adhuc
575 2862 630 2917 in
660 2862 808 2918 lucta
835 2870 890 2918 et
916 2861 1162 2932 periculo
1189 2871 1274 2917 est
1293 2860 1588 2934 pugnando
1615 2875 1741 2917 cum
1763 2860 1913 2916 vitiis
1939 2878 1953 2915 ε

371 2954 517 3013 Deus
539 2954 678 3010 Deus
710 2969 876 3022 ments,
904 2952 976 3008 ad
998 2962 1047 3009 te
1065 2953 1264 3010 delatae
1287 2951 1471 3024 vigilo.
1496 2951 1730 3010 Multum
1756 2952 1961 3025 quippe

377 3046 692 3119 corporales
733 3060 956 3118 quoque
978 3046 1179 3115 vigiliae
1213 3054 1406 3102 contra
1436 3045 1572 3101 vitia
1599 3055 1853 3117 prosunt,
1900 3056 1961 3103 et

372 3137 656 3197 meditatio
681 3145 893 3206 sancta,
922 3136 992 3193 de
1014 3152 1123 3209 qua
1149 3136 1287 3194 dicit
1318 3136 1671 3210 postmodum
1705 3154 1724 3193 ε
1760 3135 1821 3193 Si
1858 3152 1963 3192 me·

374 3247 495 3287 ntor
528 3229 609 3300 [iti
636 3229 714 3285 titi
740 3244 898 3300 super
920 3236 1149 3284 stratum
1171 3243 1366 3294 meum,
1389 3229 1443 3283 in
1470 3228 1746 3283 matutinis
1794 3227 1964 3282 medi-

377 3321 532 3379 tabor
557 3321 616 3377 in
645 3328 717 3385 te,
753 3321 884 3393 quia
911 3319 1063 3390 sitisti
1084 3317 1302 3386 adiutor
1323 3334 1490 3384 ntetts,
1514 3327 1566 3374 et
1593 3319 1649 3373 ἐκ
1670 3318 1962 3373 velamento

375 3414 588 3471 alarum
611 3422 825 3468 tuarum
851 3410 1150 3479 exsultabo,
1179 3418 1284 3467 etc.
1323 3408 1440 3467 Hoc
1473 3411 1657 3483 ipsum
1688 3418 1856 3482 caput
1879 3410 1966 3466 lo-

376 3507 588 3578 quitur,
634 3505 781 3561 sicut
819 3504 998 3560 innuit
1038 3504 1155 3575 ipse
1197 3503 1392 3559 titulus
1437 3522 1451 3559 ε
1484 3503 1736 3559 Psatmns
1768 3502 1963 3569 David,

376 3614 499 3653 cnm
519 3605 654 3652 esset
690 3597 745 3650 in
782 3597 983 3651 deserto
1016 3593 1292 3663 Idumoeoe,
1334 3595 1494 3667 cujus
1538 3594 1789 3651 videlicet
1821 3593 1967 3651 tituli

382 3706 585 3748 sensus
619 3690 712 3746 hic
744 3698 851 3746 est.
904 3686 1033 3746 Haec
1066 3690 1233 3746 verba
1273 3696 1402 3745 sunt
1447 3687 1793 3745 attribuenda
1834 3702 1968 3745 vero

379 3782 552 3840 David
573 3782 796 3840 Christo
823 3781 1129 3841 secundum
1160 3797 1290 3838 eum
1313 3789 1539 3848 statum,
1566 3795 1677 3852 quo
1699 3781 1816 3852 ipse
1838 3794 1969 3837 con-

380 3888 638 3937 versatus
666 3888 752 3936 est
777 3879 833 3935 in
862 3876 1094 3935 «ludaico
1123 3877 1348 3949 populo,
1390 3876 1485 3947 qui
1515 3884 1634 3934 erat
1675 3875 1964 3943 desertum,

378 3978 654 4042 praecepta
684 3968 784 4027 Dei
809 3978 1033 4042 propter
1060 3984 1192 4027 suas
1219 3967 1540 4023 traditiones
1569 3966 1890 4035 deserendo,
1911 3974 1968 4022 et

382 4060 648 4130 Harma,
685 4061 743 4119 id
789 4071 897 4129 est,
933 4071 1143 4117 terrena
1176 4060 1264 4117 vel
1310 4058 1717 4131 sanguinolenta
1760 4068 1963 4116 terram

381 4153 641 4222 amando,
673 4154 997 4225 sanguinem
1024 4153 1280 4211 sitiendo.

455 4246 695 4305 intendit
735 4255 920 4304 autem
969 4247 1025 4302 in
1064 4247 1173 4303 boc
1212 4246 1424 4319 psalmo
1469 4243 1734 4301 Dominus
1779 4252 1969 4301 noster

382 4339 670 4398 ostendere
699 4356 760 4397 se
789 4340 1127 4412 pervigilem,
1169 4338 1225 4394 id
1263 4349 1371 4408 est,
1412 4336 1707 4394 sollicitum
1743 4345 1800 4394 et
1840 4337 1968 4394 dili-

383 4443 597 4508 gentem
615 4433 786 4490 fuisse
804 4432 860 4488 in
878 4430 1251 4488 voluntatibus
1269 4430 1365 4487 Dei
1386 4429 1780 4502 ademplendis,
1801 4430 1967 4488 etiam

383 4541 512 4583 cum
545 4525 686 4582 inter
715 4524 968 4581 inimicos
997 4532 1435 4592 conservaretur,
1464 4523 1560 4595 qui
1591 4538 1720 4580 eum
1747 4539 1969 4596 semper

384 4618 657 4675 devocare
686 4616 1023 4673 nitebantur.
1052 4615 1121 4672 Et
1152 4615 1260 4672 boc
1298 4623 1472 4672 totum
1500 4613 1636 4672 facit
1664 4614 1733 4670 ad
1762 4614 1971 4672 instru-

387 4709 632 4768 ctionem
659 4708 927 4777 fidelium,
967 4724 1037 4765 ne
1074 4716 1134 4765 et
1168 4706 1274 4779 ipsi
1310 4707 1423 4764 sint
1451 4707 1508 4762 in
1542 4715 1762 4778 torpore
1789 4705 1973 4763 noctis

386 4810 444 4859 et
465 4802 537 4859 ad
576 4800 916 4859 infidelitatis
954 4810 1012 4857 et
1040 4816 1224 4871 pravae
1250 4799 1614 4873 operationis,
1671 4799 1768 4855 sed
1811 4799 1970 4855 illum

389 4894 667 4953 imitantes
690 4895 747 4951 in
778 4892 1226 4951 tribulationibus
1265 4909 1376 4948 non
1404 4893 1725 4961 dormitent,
1778 4891 1875 4948 sed
1914 4892 1970 4947 in

388 4988 648 5045 omnibus
695 4988 836 5045 bene
879 4996 1171 5059 operantes
1213 4986 1434 5043 tandem
1465 4986 1521 5043 in
1556 5001 1627 5043 eo
1668 4984 1973 5043 laudabiles

388 5080 647 5149 existant,
674 5080 757 5138 sic
783 5080 973 5136 dicens
1000 5096 1015 5136 ε

461 5171 629 5230 Vens.
657 5172 713 5228 2.
754 5172 895 5228 Deus
929 5172 1073 5229 Deus
1101 5189 1268 5240 mens,
1323 5169 1395 5226 ad
1437 5181 1487 5228 te
1534 5171 1597 5226 de
1638 5170 1754 5226 luce
1784 5170 1966 5243 viqilo.

390 5264 534 5322 Dm
580 5264 829 5321 omnium
868 5264 1196 5337 generaliter
1249 5261 1550 5320 secundum
1589 5262 1921 5318 creationem
1952 5278 1968 5316 ε

393 5354 535 5411 Dm
564 5372 710 5410 mus
745 5370 874 5414 vero
905 5357 1207 5414 secundum
1235 5354 1563 5427 praecipuam
1593 5353 1964 5411 dilectionem.

394 5445 478 5500 Aa
499 5453 573 5512 te,
603 5446 657 5500 id
692 5456 800 5516 est,
828 5448 894 5503 ad
921 5457 1072 5504 tuam
1096 5449 1433 5504 voluntatem
1469 5463 1566 5518 per
1597 5447 1783 5503 omnia
1811 5461 1970 5503 exse-

395 5537 666 5605 quendam
695 5537 874 5610 viqt'lo,
902 5548 957 5596 et
983 5541 1206 5597 intendo
1232 5540 1396 5596 corde
1427 5540 1846 5612 vigilantissimo
1865 5553 1969 5610 ego

394 5624 648 5685 Christus
683 5630 854 5688 Filius
893 5641 1023 5690 tuus
1078 5632 1130 5688 in
1172 5631 1375 5688 deserto
1423 5631 1677 5691 Idumoeoe
1713 5632 1970 5704 fatigatus

2051 2488 2270 2545 enixius
2319 2496 2406 2546 est
2437 2491 2731 2556 orandum,
2775 2492 2903 2563 quia
2936 2502 3068 2550 tune
3117 2495 3354 2566 legimus
3398 2498 3647 2570 patriar-

2054 2581 2214 2637 cham
2236 2580 2407 2639 Jacob
2429 2583 2767 2648 exauditum,
2789 2593 2852 2641 ut
2878 2585 3312 2644 benedictionem
3338 2590 3645 2661 acciperet.

2056 2671 2319 2731 Similiter
2342 2684 2398 2731 et
2419 2677 2651 2747 apostoli
2680 2688 2951 2735 nocturna
2977 2679 3283 2752 piscatione
3308 2680 3517 2738 frustra
3549 2683 3645 2739 ra-

2056 2765 2212 2839 tigati
2237 2781 2399 2823 mane
2427 2766 2541 2840 jam
2577 2767 2725 2825 racto
2752 2778 2932 2826 stante
2960 2769 3089 2827 Jesu
3130 2771 3185 2827 in
3214 2772 3399 2829 littore
3422 2774 3494 2830 ad
3515 2774 3655 2845 ejus

2052 2859 2270 2931 iussum
2294 2868 2413 2917 rete
2441 2861 2719 2920 mittentes
2768 2863 2826 2918 in
2865 2864 3147 2922 dexteram
3188 2867 3415 2939 navigii,
3444 2868 3655 2939 pisces

2057 2966 2288 3025 magnos
2330 2960 2387 3009 et
2432 2953 2639 3011 multos
2680 2962 2945 3028 ceperunt
2988 2968 3211 3015 centum
3241 2959 3653 3033 quinquaginta

2061 3052 2190 3113 tres,
2239 3046 2335 3118 qui
2368 3061 2493 3103 cum
2526 3048 2664 3104 tanti
2701 3060 2908 3119 essent,
2953 3067 3061 3107 non
3114 3062 3201 3110 est
3247 3054 3487 3111 scissum
3524 3067 3651 3113 rete

2061 3134 2245 3209 (loen.
2274 3153 2393 3206 xxi,
2419 3138 2530 3209 Η).
2574 3136 2900 3212 Huiusmodi
2934 3143 3165 3201 edocatus
3199 3146 3488 3217 exemplis,
3514 3148 3654 3218 quia

2061 3244 2227 3287 mane
2243 3229 2504 3288 exaudies
2523 3246 2716 3289 vocem
2739 3234 2807 3290 de
2848 3234 2970 3291 luce
3002 3236 3303 3309 vigilantis,
3346 3250 3401 3295 et
3450 3255 3559 3312 ego
3586 3240 3656 3296 de

2063 3322 2179 3378 luce
2205 3323 2368 3395 vigilo
2404 3325 2487 3381 vel
2521 3326 2588 3382 ad
2615 3326 2875 3394 litteram,
2911 3335 2972 3383 ut
2998 3328 3203 3386 dictum
3233 3339 3339 3397 est,
3369 3331 3460 3387 vel
3480 3333 3665 3389 etiam

2064 3417 2129 3472 de
2169 3416 2287 3472 luce
2330 3416 2651 3474 intentionis
2681 3418 2861 3487 bonae,
2887 3419 3050 3476 oculo
3072 3436 3197 3478 meo
3222 3422 3494 3479 existente
3513 3425 3654 3480 sim·

2065 3504 2225 3576 plice,
2259 3504 2335 3558 ita
2365 3511 2425 3559 ut
2454 3511 2629 3561 totum
2672 3520 2876 3577 corpus
2927 3507 3193 3564 orationis
3231 3515 3287 3562 et
3331 3509 3657 3579 vigiliarum

2068 3596 2163 3651 flat
2202 3595 2443 3653 lucidum
2487 3611 2597 3653 non
2637 3597 2848 3655 babens
2875 3597 3119 3670 aliquam
3150 3611 3363 3671 partem
3388 3602 3645 3658 tenebra-

1992 3719 2038 3782 c
2067 3705 2189 3746 rum
2221 3704 2320 3762 per
2346 3691 2567 3746 oculum
2596 3706 2854 3762 nequam.
2903 3690 2998 3748 Sic
3041 3693 3107 3748 de
3143 3693 3259 3749 haee
3291 3694 3478 3765 viqito,
3516 3696 3659 3767 quia

2068 3797 2178 3839 non
2216 3782 2520 3855 vigilarem,
2551 3782 2661 3838 nisi
2700 3781 2909 3839 oriente
2946 3784 3080 3839 mihi
3124 3784 3241 3841 sole
3273 3785 3505 3856 justitias
3552 3802 3651 3857 per

2066 3874 2216 3933 illius
2242 3874 2432 3932 radios
2465 3874 2732 3931 excitaret
2760 3891 2792 3931 a
2817 3891 3013 3932 somno
3050 3875 3297 3943 desidiae,
3340 3879 3437 3948 qui
3489 3876 3652 3933 facite

2065 3968 2279 4038 obrepit
2301 3967 2360 4022 in
2385 3968 2591 4023 deserto
2617 3966 2892 4037 Idumoeoe,
2916 3968 3061 4024 sicut
3089 3969 3250 4025 nobis
3271 3970 3536 4041 apostolis
3557 3986 3647 4027 ac·

2065 4061 2219 4129 cidit,
2249 4059 2470 4132 quando
2496 4058 2769 4129 idumaeis,
2799 4061 2854 4118 id
2875 4069 2982 4131 est,
3011 4060 3217 4119 Judaeis
3237 4064 3468 4120 terrenis
3489 4063 3643 4120 Cbri»

2066 4161 2214 4209 stum
2245 4168 2435 4209 verum
2467 4152 2638 4209 David
2669 4152 3148 4225 persequentibus,
3200 4168 3310 4210 una
3352 4153 3491 4209 liora
3512 4154 3653 4226 vigi-

2067 4243 2182 4301 lare
2202 4258 2313 4300 non
2337 4242 2638 4315 potuimus.
2665 4242 2835 4300 Erant
2861 4244 3007 4301 enim
3044 4243 3188 4300 oculi
3219 4244 3392 4302 nostri
3417 4246 3659 4318 grat-ati,

2068 4351 2192 4393 cum
2235 4344 2385 4392 esset
2420 4336 2556 4393 hora
2594 4345 2651 4391 et
2688 4344 2931 4407 potestas
2960 4336 3310 4392 tenebrarum
3335 4336 3486 4392 cirea
3516 4337 3659 4392 solis

2068 4442 2346 4485 occasum.
2367 4425 2473 4482 Sed
2491 4425 2649 4482 valde
2676 4441 2838 4483 mane
2864 4442 2970 4482 una
2985 4426 3209 4483 Sabbati
3229 4435 3352 4482 orto
3369 4426 3490 4497 jam
3512 4428 3659 4493 sole,

2067 4520 2162 4593 qui
2207 4519 2532 4577 ascenderat
2593 4534 2759 4591 super
2826 4534 3086 4576 occasum
3129 4520 3197 4576 ad
3245 4519 3542 4584 orientem.
3590 4522 3660 4577 de

2068 4614 2192 4669 luce
2216 4609 2390 4684 ipsius
2411 4612 2640 4685 vigilare
2663 4611 2954 4684 coepimus,
2979 4620 3034 4668 et
3055 4612 3195 4669 alios
3216 4612 3284 4668 ad
3309 4611 3658 4686 vigilandum

2069 4706 2491 4781 provocavimus
2525 4707 2742 4763 dicente
2774 4706 2961 4778 aliquo
2997 4714 3247 4763 nostrum
3280 4749 3296 4760 .
3339 4723 3361 4757 ι
3389 4704 3661 4778 Vigilate,

2070 4807 2212 4857 state
2240 4800 2295 4855 in
2323 4798 2452 4864 tide,
2485 4798 2716 4854 viriliter
2742 4798 2908 4871 agite,
2935 4797 3122 4854 omnia
3155 4807 3335 4854 vestra
3359 4812 3490 4853 cum
3521 4798 3663 4853 cba-

2069 4893 2231 4949 ritate
2257 4891 2413 4948 liant.
2448 4889 2618 4964 Igitur
2647 4906 2757 4947 nou
2784 4891 3124 4947 dormiamus
3153 4889 3296 4946 sicut
3322 4889 3534 4956 φωτὶ,
3560 4890 3663 4945 sed

2071 4985 2383 5058 vigilemus,
2430 4992 2486 5040 et
2528 4982 2696 5040 sobrii
2748 4981 2923 5039 simus
2952 4980 3006 5053 (1
3037 4981 3161 5039 Cor.
3188 4997 3301 5050 xvi,
3349 4980 3443 5048 13,
3482 4979 3605 5052 tt).
3638 5000 3659 5032 ι

1997 5079 2047 5138 D
2072 5076 2206 5133 ltem
2235 5095 2249 5132 ε
2288 5096 2308 5129 ι
2337 5074 2518 5131 Sobrii
2546 5082 2739 5142 estote,
2772 5081 2828 5129 et
2858 5072 3100 5144 vigilate,
3141 5074 3269 5144 quia
3300 5072 3667 5129 adversar-ins

2075 5180 2254 5229 vester
2280 5169 2532 5227 diabolus
2576 5168 2773 5225 circuit
2802 5183 3055 5239 quaerens
3097 5181 3260 5237 quem
3285 5164 3539 5232 devoret,
3564 5166 3666 5221 eui

2074 5265 2315 5322 resistite
2342 5262 2516 5320 fortes
2543 5261 2600 5318 in
2632 5260 2738 5317 fide
2768 5258 2823 5331 (1
2854 5258 2971 5315 Pet.
2994 5276 3050 5327 v,
3074 5258 3133 5325 8,
3160 5259 3237 5329 9).
3268 5278 3288 5311 t
3330 5256 3579 5325 Quando
3605 5259 3668 5314 in

2074 5355 2193 5426 ipsa
2217 5353 2351 5411 hora
2376 5360 2433 5409 et
2447 5358 2715 5424 potestate
2735 5349 3085 5407 tenebrarum
3115 5348 3317 5405 dictum
3334 5357 3423 5404 est
3448 5347 3628 5404 nobis
3644 5365 3664 5401 ε

2082 5467 2101 5501 c
2135 5445 2387 5519 Vigilate,
2413 5454 2469 5502 et
2497 5451 2670 5510 orate,
2701 5449 2763 5499 ut
2798 5457 2911 5497 non
2951 5440 3166 5498 intretis
3209 5440 3266 5495 in
3288 5439 3665 5495 tentationem

2079 5536 2296 5608 (Maeui.
2324 5552 2469 5599 xxvi,
2499 5534 2612 5605 tt),
2648 5552 2667 5585 ι
2702 5531 3177 5603 spiritusquidem
3205 5540 3499 5602 promptus
3526 5529 3663 5593 snit.

2077 5647 2206 5688 caro
2237 5640 2416 5687 autem
2447 5627 2683 5697 inssrma,
2712 5625 2779 5682 ad
2802 5623 3130 5698 vigilandum
3160 5622 3335 5696 pigra,
3366 5620 3478 5680 Sed
3506 5636 3670 5687 nm
