3817 6000
150 206 204 266 327
613 204 767 263 causent
785 202 864 259 CAN.
887 203 967 259 heti.
989 202 1018 259 S.
1039 201 1201 260 VICTORlS
1220 203 1333 261 cattis.
1734 209 1794 266 ³28

150 331 206 387 rint
216 325 403 400 percussionis
417 337 538 395 agnosco
547 340 555 378 r
565 321 688 394 plerique
696 328 787 377 autem
802 330 868 377 suut
878 334 949 391 quos
963 322 988 381 Δ
1001 317 1109 390 tiuorax,
1125 319 1190 394 quia
1204 320 1390 378 coustantium
1417 321 1547 392 puticntia
1561 322 1686 396 (derupta
1706 341 1796 398 pcne-

150 431 287 480 tormenta
310 418 445 484 cruciant,
461 416 509 473 sed
529 430 584 471 non
601 414 758 471 enrcndaut.
771 410 833 479 Quo
848 420 944 468 contra
996 417 1097 467 tratur.

151 521 213 585 apte
223 507 546 583 subjungitur:Quarum
560 506 712 578 indignatio
722 506 806 562 ehibit
817 505 944 577 spiritum
1287 500 1403 560 CAPUT
1420 502 1504 559 xxii.

151 617 242 660 meum
253 599 340 668 :Quid
355 600 429 654 enirn
449 607 492 653 est
504 597 617 671 spiritus
629 594 750 653 hominis
764 594 818 651 uisi
831 593 945 665 spiritns
1308 611 1342 651 nn
1360 611 1473 657 nuncsi.

151 694 299 752 elationis?
315 690 427 763 Sagittae
438 699 528 746 autem
548 688 656 745 Domini
669 688 798 758 spiritum
824 685 946 745 houtiuis
1033 684 1107 759 (sut)
1127 685 1299 749 Laureurum
1316 688 1428 744 nomino
1443 686 1732 765 tentationumjacula
1743 690 1794 753 ‚dc-

151 787 280 853 ebibunt,
295 798 359 840 curu
383 797 509 853 supernae
531 777 781 837 animaduersionis
801 778 946 833 sententiae
996 779 1150 852 signantur,
1163 782 1236 839 siout
1250 796 1300 852 per
1323 779 1377 837 lob
1393 779 1630 839 sauctusscclesia
1644 784 1795 856 conqueri·

152 885 279 941 afflictam
302 878 472 936 mentem-ab
489 876 608 933 elatione
628 881 816 946 compescunt.
834 871 946 943 Sagittae
996 881 1042 927 tur
1061 873 1175 930 dicens:
1192 870 1373 929 circumdedit
1398 889 1440 928 ute
1464 872 1563 927 laureis
1587 874 1643 931 suis
1659 872 1792 945 (dolum,

152 955 271 1033 Domini
285 971 412 1044 spiritum
438 968 561 1025 hominis
582 967 706 1032 ebibunt,
721 965 785 1035 quia
810 964 945 1021 intentum
997 964 1053 1035 ld).
1070 962 1171 1027 Sattcta,
1183 979 1303 1036 namque
1317 964 1442 1023 Ecclesia
1453 963 1557 1021 lanceis
1581 966 1616 1023 ab
1638 967 1718 1025 hoste
1739 983 1793 1024 suo

152 1064 336 1123 exterioribus
351 1063 489 1119 introrsus
503 1059 628 1115 trahunt.
640 1058 773 1127 Epotatus
785 1055 871 1113 bauiti
889 1054 947 1126 spi·
996 1055 1193 1125 circumdatur,
1207 1057 1318 1128 quando
1331 1056 1359 1113 in
1375 1057 1577 1117 membrissuis
1592 1058 1628 1115 ab
1637 1060 1792 1132 ¹impugna-

152 1159 207 1214 ritu
219 1157 380 1212 luetateum
392 1154 521 1211 dicebat:
543 1152 576 1208 lu
592 1150 738 1222 deficiendo
757 1164 791 1203 cs
811 1164 851 1203 ute
866 1148 947 1218 spirt-
997 1155 1056 1204 tore
1070 1148 1160 1207 calido
1175 1150 1355 1207 tentationum
1366 1148 1466 1222 jaculis
1478 1150 1628 1222 impetitur.
1645 1150 1719 1207 Bene
1741 1168 1792 1208 au-

153 1258 307 1302 tumttreutu
323 1254 351 1299 tu
364 1245 508 1317 coquouisti
522 1243 631 1297 seruitus
651 1256 722 1295 utens
749 1238 837 1310 (l’sul.
852 1252 945 1303 nutui,
998 1247 1053 1297 tout
1070 1241 1236 1297 circumdari
1249 1240 1353 1297 lanceis
1366 1241 1477 1310 dicitur,
1494 1243 1559 1312 quia
1567 1241 1650 1315 453
1658 1243 1793 1314 antiquus

151 1341 210 1415 20).
223 1340 404 1396 Etrunsunt:
426 1337 528 1408 Nequui
550 1332 683 1389 cornaleti
709 1332 828 1387 utritnutu
849 1346 946 1397 mcum,
998 1316 1792 1406 trostistcutattouissuaeuutnereuosimpetiusssnpecnim

153 1450 253 1490 semor
264 1434 306 1505 [ui
320 1432 380 1498 Dei,
397 1440 424 1486 et
441 1431 587 1485 delectatus
614 1444 685 1493 aum,
702 1426 865 1483 suscitatus
886 1439 948 1483 tum
997 1421 1064 1493 dum
1084 1423 1148 1495 qula
1159 1423 1399 1501 -rcstriurtturmt
1418 1425 1503 1482 libido
1519 1425 1680 1498 subigatur,
1699 1427 1793 1486 inanis

152 1534 178 1582 et
192 1525 287 1596 defecit
300 1524 437 1595 purtlimm
451 1522 562 1593 spiritus
575 1535 649 1574 neus
663 1512 754 1588 titia..
768 1515 807 1585 5).
825 1513 947 1584 Sagitta·
998 1515 1099 1587 glorie
1115 1516 1231 1574 aculeus
1247 1524 1376 1573 mentem
1391 1517 1491 1589 pulsat.
1520 1515 1550 1572 Si
1574 1527 1667 1577 antem
1689 1535 1794 1591 corpus

153 1633 215 1672 rum
227 1632 296 1688 ergo
304 1615 455 1686 indignatio
470 1606 561 1669 ebibit
574 1610 701 1681 spiritum
725 1605 882 1678 justiquia
896 1618 946 1662 su·
999 1608 1171 1675 abstittentiae
1183 1609 1333 1667 afflictione
1345 1625 1399 1665 nou
1414 1618 1661 1677 atteratut,coutra
1672 1621 1793 1671 mentem

153 1798 219 1855 dum
240 1798 553 1863 rttlnerantimmutunt,
569 1793 746 1855 vutdttritiam
761 1806 843 1849 suam
854 1799 947 1851 9998·
1000 1796 1150 1857 simonium
1161 1796 1288 1867 nitimur,
1300 1797 1335 1853 ad
1346 1796 1483 1853 tenaciam
1504 1797 1634 1853 labimur.
1657 1797 1692 1853 lit
1718 1813 1792 1870 sepe

154 1890 207 1946 ilua
225 1906 305 1945 meus
317 1890 437 1957 deserat,
449 1898 533 1959 atque
544 1902 578 1944 ex
592 1883 737 1943 salutifero
751 1883 947 1941 uulnere-sau·
999 1888 1067 1953 dum
1080 1904 1207 1960 possessa
1220 1889 1306 1947 utun
1315 1889 1475 1956 tribuimus,
1489 1888 1523 1945 ad
1545 1890 1689 1953 auaritiam
1710 1891 1793 1951 duci-

154 1983 413 2056 quiscoulessiouis
432 1990 538 2039 currat.
999 1996 1079 2049 mur,
1093 1981 1160 2053 quia
1188 1996 1309 2038 rursutn-
1322 1981 1452 2053 colligere
1477 1980 1627 2051 querimus
1641 1982 1715 2053 quod
1742 1982 1795 2037 tri·

190 2076 360 2148 Sagittarum
386 2073 501 2131 nomine
511 2070 568 2130 doli
584 2085 739 2143 pratorum,
754 2067 945 2140 designantur.
999 2072 1128 2135 bucinus.
1142 2071 1215 2128 bum
1227 2087 1293 2145 crgo
1303 2072 1411 2151 antiqui
1422 2071 1515 2143 jacula
1529 2071 1617 2131 hostis
1629 2072 1731 2145 ubique
1741 2090 1794 2130 nos

157 2168 223 2225 Vide
236 2182 394 2240 supracap
405 2166 448 2236 te,
467 2167 533 2223 dist.
545 2166 571 2220 l.
997 2165 1146 2236 inpetum,
1159 2174 1234 2223 recte
1246 2180 1321 2223 nunc
1332 2164 1436 2225 dicitur
1451 2183 1458 2220 ε
1471 2164 1661 2226 Circumdedit
1674 2180 1718 2222 tue
1733 2165 1795 2222 lan-

436 2277 562 2337 'cuent
579 2276 651 2333 xit.
997 2257 1055 2314 cuis
1066 2256 1137 2315 suis

473 2389 508 2429 ue
527 2390 625 2430 unsri.
1282 2347 1398 2409 CAPUT
1416 2347 1510 2404 xxiii.

155 2469 190 2526 iu
206 2469 345 2542 Scriptura
360 2484 439 2524 socru
454 2467 545 2526 ,trusus
568 2467 682 2530 mutue,
696 2464 840 2537 uliquuudo
858 2470 948 2533 operte
1298 2456 1333 2498 ΒΕ
1353 2457 1487 2513 mliii·

187 2542 298 2597 seriem
308 2555 449 2610 prucorum
459 2540 616 2609 persecutio,
624 2536 768 2608 aliquando
777 2534 948 2606 predicatio·
1034 2535 1167 2592 Thoracis
1181 2534 1294 2593 nomine
1308 2535 1446 2606 patientiae
1457 2533 1651 2606 longanimitas
1662 2530 1794 2607 designa-

190 2613 232 2667 *15⁸
241 2611 364 2682 immiti
374 2609 541 2680 deiflmlli·
999 2638 1056 2696 tur,
1072 2628 1145 2685 sicut
1161 2627 1303 2684 [loutiniea
1323 2642 1390 2685 tuce
1412 2626 1446 2685 dc
1458 2626 1561 2682 diaboli
1578 2626 1699 2698 potentia
1708 2640 1793 2698 quam

189 2726 281 2785 itaste
293 2726 406 2784 nomine
420 2734 514 2797 aperte
526 2725 801 2795 seticuspratorum
816 2737 948 2793 persecu·
995 2737 1048 2794 per
1066 2721 1258 2778 antichristum
1279 2729 1443 2777 ostensurus
1464 2729 1508 2778 est
1525 2720 1635 2777 dicitur.
1652 2719 1720 2776 Cum
1743 2737 1795 2792 up-

153 2820 194 2876 tio
208 2817 376 2890 designatur,
394 2817 467 2874 sicut
482 2819 524 2874 de
540 2824 648 2875 suumn
672 2814 869 2886 predicatione
892 2814 946 2871 sub
994 2812 1135 2883 prehardit
1149 2828 1208 2868 eum
1231 2810 1349 2881 clodius,
1363 2811 1508 2866 subsistere
1529 2822 1582 2866 nou
1598 2813 1696 2882 poterit
1712 2828 1796 2884 neque

111 2951 114 2961 .
154 2912 219 2984 equi
240 2909 353 2967 nomine
364 2908 509 2965 llomiuiea
521 2924 590 2965 uoce
607 2908 735 2964 dicitur:
755 2907 843 2978 Super
854 2906 947 2977 ipsum
994 2905 1077 2975 ,imru
1090 2920 1172 2976 ueqrte
1192 2904 1291 2961 ultores
1309 2902 1371 2975 (tot
1385 2919 1442 2971 utu,
1456 2902 1514 2975 17).
1528 2902 1648 2961 Consule
1670 2920 1731 2976 cap.
1754 2903 1795 2962 De

154 3002 266 3062 sonabis
278 3002 418 3074 pharetra,
443 2999 657 3073 vibrabitkffl
681 2999 762 3058 basta
776 3007 805 3055 et
820 2997 944 3072 clypeus.
959 2996 1089 3104 cbasta,
1102 2995 1166 3054 dist.
1181 2996 1210 3052 Ξ.
1448 3041 1452 3052 .

154 3096 255 3167 lieleqe
269 3110 332 3166 cap.
348 3093 393 3162 to,
406 3093 472 3152 dist.
488 3092 613 3164 tsnpra.
957 3099 960 3108 ’
1280 3087 1396 3145 curet
1416 3088 1513 3145 xxti.

190 3186 373 3262 (heblllrrstae
385 3186 497 3247 nomine
513 3184 721 3256 predicationis
737 3183 860 3255 jaculum
874 3184 948 3241 desi-
1263 3193 1299 3236 ot:
1317 3183 1514 3236 rennuunurts.

153 3290 264 3355 quatur,
280 3281 354 3338 sicut
364 3294 432 3337 noce
447 3278 638 3338 Domiuieade
661 3277 762 3338 diaboli
775 3277 886 3348 potenti
898 3291 948 3331 ne·
1033 3268 1109 3341 (599)
1125 3268 1365 3328 Ferramentorum
1379 3268 1491 3325 nomine
1502 3267 1610 3324 minora
1620 3267 1727 3326 Domini
1739 3267 1793 3323 lla-

154 3374 242 3446 quitia
255 3375 307 3429 suh
317 3374 405 3445 dqura
420 3371 571 3427 Leviathan
587 3370 621 3426 ad
635 3370 744 3426 beatum
759 3368 812 3424 lob
824 3369 945 3427 dicitur:
998 3362 1068 3436 gella
1083 3362 1273 3433 designantur,
1289 3362 1362 3417 sicul
1374 3362 1409 3417 de
1427 3361 1609 3417 edificatione
1630 3362 1722 3431 templi
1738 3359 1792 3416 Sa-

145 3464 222 3521 essu
246 3463 418 3536 apprehendit
426 3462 608 3534 ,eumsqtudius
622 3461 763 3517 subsistere
777 3478 829 3515 nou
848 3461 947 3532 poterit
991 3452 1249 3512 lunonisdieitur:
1269 3452 1394 3520 Melicos,
1409 3461 1434 3508 et
1453 3453 1563 3520 securis,
1579 3462 1604 3508 et
1617 3469 1692 3506 omrte
1705 3454 1794 3522 serru-

153 3573 236 3628 steqrte
257 3554 346 3621 lustu,
368 3570 450 3626 oeque
465 3553 566 3609 litoroso
591 3552 653 3623 (lob
678 3568 734 3620 unt,
754 3551 810 3623 ll).
833 3550 946 3608 Gladius
998 3554 1114 3602 mentum
1130 3562 1181 3602 uon
1194 3555 1255 3600 sutrt
1270 3544 1365 3600 auditu
1379 3546 1408 3600 itt
1422 3545 1510 3610 domo,
1535 3562 1596 3599 cum
1610 3546 1793 3616 aedificaretur

153 3657 326 3719 natuqueest
339 3647 445 3718 antiqui
460 3646 549 3705 bostis
562 3646 607 3702 ille
619 3654 685 3702 tuuc
699 3644 847 3701 damnatus
862 3645 946 3703 homo
999 3636 1061 3711 (ΠΙ
1076 3638 1140 3710 Reu-
1165 3655 1202 3706 vl,
1220 3638 1258 3706 7)-
1274 3637 1346 3706 Quill
1369 3639 1442 3694 enim
1468 3638 1566 3694 domus
1584 3637 1631 3699 iliu
1651 3637 1703 3693 uisi
1727 3651 1793 3692 san·

153 3739 281 3802 ittusura
296 3737 446 3796 ministerii
466 3737 528 3808 ejus
548 3745 719 3808 assumptus,
743 3736 832 3808 ipsum
845 3735 947 3807 quippe
998 3738 1071 3787 cmm
1095 3729 1258 3798 Ecclesiam,
1274 3746 1358 3802 quam
1382 3729 1410 3784 in
1425 3729 1583 3785 coelestibus
1604 3729 1737 3786 Dominus
1748 3729 1792 3783 in-

151 3831 349 3903 perimatitiam
361 3837 401 3888 ct
409 3829 587 3888 intirmorum
600 3828 683 3884 corda
699 3827 847 3898 transfigit,
872 3827 947 3883 huuc
998 3821 1319 3895 habitat,itgurabatihd
1328 3820 1408 3892 cujus
1419 3821 1627 3878 aedificationem
1640 3822 1790 3878 electorum

153 3931 246 3979 autent
257 3921 408 3980 leviathau
417 3921 474 3982 iste
485 3920 594 3992 eladius
605 3919 795 3990 apprehendit,
804 3934 867 3976 cum
882 3934 945 3975 curu
998 3917 1098 3972 anime
1114 3916 1194 3986 quasi
1220 3915 1330 3985 quidam
1349 3915 1462 3985 expoliti
1487 3915 1590 3985 lapides
1620 3914 1791 3970 deteruntur.

153 4032 222 4075 suus
234 4015 381 4072 demnmus
396 4014 480 4074 ltouto
494 4012 626 4083 suscepit.
641 4010 713 4080 Quid
726 4021 818 4067 autem
831 4027 879 4083 per
896 4012 946 4066 ha·
987 4006 1052 4080 ‚Qui
1061 4023 1124 4064 curu
1136 4005 1315 4074 edificentur,
1328 4006 1442 4062 incoelis
1456 4006 1524 4061 nulli
1538 4007 1611 4063 ictus
1625 4006 1792 4064 audiuntur:

153 4117 225 4165 statu
247 4107 301 4163 nisi
320 4106 522 4178 predicationis
544 4105 685 4175 iaculum3
705 4103 772 4173 quid
792 4119 841 4173 per
852 4102 946 4158 thora·
998 4100 1064 4171 quia
1088 4100 1118 4154 iu
1143 4107 1244 4158 eterna
1273 4099 1361 4171 patria
1386 4100 1552 4170 ornnesjatu
1580 4101 1791 4172 percussionum

153 4213 214 4254 cetu
225 4199 279 4254 uisi
291 4198 422 4254 tortitudo
434 4197 573 4268 patientie
585 4193 823 4267 designaturii‘er
837 4195 944 4251 hastam
984 4192 1127 4263 ‚strepitus
1142 4191 1341 4249 conticescunt.
1355 4190 1533 4264 Nequaquam
1550 4192 1589 4248 ibi
1603 4194 1718 4251 malleus
1728 4209 1792 4265 per-

153 4287 256 4360 qitippe
272 4290 462 4349 ativersarium
485 4288 667 4359 percutimus,
696 4287 807 4342 thorace
828 4301 893 4341 uero
910 4285 946 4342 ab
997 4284 1077 4352 eutii,
1103 4285 1167 4356 quia
1182 4285 1257 4340 nulla
1272 4284 1475 4340 animadversio
1492 4283 1595 4356 affligit.
1610 4282 1790 4356 Nequaquam

152 4381 313 4438 aduersario
333 4381 492 4448 ntuuimur;
515 4396 564 4451 per
589 4381 697 4435 hastam
721 4379 834 4435 uulnera
850 4377 946 4435 inieri-
959 4398 984 4462 ὓ
998 4374 1101 4432 securis
1121 4375 1227 4442 incidit,
1251 4375 1315 4447 quia
1332 4384 1457 4447 receptos
1478 4376 1593 4433 interius
1615 4376 1689 4432 nulla
1715 4375 1789 4434 lorus

153 4487 292 4544 mus,.per
315 4472 455 4528 thoracem
484 4471 611 4543 tegimur,
635 4485 671 4527 ne
690 4470 877 4526 vulneremur.
892 4459 951 4526 Le·x
994 4466 1420 4538 seueritatissememiaprojicit.
1432 4465 1610 4540 Nequaquam
1623 4472 1789 4525 ferramenta

138 4565 265 4621 biatbau
288 4565 505 4638 crqoistequia
526 4579 577 4635 per
598 4571 770 4634 assumptum
794 4564 942 4634 reprobunt
994 4568 1178 4630 perstrepunt,
1205 4559 1271 4631 quia
1295 4574 1347 4622 nee
1361 4559 1490 4632 quelibet
1512 4560 1625 4622 minima
1642 4560 1710 4618 ultra
1729 4560 1787 4631 jaun

153 4659 293 4718 homiuem
315 4657 387 4715 iram
402 4657 562 4714 omnimodo
580 4656 750 4714 crudelitatis
762 4655 875 4724 effrena,
892 4670 942 4727 ap-
982 4653 1098 4726 ,flagella
1113 4654 1280 4712 sentiuntur.

152 4752 284 4823 prehendi
297 4752 387 4824 gladio
407 4751 520 4808 dicitur.
540 4749 610 4808 Nam
624 4766 673 4823 per
684 4751 872 4808 ostensionem
888 4751 942 4808 im-

152 4852 334 4900 mensaetuuo
349 4841 520 4900 fortitudinis
534 4843 646 4900 exbibet
662 4844 796 4914 quidquid
817 4844 943 4914 nequiter
1235 4792 1548 4943 ωξξᾚῖιω

152 4941 252 5005 PM·
275 4930 434 5006 5993Ψο
455 4935 534 4994 ”²⁵¹³
562 4949 651 5004 ”eque
669 4934 769 4991 “¹⁰¹³
792 4935 943 4993 summm
976 4974 1028 5033 ‘Itt
1038 4975 1179 5048 Scriptura
1193 4995 1272 5034 sucro
1285 4980 1385 5036 securis
1396 4979 1665 5052 centimetrorum
1676 4973 1788 5034 lisdem·

149 5025 261 5099 imm»
277 5026 342 5097 ‘1¹¹5ss
355 5027 385 5083 5¹¹
397 5027 566 5085 A¹¹¹³⁰hfi⁸²⁰
579 5027 692 5084 leniens
705 5027 843 5098 mlliil'us
853 5027 942 5084 90399
1027 5057 1088 5118 ptor
1102 5060 1200 5114 noster,
1207 5050 1351 5119 aliquando
1362 5053 1459 5108 dottuut
1469 5051 1628 5115 intellectus,
1642 5050 1785 5121 aliquunde

151 5128 236 5176 tante
245 5120 357 5177 virtutis
367 5121 519 5193 apparebit,
532 5129 563 5177 ut
573 5121 597 5178 si
608 5134 760 5192 supernum
772 5120 941 5192 adjutorium
1029 5118 1161 5174 districte
1174 5121 1410 5176 animaduersionis
1424 5123 1567 5189 setrteutiu,
1583 5121 1727 5193 aliquando
1742 5120 1785 5174 iu-

152 5213 233 5281 desit,
248 5222 276 5270 et
291 5213 498 5285 predicantium
511 5229 626 5274 aottmeu
638 5212 782 5282 obtundat,
800 5224 828 5271 et
846 5213 941 5284 longa·
1028 5190 1145 5257 ‘'⁰9⁰⁶“
1160 5190 1324 5261 9335999999·

152 5308 306 5363 nimitatem
319 5305 481 5377 patientium
498 5306 632 5363 destruat
644 5303 705 5364 Nisi
716 5308 791 5364 euim
800 5306 941 5377 justorum
1028 5302 1104 5375 (599)
1120 5301 1231 5359 Securis
1247 5304 1360 5361 nominc
1372 5303 1536 5377 Redemptor
1547 5313 1643 5361 noster
1659 5304 1786 5376 designa·

152 5398 208 5452 sita
223 5412 342 5470 superna
356 5397 443 5468 qratia
458 5396 601 5462 solidetur,
617 5412 673 5454 non
698 5396 827 5454 subsistit
849 5397 939 5462 hasta,
993 5403 1047 5458 tur,
1063 5394 1194 5465 sicutper
1208 5392 1342 5451 loannem
1365 5396 1514 5468 baptistam
1528 5398 1649 5454 dicitur:
1664 5396 1728 5452 loun
1740 5412 1784 5451 ss·

153 5488 217 5559 quia
233 5491 441 5559 predicatorum
456 5490 544 5544 uirtus
562 5487 714 5561 frangitur3
737 5505 794 5546 uon
818 5488 941 5546 substitit
992 5490 1065 5544 curis
1094 5477 1129 5543 ui
1157 5488 1393 5570 radicemurboris
1416 5493 1505 5562 potita
1524 5501 1575 5548 est.
1603 5490 1697 5549 Orum'r
1712 5489 1784 5547 emunt

188 5604 253 5674 (596
277 5606 316 5662 lix
331 5606 352 5660 i.
370 5623 453 5662 sustu
467 5607 493 5661 iu
512 5605 574 5671 lob,
591 5621 615 5662 c.
633 5622 694 5675 rut,
706 5605 733 5676 l,
749 5604 777 5662 5.
1040 5601 1103 5671 598)
1118 5600 1158 5657 Et
1172 5602 1192 5657 l.
1212 5618 1297 5658 xtttt
1312 5602 1339 5659 in
1353 5602 1416 5672 lob,
1429 5621 1454 5660 c.
1468 5621 1497 5669 x,
1509 5605 1535 5660 t.

187 5673 253 5746 (597
280 5673 350 5735 est.
363 5692 414 5736 sut
425 5676 531 5752 ittlob,
543 5692 568 5734 c.
578 5692 616 5751 rt,
627 5675 654 5734 9.
1041 5671 1104 5744 599)
1119 5671 1160 5730 Ex
1173 5673 1250 5736 horn.
1266 5672 1301 5729 99
1313 5674 1342 5732 iu
1359 5673 1462 5749 lituus.
1484 5676 1638 5734 hatthui.
