3817 6000
162 296 301 351 1¹69

774 252 1329 352 commutantem
1368 295 1433 349 nv
1472 295 1810 351 psalmos,
1846 325 1920 335 -
1951 295 2133 350 psas
2171 293 2232 350 n.
2271 326 2340 334 -
2373 293 2569 350 PSAL.
2606 294 2773 350 xxv.

3285 296 3418 352 nto

160 422 425 482 tanquam
456 409 732 481 ‘ignorum
750 411 1102 479 beneficiasti
1129 413 1499 468 munificentia
1522 420 1739 469 susten·
1766 421 1811 475 A
1844 426 2177 482 cognoscere
2221 409 2276 463 in
2312 410 2622 479 temetipso,
2656 426 2723 465 ne
2752 410 2966 466 dicatur
3020 419 3074 465 et
3136 410 3256 476 tihi,
3283 413 3412 481 qnia

158 513 366 568 tentur,
394 512 449 556 et
475 502 719 572 potentia
748 503 1138 574 protegantur?

229 591 387 659 Quod
413 599 593 645 antem
627 592 774 661 tigna
819 592 1060 660 cedrina,
1101 603 1155 649 et
1186 594 1465 664 laquearia
1517 609 1739 665 cypres-

157 683 285 740 sina
318 682 729 748 deseri-buntur,
779 692 973 740 natura
1026 687 1233 755 absque
1260 686 1429 741 dnbio
1478 687 1643 741 hahet
1683 686 1738 740 in

157 774 249 829 his
278 770 568 843 speciebus
598 773 893 844 lignorum,
919 773 1051 844 quid
1085 785 1351 846 ‹toitgrnat
1380 775 1629 845 praetatis
1646 791 1738 830 or·

153 866 401 922 dinibus.
433 865 501 922 Et
551 858 751 922 cedrus‘
792 867 1038 937 quidem,
1088 868 1348 939 quoniam
1405 868 1739 939 imputribile

152 967 263 1026 est,
287 974 388 1015 nec
415 974 521 1013 non
564 967 617 1014 et
639 958 999 1024 odoriferum,
1026 960 1257 1030 altaeque
1303 962 1649 1031 proceritatis
1674 962 1739 1016 li-

153 1067 349 1123 gnum,
378 1051 513 1107 satis
545 1050 753 1105 indicat
777 1051 968 1122 quales
999 1060 1247 1122 oporteat
1276 1054 1483 1108 assumi
1508 1053 1657 1109 viros
1682 1054 1737 1109 in

150 1143 309 1200 vices
337 1143 641 1215 tignorum;
675 1159 807 1216 ergo
827 1143 1039 1200 validos
1070 1153 1126 1199 et
1174 1155 1496 1201 constantes·
1517 1162 1739 1202 necesse

150 1245 242 1291 est
269 1252 366 1292 eos
391 1251 533 1302 esse,
559 1235 653 1306 qui
680 1252 844 1306 super
867 1236 1004 1290 alios
1035 1236 1381 1304 ordinantur,
1418 1254 1518 1292 nec
1554 1254 1661 1293 non
1684 1248 1738 1293 et

151 1326 503 1399 longanimes
527 1327 582 1382 in
628 1342 743 1398 spe,
771 1335 935 1397 atque
963 1330 1016 1382 in
1044 1343 1284 1397 superna
1342 1329 1545 1384 mentis
1573 1330 1740 1383 verti·-

151 1436 277 1478 cem
301 1421 631 1486 attollentes,
655 1422 750 1491 qui
789 1422 954 1476 etiam
988 1422 1193 1476 honum
1233 1421 1357 1477 lidei
1385 1438 1500 1476 suae
1528 1431 1583 1477 et
1612 1437 1740 1477 con-

148 1513 489 1570 versationis
513 1514 719 1583 ubique
759 1513 984 1567 odorem
1031 1523 1352 1585 spargentes
1400 1513 1582 1569 dicere
1610 1529 1734 1567 cum

150 1607 422 1679 Apostoio
453 1614 685 1677 possunt
710 1625 725 1661 :
755 1604 955 1662 Christi
978 1607 1122 1662 enim
1160 1608 1326 1661 bottas
1378 1608 1507 1661 odor
1555 1623 1736 1660 santus

152 1697 269 1752 Deo
305 1698 361 1752 in
396 1698 543 1752 omni
597 1696 713 1751 loco
742 1695 830 1768 (Η
860 1695 989 1751 Cor.
1040 1713 1100 1764 ιι,
1127 1698 1236 1768 15).
1268 1697 1569 1770 (lyprrssns
1607 1700 1737 1753 item

1842 520 2016 559 vocem
2038 504 2153 574 ejus
2195 503 2372 568 audis,
2401 514 2450 558 et
2482 502 2650 558 nescis
2681 503 2818 557 unde
2855 504 3048 568 veniat,
3081 514 3172 557 aut
3203 521 3304 574 quo
3331 522 3421 558 ra-

1839 598 1979 651 dat?
2007 595 2129 666 (Iob
2172 612 2254 661 ιιι,
2295 594 2376 666 8.)
2404 594 2484 650 En
2539 595 2680 650 forte
2710 595 2920 664 appetis
2949 604 3002 649 ct
3034 596 3151 665 ipse
3174 605 3420 651 contem-

1841 688 2101 758 plationis
2124 687 2387 757 quietem,
2418 695 2473 741 ct
2505 686 2645 740 bene
2693 685 2850 752 lacis,
2896 696 3110 742 tantum
3163 703 3231 741 ne
3275 687 3418 741 ohli-

1841 780 2074 835 viscaris
2105 779 2286 843 flores,
2312 779 2515 848 quibus
2543 780 2799 833 lectulum
2831 794 3047 850 sponsae
3080 778 3216 848 legis
3242 795 3423 850 asper-

1841 888 1986 927 sum.
2020 871 2160 941 Ergo
2195 885 2326 925 cura
2363 882 2417 926 et
2466 880 2519 925 tu
2572 881 2723 927 tuum
2781 871 3124 948 circumdare
3170 870 3420 927 similiter

1842 965 2112 1020 bonorum
2145 964 2372 1019 floribus
2427 979 2680 1034 operum,
2708 964 2973 1018 virtutum
2998 963 3263 1019 exercitio
3298 971 3421 1018 tan-

1840 1070 2008 1125 quam
2038 1053 2170 1109 llore
2192 1053 2429 1110 fructum
2455 1064 2705 1109 sanctum
2731 1054 2903 1108 otium
2926 1053 3245 1123 praevenire.
3273 1051 3421 1105 Alio-

1841 1148 1976 1217 quin
2025 1147 2259 1201 delicato
2307 1146 2442 1202 satis
2494 1147 2605 1201 ctio
2655 1146 2954 1200 dormitare
2990 1144 3162 1206 voles,
3215 1143 3263 1198 si
3308 1157 3420 1196 non

1842 1241 2173 1296 exercitatus
2224 1240 2506 1310 quiescere
2549 1247 2796 1308 appi-tas,
2825 1247 2880 1293 et
2925 1237 3036 1292 Liae
3087 1234 3420 1291 fecunditate

1839 1335 2086 1404 neglecta
2140 1334 2272 1389 solis
2326 1333 2516 1403 cupias
2573 1331 2830 1388 Rachelis
2885 1332 3230 1401 amplexibus
3266 1330 3416 1383 oble-

1840 1426 1999 1482 ctari.
2033 1424 2137 1481 Sed
2174 1433 2230 1482 et
2280 1434 2645 1495 praeposterus
2683 1425 2819 1480 ordo
2846 1432 2932 1478 est
2977 1432 3104 1478 ante
3159 1422 3418 1476 meritum

1839 1519 2129 1589 praemium
2157 1518 2396 1589 exigere,
2421 1526 2477 1573 et
2505 1526 2630 1573 ante
2658 1518 2901 1572 laborem
2944 1532 3163 1571 sumere
3211 1515 3416 1577 cilium,

1841 1626 1970 1665 eum
1998 1610 2294 1680 Apostolus
2334 1610 2522 1665 dicat:
2559 1608 2663 1673 Qui
2705 1626 2808 1662 non
2863 1605 2971 1661 vult
3017 1606 3279 1672 laborare,
3326 1622 3419 1659 nec

1842 1704 2122 1758 manducet
2148 1702 2233 1773 (ΙΙ
2262 1701 2442 1756 Thess.
2479 1718 2562 1767 ιιι,
2590 1701 2700 1767 10).
2727 1701 2769 1753 Α
2795 1700 3065 1754 mandatis
3110 1699 3215 1754 tuis
3263 1697 3420 1752 inlel-

151 1788 288 1843 boni
322 1803 478 1859 :eque
502 1788 721 1861 odoris,
742 1798 795 1844 et
850 1788 1188 1858 imputribile
1220 1790 1474 1845 similiter
1531 1791 1737 1860 lignum
1777 1776 1968 1860 31er
2005 1796 2203 1866 inquit,
2237 1805 2295 1851 ut
2330 1794 2495 1859 sciaS,
2529 1794 2635 1849 nisi
2661 1792 2988 1847 obedientie
3029 1791 3418 1846 mandatorum
3463 1860 3468 1865 Π

154 1879 495 1950 incorruptae
518 1879 641 1935 vitae
667 1890 722 1935 et
750 1881 874 1935 iidei
910 1882 1075 1936 etiam
1107 1882 1358 1950 quemvis
1383 1882 1449 1937 de
1472 1882 1618 1937 clero
1644 1884 1737 1937 de-

154 1972 289 2026 bere
312 1987 436 2027 esse
466 1970 830 2038 demonstrat,
858 1983 917 2028 ut
969 1975 1166 2030 merito
1213 1975 1394 2030 decori
1436 1976 1655 2042 domus,
1686 1987 1741 2032 et

157 2064 505 2134 laquearium
531 2065 758 2120 ornatui
794 2067 1106 2137 deputetur.
1143 2066 1421 2138 Scriptum
1443 2078 1527 2125 est
1547 2070 1691 2125 enim
1723 2089 1736 2124 ε
1764 2086 1771 2093 ·

155 2154 392 2210 Domum
417 2168 566 2211 tuam
594 2158 739 2211 decet
782 2160 1113 2224 sanctitudo,
1144 2159 1387 2228 Domine,
1419 2162 1470 2215 in
1506 2161 1742 2233 lonqitu-

154 2249 335 2304 dinem
361 2250 569 2305 dierum
600 2249 773 2321 (Psal.
800 2267 930 2319 xcii,
953 2253 1030 2320 5).
1067 2251 1170 2307 Ubi
1197 2269 1328 2310 sane
1357 2262 1411 2309 et
1440 2255 1740 2310 sanctimo-

157 2341 268 2396 niae
302 2342 490 2409 decus,
523 2352 579 2398 et
607 2342 967 2400 indeficientis
999 2345 1187 2415 gratiae
1206 2361 1468 2415 expressa
1498 2362 1743 2417 perseve-

156 2433 340 2488 rantia
363 2443 466 2490 est.
493 2433 722 2505 Oportet
751 2451 883 2505 ergo
927 2437 1128 2503 virum,
1157 2438 1251 2509 qni
1276 2439 1343 2493 ad
1387 2449 1641 2495 ornatum
1685 2449 1741 2496 et

156 2525 415 2582 decorem
445 2527 743 2584 assumitur
773 2528 991 2595 domus,
1024 2529 1185 2585 bonis
1210 2540 1463 2586 ornatum
1496 2532 1740 2589 moribus

157 2609 308 2685 esse,
332 2627 390 2673 et
414 2620 667 2688 quamvis
706 2636 923 2692 semper
967 2621 1040 2676 sit
1098 2621 1267 2687 intuS‚
1299 2623 1500 2677 bonum
1557 2633 1742 2679 tamen

159 2708 541 2765 testimonium
571 2711 793 2777 habere,
823 2723 876 2768 et
898 2713 968 2767 ab
1006 2713 1091 2769 his
1122 2715 1215 2785 qni
1257 2713 1392 2770 soris
1422 2725 1571 2772 sunt.
1601 2715 1743 2772 Sunt

157 2810 217 2856 et
238 2801 345 2856 alia
370 2802 421 2856 in
450 2812 642 2859 natura
687 2804 961 2875 lignorum
1023 2804 1222 2861 horum
1263 2809 1625 2876 competentia
1653 2808 1742 2865 his

156 2910 285 2964 quae
313 2895 672 2965 spiritualiter
709 2897 1089 2965 disseruntur,
1106 2899 1200 2955 sed
1253 2898 1535 2957 brevitatis
1572 2916 1744 2958 causa

158 2997 452 3059 praetereo.

1842 1887 2321 1957 contemplationis
2376 1897 2598 1957 gustum
2652 1885 2870 1953 penitus
2917 1900 3027 1937 non
3056 1882 3263 1937 deberi.
3298 1879 3418 1935 Non

1842 1983 2008 2053 igitur
2032 1992 2187 2051 putes
2215 1980 2282 2034 de
2311 1980 2545 2049 propriae
2588 1994 2778 2032 aniore
2821 1976 3022 2046 quietis
3066 1983 3269 2030 sanctie
3291 1974 3422 2028 ohe·-

1841 2073 2060 2129 dientiae
2087 2072 2323 2136 actibus,
2353 2071 2700 2126 seniorumve
2730 2068 3010 2123 traditioni
3042 2064 3420 2136 praeiudicium

1846 2169 2117 2222 ullatenus
2160 2165 2488 2219 facit-ndum.
2522 2163 2779 2234 Alioquin
2824 2177 2928 2215 non
2959 2160 3195 2215 dormiet
3241 2168 3418 2214 tecum

1845 2260 2094 2329 Sponsus
2122 2258 2174 2312 in
2206 2258 2342 2312 lecto
2369 2272 2499 2322 uno,
2531 2256 2623 2310 illo
2655 2256 2983 2326 praesertim,
3008 2269 3169 2323 quem
3195 2252 3292 2307 tibi
3321 2267 3419 2322 pro

1842 2352 2171 2408 obedientiae
2197 2350 2424 2404 floribus
2470 2349 2668 2403 cicutis
2693 2356 2857 2417 atque
2884 2347 3075 2401 urticis
3097 2345 3418 2400 inobedien-

1842 2444 1931 2498 tiae
1952 2444 2258 2514 aspersisti.
2288 2443 2515 2514 Propter
2541 2441 2687 2513 quod
2725 2458 2832 2497 non
2865 2440 3119 2495 exaudiet
3144 2437 3421 2493 orationes

1843 2544 1968 2591 tuas
1999 2545 2332 2606 vocatusque
2368 2550 2476 2590 non
2505 2535 2714 2600 veniet;
2746 2549 2845 2588 nec
2869 2532 3014 2586 enim
3048 2530 3201 2586 dabit
3229 2529 3420 2584 inobe-

1842 2627 2012 2683 dienti
2038 2629 2249 2698 copiam
2275 2629 2359 2684 sui
2384 2637 2569 2683 tantus
2583 2625 2903 2681 ohedientia:
2924 2632 3155 2690 amator,
3174 2632 3234 2678 ut
3255 2620 3417 2688 mori,

1840 2737 2009 2791 quam
2040 2738 2147 2776 non
2197 2721 2418 2776 obedire
2450 2720 2721 2776 maluerit.
2777 2718 2881 2773 Sed
2927 2733 3103 2787 neque
3153 2715 3422 2786 approbat

1842 2823 1952 2870 tua:
2003 2814 2484 2885 contemplationis
2540 2813 2702 2868 inane
2747 2812 2950 2877 otium,
3007 2809 3100 2880 qui
3147 2808 3281 2863 dicit
3325 2823 3421 2878 per

1841 2908 2166 2979 prophetam
2200 2927 2213 2961 :
2242 2905 2501 2961 Laboravi
2520 2906 2806 2971 sustinens,
2833 2902 3150 2975 significans
3182 2910 3419 2970 tempus,

1841 3017 1953 3072 qno
1988 3000 2146 3056 exsul
2176 3001 2317 3055 coelo
2340 3008 2393 3054 et
2423 2999 2599 3068 patria
2640 3012 2871 3074 summae
2911 2995 3110 3066 quietis
3159 3001 3410 3063 operatus

230 3077 542 3138 Notandum
572 3098 704 3139 vere
729 3084 957 3155 pulchre
991 3102 1207 3141 omnem
1241 3085 1497 3143 Ecclesiae
1532 3098 1735 3143 statum
1772 3119 1817 3178 c
1847 3105 1923 3151 est
1956 3096 2010 3149 in
2031 3095 2200 3148 medio
2224 3104 2379 3148 terra»
2409 3091 2546 3161 (isa.
2573 3108 2613 3158 ι,
2648 3090 2759 3162 tt).
2806 3088 2977 3161 Magis
3021 3096 3204 3143 autem
3232 3100 3423 3141 vereor

155 3175 314 3231 brevi
351 3191 464 3231 uno
515 3177 788 3235 versiculo
814 3182 1299 3250 comprehensum,
1358 3186 1739 3239 auctoritatem

153 3265 374 3321 scilicet
394 3267 764 3337 praelatorum,
788 3270 919 3325 cleri
948 3271 1139 3338 decus,
1163 3273 1348 3341 populi
1373 3273 1742 3343 disciplinam,

156 3357 584 3426 monachorum,
612 3359 727 3415 sive
748 3361 1140 3417 canonicorum
1173 3364 1431 3433 quietem.
1458 3363 1515 3418 ln
1544 3365 1741 3420 horum

156 3464 413 3521 prorsus,
449 3469 569 3505 t'lltll
605 3465 749 3505 terte:
785 3465 913 3505 :illiti
949 3457 1154 3517 ιρηιιιιιῑι,
1186 3465 1370 3506 &llll-ln
1434 3457 1597 3511 Mater
1640 3455 1741 3512 Ee-

157 3541 329 3597 clesitl
377 3545 825 3597 ronahluratiunm
885 3545 1198 3605 imminui-l
1250 3557 1374 3601 Uilli?
1434 3567 1490 3597 ι-ῑι
1523 3562 1743 3617 quoque

155 3634 321 3692 offert
357 3637 613 3689 intuenda
645 3637 861 3701 tillut-ln,
897 3657 1018 3693 niatu
1058 3641 1118 3693 ει·Ι
1158 3641 1274 3709 rjus
1338 3653 1593 3705 luminam
1624 3655 1744 3695 om-

157 3724 317 3781 nium
353 3725 697 3781 aiii-inritatis
737 3729 897 3781 ridi-rt
930 3731 1106 3781 tltllllin
1142 3733 1454 3789 lundein-w.
1486 3729 1615 3784 nihil
1640 3730 1743 3785 sibi

156 3833 230 3874 ex
260 3821 517 3872 omniun.-
545 3821 813 3873 {rilint-1122,
865 3821 994 3873 Ϊὶιιιιι
1030 3825 1174 3889 quud
1206 3825 1278 3877 :iil
1326 3833 1520 3882 ιιυιιιϊ,
1554 3833 1606 3878 et
1654 3841 1744 3878 no-

156 3919 397 3964 strar-ms:
429 3930 533 3966 null
569 3918 942 3982 tlstti·]l:ili÷=lii.=÷
978 3918 1194 3980 ι-ιίςξιιῑιιιι
1238 3930 1338 3982 ινιτ,
1378 3918 1466 3966 sud
1494 3916 1742 3972 dilectio-

158 4003 272 4070 nis,
307 4006 453 4074 ιμιιιιῈ
485 4010 665 4062 initui-:¹13
725 4010 974 4062 videlieet·
1030 4010 1222 4062 liderla
1266 4010 1574 4065 ,nti-,snmus
1606 4009 1743 4064 nih'll

156 4095 305 4165 ejus,
333 4114 490 4166 *Γινιιι
521 4102 673 4154 'fallit‘
705 4102 893 4170 diligit,
926 4118 954 4154 It
990 4118 1042 4150 ι-ῖιτ
1074 4102 1300 4154 :valituri
1346 4106 1600 4158 :ultr-tillut.
1632 4101 1743 4160 Nec

157 4188 308 4243 enlm
341 4194 529 4258 apellat
561 4210 617 4246 fit:-
653 4194 1038 4254 rituneliet-nin,
1070 4206 1154 4246 :inl
1198 4198 1394 4262 quil-[1³
1446 4198 1561 4262 rjus
1589 4205 1744 4266 putat

158 4282 453 4335 arcendum
485 4286 781 4342 t‘silffilrl'iiu,
817 4302 938 4354 ιμιιιὲ
966 4302 1186 4354 semper·
1222 4306 1326 4338 ιιιιιι
1358 4306 1478 4354 qim*
1506 4303 1621 4353 sua,
1647 4289 1742 4344 sed

157 4390 286 4445 quae
311 4374 456 4430 illius
470 4384 618 4444 sunt,
636 4390 883 4446 quaerere
903 4379 1209 4434 consucvit.
1231 4378 1297 4434 Et
1321 4380 1435 4435 lnec
1449 4387 1533 4435 est
1551 4396 1739 4446 causa,

1844 3203 1914 3242 ne
1939 3195 1991 3241 te
2019 3201 2240 3256 quoque
2267 3184 2510 3240 involvat
2543 3183 2635 3238 illa
2661 3182 2930 3238 sententia
2967 3178 3323 3236 formidolosa
3346 3179 3423 3233 ita

1844 3278 2103 3332 intonans
2148 3276 2201 3330 in
2232 3276 2517 3347 perfidiam
2561 3273 2873 3329 Jndaeorum
2907 3291 2920 3325 ε
2955 3269 3274 3325 Neomenias
3335 3283 3421 3320 ve-

1840 3378 2007 3434 stras,
2044 3375 2093 3420 et
2127 3364 2444 3432 Sabbatum,
2480 3373 2530 3418 et
2574 3364 2886 3434 [estivitates
2927 3360 3066 3415 alias
3113 3376 3215 3412 non
3253 3360 3421 3428 [eram

1843 3448 1992 3530 (Ose.
2022 3475 2083 3527 ιι,
2115 3458 2222 3527 ¹1).
2256 3457 2389 3512 item
2421 3476 2433 3511 :
2466 3455 2742 3510 Kalendas
2785 3463 2984 3509 vestras
3027 3461 3077 3506 et
3106 3450 3419 3506 solemnita-

1843 3562 1921 3606 tes
1946 3561 2146 3606 vestras
2179 3550 2287 3605 odit
2319 3551 2502 3605 antima
2532 3566 2669 3616 mea,
2704 3548 2850 3618 sacta
2874 3557 2997 3601 sunt
3028 3546 3157 3600 mihi
3197 3544 3420 3599 uiolenta

1845 3643 1984 3713 (Isa.
2016 3659 2058 3710 ι,
2085 3643 2201 3712 14),
2225 3652 2278 3698 et
2303 3641 2696 3713 lugebitsuper
2736 3649 2787 3696 te
2820 3639 3107 3710 propheta,
3129 3648 3184 3694 et
3231 3638 3417 3693 dicet:

1854 3733 2110 3788 Viderunt
2154 3749 2270 3786 eam
2316 3732 2511 3798 hostes,
2565 3740 2615 3785 et
2660 3729 2957 3784 deriserunt
3009 3726 3247 3783 Sabbata
3299 3726 3415 3795 ejus

1844 3826 2059 3896 (Taren.
2088 3842 2125 3890 ι,
2154 3825 2228 3894 7).
2254 3822 2366 3879 Cur
2386 3823 2556 3888 enim,
2587 3822 2734 3894 quod
2761 3821 2991 3876 dilectus
3012 3819 3280 3890 repudiat,
3307 3832 3420 3872 non

1845 3917 2068 3972 irrideat
2091 3916 2347 3972 inimicus
2363 3916 2387 3969 ἱ)

1915 4008 2085 4063 Miror
2116 4008 2272 4063 valde
2310 4005 2706 4077 impudentiam
2744 4000 3084 4074 aliquorum,
3129 4003 3225 4074 qui
3271 4004 3416 4061 inter

1844 4119 1945 4158 nos
1972 4110 2122 4168 sunt,
2153 4100 2247 4172 qui
2273 4115 2397 4156 cum
2427 4113 2619 4154 omnes
2654 4113 2755 4153 nos
2775 4113 2875 4153 sua
2897 4095 3278 4167 singularitate
3300 4104 3417 4151 tur-

1843 4193 2113 4259 baverint,
2158 4206 2260 4247 sua
2307 4189 2648 4261 impatientia
2694 4186 3050 4255 irritaverint,
3087 4202 3186 4242 sua
3222 4187 3417 4242 inobe-

1843 4285 2050 4341 dientia
2080 4283 2577 4355 coinquinaverint,
2601 4281 2803 4337 audent
2824 4279 3184 4336 nihilominus
3213 4281 3280 4336 ad
3303 4289 3416 4335 tam

1848 4378 2054 4435 loedutn
2078 4376 2429 4434 conscientiae
2459 4390 2573 4431 suae
2608 4372 2867 4429 lectulum
2912 4373 3062 4428 omni
3100 4373 3417 4428 orationum

160 4482 267 4521 eur
296 4466 398 4522 sihi
431 4477 486 4523 et
508 4483 715 4538 sponso
752 4468 921 4523 simul
952 4469 1069 4526 sive
1094 4469 1379 4536 lectulum,
1406 4470 1520 4526 sive
1548 4470 1740 4527 domos
1772 4470 1817 4528 l)
1845 4471 2108 4528 instantia
2159 4457 2329 4526 totius
2382 4464 2637 4539 puritatis
2689 4464 2984 4520 Dominum
3045 4465 3296 4519 invitare.
3349 4464 3419 4519 At

157 4577 298 4616 ausa
326 4562 397 4616 sit
418 4563 774 4632 pronuntiare
801 4578 1143 4619 communes.
1169 4562 1317 4618 Dixit
1334 4565 1482 4620 enim
1509 4584 1524 4620 ε
1547 4563 1737 4619 Lectu-

158 4651 249 4704 lus
303 4661 499 4719 noster,
546 4661 600 4708 et
660 4655 809 4725 liqna
846 4661 1125 4709 domorum
1181 4664 1508 4722 nostrarum,
1558 4664 1613 4710 ct
1656 4654 1739 4708 la-

157 4743 385 4796 onearia
413 4751 619 4810 nostra,
647 4744 907 4800 audacter
937 4759 998 4800 se
1040 4745 1531 4814 comprehensione
1578 4760 1737 4802 asso·-

159 4834 338 4902 sianS,
361 4835 449 4890 cui
475 4835 667 4905 ,iuncta
694 4851 804 4892 non
827 4836 1041 4893 dubitat
1061 4837 1115 4892 in
1140 4851 1349 4892 amore.
1374 4834 1496 4893 Non
1523 4837 1605 4893 ita
1625 4837 1738 4904 illa,

156 4942 286 4996 quai
314 4926 551 4998 propriae
593 4927 859 4983 voluntati
909 4927 1154 4983 nondum
1184 4928 1606 4997 abrenuntiavit,
1644 4931 1740 4986 sed

156 5036 261 5092 per
288 5036 347 5076 se
369 5021 540 5091 jacet,
566 5037 665 5091 per
694 5037 755 5078 se
799 5022 1034 5090 habitat,
1063 5022 1242 5094 magis
1280 5031 1461 5078 autem
1505 5039 1614 5078 non
1645 5039 1739 5093 per

156 5129 243 5179 se,
268 5112 363 5170 sed
394 5129 521 5171 cum
571 5114 955 5172 meretricibus
1003 5114 1289 5171 luxuriose
1316 5115 1549 5172 vivendo
1608 5132 1742 5172 con-

156 5214 437 5274 versatur,
460 5207 938 5279 concupiscentias
980 5207 1179 5279 loquor
1201 5208 1414 5275 carnis,
1468 5224 1594 5264 cum
1618 5208 1743 5278 qui-

159 5299 269 5354 bus
296 5299 530 5373 dissipat
557 5300 704 5356 bona
751 5314 877 5361 sua,
926 5309 984 5355 et
1031 5301 1341 5372 portionem
1393 5300 1741 5367 substantiae,

159 5406 330 5462 quam
357 5391 462 5449 sibi
499 5391 671 5448 dividi
694 5392 1012 5463 postulavit.

233 5485 504 5544 Caeterum
528 5496 608 5554 tu,
636 5485 732 5557 qui
762 5485 864 5541 has
892 5485 1132 5556 Spiritus
1159 5487 1336 5543 sancti
1365 5501 1528 5543 voces
1559 5485 1739 5554 audis,

159 5578 245 5633 vel
278 5578 436 5651 legiS,
460 5588 696 5649 putasne
717 5578 900 5650 aliqua
927 5580 1149 5646 butum,
1179 5594 1304 5649 quae
1330 5579 1612 5646 dicuntur,
1648 5595 1745 5634 va·-

163 5671 280 5728 leas
300 5671 398 5730 tibi
431 5674 728 5744 applicare,
755 5681 809 5729 et
834 5672 900 5728 de
935 5670 1196 5727 felicitate
1228 5686 1466 5743 sponsat,
1495 5687 1619 5743 quae
1642 5673 1745 5728 hoc

164 5766 375 5824 amoris
399 5766 642 5824 carmine
671 5769 741 5824 ab
769 5769 887 5838 ipso
920 5765 1132 5838 Spiritu
1156 5766 1394 5833 canitur,
1425 5766 1630 5836 aliquid
1662 5783 1746 5821 re-

1843 4581 1964 4618 cum
1986 4562 2347 4623 extenderitis,
2378 4559 2475 4625 ait,
2512 4572 2701 4611 manas
2727 4564 2947 4620 vestras.
2975 4564 3210 4611 avertam
3239 4555 3418 4609 oculos

1841 4673 2006 4721 nteos,
2023 4665 2071 4709 et
2095 4670 2213 4708 cum
2238 4635 2719 4721 multiplicaveritis
2760 4650 3074 4716 orationem,
3105 4664 3208 4703 non
3252 4662 3421 4701 exau-

1843 4750 1990 4803 diam
2022 4745 2160 4817 (Isa.
2193 4761 2233 4812 ι,
2260 4744 2371 4812 15).
2398 4742 2540 4809 Quid
2571 4742 2756 4798 enim?
2784 4741 3041 4796 Lectulus
3073 4755 3179 4794 non
3210 4747 3296 4794 est
3320 4737 3420 4791 sso—

1844 4842 2020 4906 ridus,
2050 4837 2224 4909 magis
2244 4846 2300 4892 et
2330 4835 2554 4906 putidus
2582 4845 2685 4902 est,
2715 4844 2771 4890 et
2797 4845 2852 4890 tu
2897 4835 3026 4890 illuc
3064 4833 3266 4903 Regem
3300 4832 3419 4902 glo·

1843 4930 2270 4990 riae-trahinac
2296 4928 2640 4998 pausandum
2676 4929 2781 4983 hoc
2805 4927 2960 4990 facis,
2991 4943 3060 4982 an
3091 4925 3159 4981 ad
3184 4939 3417 4980 causan-

1841 5026 2007 5081 dum?
2031 5022 2291 5079 Centurio
2312 5029 2457 5076 vetat
2480 5020 2630 5075 illum
2663 5020 2869 5075 intrare
2893 5020 2997 5075 sul)
3025 5027 3226 5074 tectum
3255 5031 3414 5071 sunm

1791 5113 1810 5128 ⁸
1843 5126 2064 5190 propter
2086 5131 2242 5172 suam
2272 5113 2672 5185 indignitatem,
2700 5113 2859 5183 cujus
2890 5118 3069 5166 tamen
3095 5107 3230 5164 tides
3257 5104 3389 5162 redo
3408 5134 3420 5145 ·

1844 5212 1918 5268 let
1960 5212 2014 5266 in
2067 5209 2324 5265 universo
2366 5206 2566 5262 lsraele
2610 5204 2766 5276 (Lac.
2817 5220 2913 5272 vn,
2963 5202 3022 5260 6)
3050 5220 3065 5255 z
3095 5210 3152 5257 et
3181 5211 3236 5255 tu
3273 5200 3342 5255 ad
3364 5207 3417 5255 te

1844 5302 2128 5375 compellis
2155 5301 2363 5356 intrare
2391 5309 2672 5355 tantorum
2701 5297 2931 5353 sordens
2966 5294 3231 5365 spurcitia
3253 5292 3415 5347 vitio-

1846 5395 2008 5452 rum?
2034 5394 2248 5451 Clamat
2264 5392 2527 5463 Princeps
2542 5392 2914 5462 apostolorum
2948 5407 2963 5443 :
2998 5387 3106 5443 Exi
3126 5405 3158 5442 a
3182 5403 3281 5453 me,
3305 5385 3417 5439 Do·

1845 5491 2006 5555 mine,
2042 5489 2167 5560 qaia
2187 5489 2338 5542 homo
2365 5496 2607 5558 peccator
2632 5500 2749 5539 sam
2777 5478 2928 5554 (Luc.
2955 5499 3008 5550 v,
3038 5481 3094 5553 8)
3127 5501 3141 5536 ε
3164 5492 3219 5536 et
3247 5489 3303 5536 tu
3329 5480 3417 5536 di-

1846 5582 1928 5637 cis
1954 5599 1968 5636 ε
1997 5578 2164 5645 intra,
2190 5578 2444 5645 Domine,
2474 5579 2540 5634 ad
2569 5591 2678 5641 me,
2710 5575 2972 5645 quoniam
3005 5582 3232 5630 sanetus
3255 5571 3417 5629 sum?

1852 5671 2064 5735 Omnes,
2089 5670 2285 5740 inquit,
2318 5670 2589 5723 unanimes
2612 5667 2665 5721 in
2690 5667 2928 5721 oratione
2952 5674 3134 5744 euple,
3165 5662 3416 5734 [racemi-

1853 5775 2012 5821 tatem
2049 5763 2256 5835 ditique
2287 5760 2339 5831 (Ι
2386 5759 2530 5817 Peer.
2557 5776 2618 5830 ιι,
2665 5759 2774 5831 17).
2830 5758 2892 5814 m
2940 5757 3046 5814 Vas
3089 5757 3413 5814 electionis:
