3817 6000
207 212 277 272 1699
685 210 839 270 teudoni
857 208 1052 269 PRAEPOSlTl
1072 209 1345 270 nstcttbtrsettttc.
1773 214 1845 269 lm

198 332 319 389 'domum
336 325 413 393 Saul,
424 325 508 382 etiarn
532 324 616 380 Saule
628 334 752 392 mortuo,
768 325 809 383 sic
827 325 877 381 tilii
893 324 998 390 Saulis,
1013 333 1037 389 Α
1050 324 1155 381 sionern
1171 325 1222 391 tni,
1248 324 1304 382 liet
1319 325 1487 393 iudeorum,
1512 325 1632 384 exsultet
1640 325 1700 398 jam
1718 328 1846 399 angelica

208 423 257 480 lilii
266 421 363 478 mortis
372 418 609 490 prolongaverunt
617 418 689 474 hanc
699 417 873 489 iniquitatem
888 418 952 484 sibi,
966 425 999 473 ut
1047 418 1129 475 turba
1141 419 1285 486 coelorum,
1300 418 1437 476 exsultent
1449 418 1542 475 divina
1564 418 1707 492 mysteria,
1722 428 1754 473 tu
1766 420 1846 473 exat-

207 513 383 586 velintjustis
397 511 499 582 injuste
512 511 662 567 dominari.
673 510 822 583 Propterea
836 510 900 567 liliis
915 510 999 582 pesti·
1049 522 1107 569 tore
1118 513 1296 585 supercelos,
1312 512 1339 568 id
1349 512 1588 584 estsupersoliam
1599 510 1736 568 excelsam
1746 523 1774 567 et
1792 512 1847 565 etc·

207 608 327 665 lentibus
339 605 510 665 incathedra
531 603 696 676 pestilentiae
705 604 876 671 sedentibus,
884 614 912 660 et
925 603 998 660 mul·
1048 611 1150 671 uotam,
1170 603 1294 661 videlieet
1307 619 1390 676 super
1408 603 1520 676 angelos
1533 612 1560 661 et
1583 604 1711 661 homines
1729 603 1845 669 οιοαοι,

207 709 250 757 tas
262 700 407 758 cathedras
415 698 443 754 in
454 697 576 755 Ecclesia
587 696 755 767 tenentibus,
767 697 834 768 justi
848 695 884 752 ab
894 695 999 752 eisdem
1051 704 1083 751 ιιι
1092 695 1158 751 dum
1173 695 1303 753 laudabili
1315 706 1343 753 et
1354 697 1425 753 miro
1441 696 1537 752 ordine
1548 696 1707 769 angelorum
1720 694 1846 751 ministe-

207 794 334 866 oppressi
344 803 440 850 errant
450 793 479 848 in
495 792 638 848 montibus
654 799 682 847 et
700 791 841 863 speluncis
865 798 894 846 et
908 790 936 845 in
951 805 1000 847 ea·
1049 788 1090 843 ria
1102 787 1302 861 bominumque
1323 789 1477 861 dispensas,
1492 789 1541 845 tibi
1552 799 1608 845 tam
1623 789 1650 844 in
1666 788 1751 845 terris
1762 804 1846 859 quam

207 886 302 942 uernis
315 899 404 953 terrae,
425 884 503 957 gerbi
519 884 616 957 gratia,
630 884 674 940 rel
691 883 718 940 in
740 884 819 940 siluis
831 893 860 941 et
873 881 1000 940 solitudi·
1050 877 1077 934 in
1091 879 1170 936 coelis
1192 880 1317 953 regnanti
1330 896 1412 938 omne
1430 897 1501 954 genu
1529 881 1655 937 flectatur
1677 881 1845 948 eoelestium

209 978 291 1033 nibus
306 977 450 1044 latitando,
464 977 507 1034 rel
518 976 695 1049 pauperrima
717 975 845 1033 coenobia
860 973 1000 1047 speluncis
1049 973 1223 1029 terrestrium
1237 981 1265 1030 et
1287 973 1469 1040 infernorum,
1485 983 1513 1031 et
1531 975 1623 1031 omnis
1642 975 1738 1048 lingua
1761 976 1848 1034 corb

208 1071 366 1126 consimilia
379 1070 569 1137 inhabitando,
580 1079 702 1141 egentes,
716 1068 878 1140 angustiati,
893 1066 997 1134 afflicti,
1051 1071 1141 1119 teator
1162 1066 1230 1136 quia
1250 1073 1290 1133 tu,
1312 1066 1503 1124 Domineiesu
1523 1067 1642 1130 Christe.
1664 1068 1698 1125 de
1714 1069 1847 1140 spelunea

208 1163 310 1235 quibus
324 1161 425 1234 dignus
442 1178 496 1218 non
509 1170 569 1218 erat
579 1159 699 1217 mundus
709 1160 737 1217 in
748 1161 869 1233 maligno
882 1160 997 1232 positus,
1050 1172 1178 1229 egressus
1195 1165 1223 1214 et
1247 1161 1576 1230 supercoelosexaltatus
1606 1161 1782 1234 ingloriaea
1798 1160 1846 1218 Dei

209 1264 240 1310 ut
253 1255 278 1310 ei
303 1253 482 1325 praesiderent
508 1253 596 1311 sancti
613 1252 641 1308 in
664 1253 796 1324 regimine
817 1254 943 1310 saeculari
959 1255 1000 1310 rel
1051 1248 1141 1306 Patris
1155 1266 1210 1307 non
1226 1251 1327 1308 minori
1350 1255 1471 1324 potentia
1494 1253 1640 1326 perllciens
1653 1270 1727 1327 opus
1746 1255 1847 1312 inseri·

209 1348 336 1422 spir-itali,
350 1348 397 1405 sed
413 1348 507 1420 potios
519 1348 619 1419 dignus
635 1356 704 1415 erat,
722 1355 765 1403 est
781 1356 808 1402 et
824 1347 869 1403 hic
880 1347 1000 1404 mundos
1050 1343 1152 1413 litionis
1164 1342 1248 1409 dtuli,
1265 1360 1320 1416 qno
1335 1345 1462 1402 Salvator
1473 1363 1536 1405 esse
1547 1349 1749 1420 comprobaris,
1763 1367 1847 1421 cuam

209 1443 364 1499 rectoribus
379 1439 482 1498 Herodi
501 1451 528 1498 et
539 1440 628 1497 Pilato
652 1450 735 1512 atque
759 1439 872 1512 Caiphae
901 1442 1000 1498 sirnili-
1050 1433 1131 1490 Pater
1150 1444 1213 1492 tuns
1237 1435 1351 1507 perfecit
1368 1454 1440 1510 opus
1471 1441 1629 1511 creationis,
1651 1443 1700 1515 qrri
1720 1446 1847 1501 omniur

209 1535 272 1593 bus.
288 1534 459 1606 Quandoque
474 1544 564 1590 tamen
579 1550 613 1591 ex
625 1545 683 1590 toto
698 1533 829 1605 iniquitas
839 1534 897 1591 haec
907 1544 1001 1592 trans-
1051 1543 1145 1584 rerum
1157 1538 1266 1586 creator
1276 1545 1338 1587 esse
1352 1546 1407 1587 non
1418 1531 1570 1591 dubitatur.

209 1628 281 1683 itura
297 1642 352 1683 non
364 1627 517 1694 dubitator,
533 1635 564 1682 ut
577 1625 704 1682 videlieet
717 1626 834 1683 retrusis
848 1626 877 1682 in
891 1627 1001 1697 spelun·
1088 1620 1176 1677 Aliter
1190 1640 1198 1677 ι
1212 1621 1342 1678 Exultcre
1353 1625 1528 1695 supsrcoeios,
1542 1627 1570 1683 id
1590 1635 1634 1684 est
1652 1644 1739 1700 super
1759 1630 1848 1686 honl-

209 1734 258 1776 cas
271 1719 370 1775 debitae
382 1718 496 1775 ultionis
508 1718 637 1774 omnibus
650 1717 754 1789 iniquis
768 1733 884 1789 regnum
899 1727 927 1775 et
938 1734 1000 1775 om·
1015 1712 1037 1769 B
1051 1726 1101 1768 nes
1118 1712 1161 1768 uel
1175 1712 1335 1772 innocentes
1361 1717 1404 1772 rel
1426 1719 1600 1789 penitebit&
1615 1721 1651 1775 id
1669 1723 1788 1778 eoeloete
1807 1740 1848 1778 κ’

210 1812 255 1869 nis
268 1812 358 1867 bonor
369 1813 398 1867 in
408 1827 492 1867 manu
514 1811 551 1867 sit
564 1809 669 1866 Christi
683 1811 742 1866 reri
757 1809 842 1867 David
853 1822 882 1868 et
895 1812 1001 1868 amico-
1051 1819 1134 1876 dnum
1147 1806 1364 1877 llmdoelissaldsr
1376 1817 1406 1866 el
1416 1820 1529 1882 propter
1541 1812 1747 1871 confessionem
1758 1816 1849 1872 laudis

209 1922 272 1963 rum
283 1906 355 1978 ejus.
368 1906 458 1978 Atque
481 1905 543 1960 ideo
556 1913 649 1961 certus
671 1918 723 1976 ego
740 1903 826 1961 Dauid
840 1905 902 1962 siue
915 1906 1000 1962 dnbio
1051 1904 1105 1950 ¹1¹ae
1119 1896 1160 1952 le!
1182 1909 1360 1967 peccatorum
1375 1914 1490 1956 ⁸¹¹⁰rll⁰1
1509 1901 1570 1969 tibi,
1582 1901 1705 1974 Christe,
1719 1904 1848 1977 Resilu-

209 1999 388 2055 transituram
417 1997 591 2067 iniquitatem
618 1997 719 2061 istam,
746 1996 836 2054 donec
867 2006 999 2062 transeat,
1050 1982 1337 2043 dfflfumiffifflfflllfl
1355 1987 1385 2042 5¹¹
1408 1988 1480 2045 ῑῑῑῑΙΙῑ
1502 1990 1694 2064 inscriptione,
1711 2010 1800 2066 quem
1820 1998 1846 2051 5¹

209 2087 331 2143 clamabo
344 2087 380 2141 ad
395 2083 665 2143 Decmaitissinrunr.
690 2083 762 2152 Quid
775 2085 921 2144 clamabo?
943 2086 1002 2144 Hoc
1051 2080 1150 2153 seipsis
1178 2099 1232 2139 nnn
1248 2093 1440 2157 corrumpunt,
1456 2087 1524 2144 cun
1547 2105 1615 2160 pure
1629 2091 1794 2149 condendo
1819 2110 1848 2149 se

209 2178 339 2236 seilicet:
1051 2188 1131 2230 veros
1149 2171 1269 2243 dudeco,
1294 2191 1413 2247 quorum
1425 2178 1506 2250 digne
1519 2189 1547 2235 tu
1565 2195 1613 2236 rex
1625 2181 1744 2247 dicaris,
1755 2194 1849 2240 osmu-

249 2268 329 2326 l'srs.
344 2267 372 2325 b.
388 2266 517 2324 Excitore
529 2268 707 2341 supercelos,
722 2268 801 2337 Deus,
812 2277 837 2324 ct
850 2285 929 2341 saper
942 2286 1001 2324 om·
1051 2263 1129 2329 dunt,
1146 2275 1173 2321 et
1188 2266 1242 2322 illis
1253 2267 1442 2341 multiplicatis
1460 2271 1537 2327 aede
1551 2273 1690 2344 speluncis
1704 2278 1848 2348 angustie

210 2378 269 2418 aem
283 2371 382 2417 terram
396 2360 482 2432 glorio
494 2369 550 2417 tar.
568 2359 696 2415 Esaltore
708 2374 827 2432 surgens
840 2359 876 2416 de
887 2361 1002 2431 spelon·
1052 2371 1115 2411 rum
1127 2372 1241 2413 suarum
1255 2360 1393 2429 exaltatis,
1418 2362 1447 2417 in
1462 2363 1537 2419 omrri
1553 2373 1626 2420 terra
1649 2375 1679 2421 et
1691 2384 1779 2438 anper
1791 2386 1848 2423 oar·

210 2472 252 2513 ca.
269 2455 399 2511 Ecetram
411 2472 490 2527 super
507 2475 518 2509 r
537 2454 636 2512 solium
653 2473 663 2507 r
678 2462 755 2510 tuunr
779 2454 944 2510 ‹excelsuna
975 2465 1003 2508 et
1052 2462 1112 2501 trent
1123 2457 1221 2504 terram
1231 2449 1318 2521 gloria
1331 2466 1384 2508 auc
1392 2452 1592 2524 manifestetur,
1604 2456 1671 2513 dum
1692 2461 1737 2515 tui
1755 2461 1848 2518 hostes

209 2548 344 2604 elevatum
362 2545 433 2619 (ιω,
447 2564 485 2613 ῃ,
505 2547 570 2617 1)‚‚
593 2545 711 2617 septena
734 2545 789 2602 erte
807 2544 898 2601 omnis
925 2552 1001 2600 terra
1052 2547 1188 2609 coguntur
1198 2540 1301 2598 intrare
1316 2543 1428 2600 latibula
1444 2545 1637 2616 speluncarum
1650 2558 1790 2621 unquam
1805 2554 1847 2609 br·

210 2638 297 2709 gloria
315 2645 373 2705 tua,
401 2649 427 2692 ct
441 2654 521 2708 super
537 2652 640 2692 omnem
662 2646 761 2692 terram
775 2635 861 2708 glorio
881 2634 1003 2691 tuo.So-
1053 2631 1114 2685 Sllae
1137 2643 1192 2686 ¹¹0ss
1215 2632 1347 2690 audendis
1365 2633 1394 2689 ιιι
1420 2636 1613 2703 Ιιιθθῦιθῑίιθι
1634 2640 1847 2702 wlveroamirl

210 2729 277 2784 lium
293 2736 372 2785 tuum
385 2730 526 2786 excelsum
554 2736 597 2784 est
614 2727 775 2799 angelorum
801 2728 887 2784 electa
901 2727 1001 2798 portio,
1052 2731 1151 2778 exeant
1164 2722 1198 2779 ad
1213 2737 1282 2795 opus
1293 2736 1409 2783 suumct
1420 2728 1455 2783 ad
1468 2731 1656 2801 operationem
1666 2748 1750 2790 suam
1762 2751 1848 2807 usrpre

209 2836 272 2892 quae
282 2821 395 2894 reliquis
408 2821 436 2876 in
450 2821 617 2892 profundum
632 2820 793 2878 cadentibus
804 2828 896 2877 manet
912 2822 940 2876 in
953 2837 1003 2876 ea·
1054 2814 1088 2870 td
1104 2830 1257 2887 vesperam,
1273 2816 1358 2874 idest
1383 2821 1516 2891 lllqltetd
1529 2821 1610 2879 fldem
1630 2826 1694 2881 Vilae
1711 2842 1783 2892 ⁸¹¹8,
1810 2830 1847 2882 td

208 2912 302 2968 celsis.
315 2911 402 2969 Porro
416 2912 518 2969 solium
541 2921 618 2969 tuum
639 2913 775 2969 elevatum
789 2928 875 2986 genus
892 2923 935 2970 cst
951 2914 1004 2969 hu·
1053 2906 1137 2978 hujus
1156 2910 1296 2980 temporis,
1311 2911 1339 2965 in
1354 2927 1410 2983 quo
1425 2922 1453 2969 tu
1467 2914 1509 2971 sol
1536 2926 1616 2973 vetus
1630 2920 1768 2989 usquead
1784 2936 1848 2975 ens

209 3020 322 3061 manum
336 3005 370 3061 de
384 3004 616 3077 prolundisadte
640 3006 775 3073 clamans,
801 3016 828 3062 et
850 3020 914 3061 cum
924 3006 1003 3077 prius
1053 3001 1265 3059 summationem
1277 3005 1370 3062 saeculi
1384 3022 1448 3064 cum
1463 3010 1518 3067 tuis
1531 3012 1628 3068 amieis
1643 3021 1847 3069 temansurun
1896 3077 1897 3088 2

209 3092 238 3149 in
250 3093 306 3150 imo
318 3093 432 3165 iaceret,
448 3111 521 3152 nunc
535 3096 564 3151 in
574 3096 629 3152 alta
644 3095 825 3154 sublevatum.
1052 3095 1213 3167 promisisti.
1896 3095 1897 3100 ’

244 3183 331 3241 Alter
346 3207 354 3217 ·
370 3183 476 3241 Solium
491 3194 570 3242 tuum
584 3185 716 3241 metram
739 3193 783 3243 est
801 3186 829 3242 in
848 3186 892 3245 bis
908 3187 1001 3244 omni·
1087 3186 1193 3243 Aliter:
1211 3186 1342 3245 Excitorc
1365 3207 1444 3262 saper
1470 3191 1560 3261 relos,
1580 3195 1670 3268 idest
1689 3200 1849 3269 coperani-

209 3276 273 3344 bus,
290 3276 338 3349 qui
349 3293 405 3333 non
416 3277 536 3349 graviter
545 3277 703 3336 ceciderunt
715 3286 745 3335 ut
757 3276 879 3335 loannes
887 3278 1003 3337 dilectus
1053 3295 1113 3337 mas
1125 3291 1154 3337 et
1163 3296 1280 3353 corpora
1298 3294 1470 3353 sanctorum,
1485 3287 1555 3344 solio
1568 3289 1678 3345 excelso
1689 3299 1723 3346 et
1734 3292 1849 3354 cleram,

209 3379 285 3438 tuos,
301 3368 392 3427 clarus
406 3371 541 3427 munditia
555 3380 583 3428 et
604 3371 783 3428 innocentia:
798 3371 898 3427 solium
914 3372 1002 3428 clena·
1052 3381 1083 3429 ut
1096 3388 1181 3446 supra
1193 3374 1297 3432 dictum
1310 3383 1363 3444 est,
1386 3379 1548 3448 assimilata,
1566 3391 1596 3436 ut
1619 3390 1648 3437 et
1660 3383 1691 3437 in
1704 3385 1849 3442 animabus

210 3470 268 3516 tunt
280 3462 309 3517 in
325 3461 496 3531 bominibus,
510 3462 557 3534 qui
569 3462 687 3534 graviter
701 3462 770 3535 lapsi
785 3464 1002 3537 percondignam
1052 3480 1101 3538 per
1111 3475 1138 3522 te
1148 3465 1234 3523 solem
1252 3467 1366 3538 justitiae
1381 3470 1525 3527 illustratis
1535 3488 1627 3529 corana
1644 3482 1672 3531 te
1687 3476 1785 3532 luerat
1800 3495 1847 3549 par

210 3554 400 3625 penitentiam
413 3564 480 3612 sunt
492 3555 603 3623 elevati,
625 3565 657 3612 ut
671 3554 772 3613 Petrus
783 3557 927 3627 apostolus
940 3568 1003 3627 post
1052 3568 1080 3615 et
1097 3557 1239 3617 lna-bonae
1252 3541 1411 3630 voldntatin,
1437 3578 1465 3620 er
1477 3565 1505 3619 in
1520 3566 1681 3636 corporibus
1696 3584 1750 3639 per
1764 3581 1793 3626 te
1805 3573 1847 3626 ia·

205 3644 383 3716 <negationem
398 3645 499 3702 trinam
526 3647 555 3703 in
567 3646 697 3704 cathedra
724 3647 818 3704 senior
830 3647 1003 3705 laudabiliter
1053 3651 1223 3709 habitantem
1253 3654 1368 3712 salvatis
1384 3655 1474 3713 luceat
1497 3658 1545 3713 lux
1571 3659 1651 3716 bonae
1675 3664 1847 3732 operatione

210 3738 239 3794 iu
250 3737 369 3795 Ecclesia
381 3738 468 3810 plebis
478 3738 614 3797 exaltatus
633 3751 685 3796 est.
1053 3758 1147 3801 coram
1171 3745 1340 3814 bominibus,
1356 3758 1386 3805 ut
1408 3750 1531 3808 videntes
1547 3766 1630 3823 opera
1654 3768 1759 3812 eorum
1782 3759 1847 3813 bosa

245 3829 332 3887 Aliter
344 3849 352 3886 :
365 3830 470 3887 Solium
479 3834 612 3890 excelsam
623 3832 738 3905 spiritus
764 3841 793 3890 et
804 3832 903 3890 animae
913 3833 1004 3905 justo·
1053 3838 1205 3910 glor-itieent
1216 3851 1241 3895 te
1255 3838 1353 3909 Deum,
1367 3843 1415 3914 qui
1430 3842 1458 3897 in
1469 3843 1625 3915 huiusmodi
1639 3847 1718 3904 celia
1732 3865 1774 3904 es.
1788 3849 1847 3905 Glo-

210 3936 273 3977 rurn
291 3933 366 3990 sunt,
400 3921 549 3994 inquibus
574 3939 637 3980 cunr
662 3923 699 3979 sit
718 3922 839 3994 angelica
860 3924 1005 3994 puritaset
1054 3928 1170 3997 ridcent,
1186 3931 1310 4003 iriquum,
1325 3941 1350 3989 te
1374 3949 1408 3990 ac
1422 3932 1530 3992 Patrem
1552 3940 1849 4013 mananseo-ispi

212 4012 364 4080 subtilitas,
391 4011 490 4068 inillis
519 4022 649 4085 munnam
670 4012 699 4068 lu
722 4012 880 4070 coelestibus
898 4013 1005 4070 thronis
1055 4024 1111 4080 rhu
1124 4033 1219 4081 uncto
1248 4024 1285 4081 ita
1300 4025 1454 4098 magnifiee,
1484 4036 1513 4084 ut
1531 4043 1728 4098 superom-
1751 4041 1847 4088 rem·

210 4112 240 4160 tu
255 4105 345 4173 sedes,
361 4120 378 4160 o
395 4113 501 4161 aeterna
521 4105 661 4162 ceritaset
680 4105 825 4176 sapientia.
846 4103 915 4160 Cum
938 4119 1004 4161 vero
1054 4107 1141 4181 pierio
1161 4118 1207 4164 tur
1222 4109 1366 4177 clarescat,
1388 4118 1416 4166 et
1428 4111 1504 4168 uelut
1521 4113 1650 4184 splendor
1674 4117 1848 4174 meridianas

210 4196 294 4253 etiam
308 4212 357 4268 per
371 4213 466 4253 eorum
478 4212 593 4269 corpora
604 4197 728 4268 operaris
743 4198 879 4254 mirabilia
892 4213 1002 4269 magna,
1045 4212 1081 4280 ‚et
1098 4204 1211 4262 aestiuus
1234 4204 1303 4262 adeo
1319 4205 1449 4273 calescat,
1468 4218 1499 4264 ut
1515 4208 1655 4266 neminem
1680 4211 1785 4281 lateat,
1803 4233 1848 4272 nce

211 4288 293 4344 etiarn
308 4287 402 4344 inillis
417 4289 523 4345 resides
536 4299 667 4360 tanquam
683 4288 711 4345 in
724 4290 792 4343 solio
801 4289 1001 4347 eieratoetsuae
1054 4296 1089 4353 sit
1103 4295 1152 4368 qui
1178 4312 1208 4353 se
1221 4297 1397 4354 abscondata
1411 4300 1503 4356 calore
1515 4299 1585 4372 ejus.
1605 4301 1686 4362 Sient
1706 4307 1787 4362 enim
1798 4311 1848 4364 sce

211 4379 312 4434 animae
330 4378 565 4437 consanctificato.
596 4379 656 4435 buo
669 4379 727 4435 brec
743 4381 813 4437 solia
827 4382 938 4438 nomine
950 4398 1003 4437 ια·
1020 4386 1108 4477 1)ἰειο
1121 4388 1221 4444 risibili
1245 4387 1366 4445 exaltato
1377 4390 1405 4446 in
1424 4392 1536 4450 zodiaco
1558 4409 1610 4452 suo
1636 4413 1726 4469 saper
1739 4416 1847 4458 ortu

209 4470 297 4527 lorum
309 4471 444 4544 signideo,
469 4486 534 4528 eum
556 4473 590 4529 ad
613 4481 650 4542 te,
676 4471 761 4542 Deus,
776 4474 899 4532 clamans
916 4475 1003 4532 dico:
1046 4485 1155 4556 ,terrant
1174 4479 1255 4538 nobis
1274 4480 1449 4539 habitabilem
1461 4484 1578 4541 sentitur
1588 4486 1722 4558 splendor
1735 4503 1770 4548 et
1781 4495 1848 4550 calar

210 4560 342 4618 anltarc
354 4578 433 4634 super
444 4563 537 4634 celos,
551 4563 633 4634 Deus,
648 4574 673 4620 ct
692 4582 772 4638 super
792 4581 894 4623 ornnem
906 4577 1004 4624 terrant
1055 4571 1115 4643 ejus
1128 4571 1156 4627 in
1175 4570 1274 4628 diebus
1287 4574 1465 4644 estivalibus,
1480 4576 1518 4632 ita
1537 4578 1668 4636 nimirum
1683 4592 1714 4639 te
1726 4586 1795 4644 sole
1812 4589 1850 4658 ia-

208 4653 297 4732 glorio
311 4654 439 4711 tuo.Cur
465 4656 534 4715 lates
560 4657 589 4714 in
616 4656 762 4729 spelunca
792 4657 849 4716 iles
874 4676 954 4717 meus
977 4669 1006 4717 et
1055 4664 1136 4722 stitiae
1156 4674 1220 4737 post
1229 4680 1359 4723 occasum
1374 4676 1465 4736 tuum,
1479 4685 1535 4742 quo
1547 4673 1576 4727 ln
1588 4672 1848 4746 speluneahtsiso',

147 4795 153 4806 .
211 4748 284 4806 Deus
298 4749 402 4805 meus?
424 4747 493 4806 Nam
506 4751 571 4823 quia
586 4760 615 4807 tu
630 4751 807 4810 absconditos
821 4769 861 4821 es,
876 4754 939 4812 inde
963 4765 1007 4814 est
1054 4774 1128 4815 nunc
1141 4774 1224 4829 super
1246 4759 1331 4817 celos
1351 4760 1471 4818 exaltato
1485 4778 1564 4834 super
1575 4780 1680 4820 cmm
1691 4777 1802 4826 terre·
1812 4791 1850 4828 rs

209 4842 282 4915 quod
292 4842 393 4899 dicitur
405 4842 472 4898 mibi
483 4844 605 4912 quotidie
621 4864 628 4902 :
646 4846 693 4902 ubi
703 4856 746 4903 cst
760 4845 833 4905 Deus
846 4850 934 4906 tuus?
950 4850 1004 4906 Ga·
1054 4850 1098 4908 bis
1110 4849 1297 4918 habitabilem,
1309 4854 1441 4909 sentietur
1454 4854 1541 4926 gloria
1555 4867 1602 4911 tuo
1614 4856 1643 4912 in
1654 4856 1850 4919 &elesiamn

209 4934 261 4992 risi
290 4943 357 4992 sunt
380 4934 509 5007 discipuli
524 4935 584 4993 riso
608 4946 635 4992 te
652 4936 781 5006 Domino,
804 4950 949 5012 postquam
975 4943 1004 4998 in
1054 4950 1189 4998 terrarum
1200 4941 1268 4999 orbe
1278 4943 1529 5002 dilatatellecest
1541 4946 1615 5003 enim
1628 4949 1767 5009 zodiacus
1778 4966 1850 5018 tus,

209 5043 324 5101 corpore
346 5036 394 5085 tuo
408 5029 553 5085 surrexisti
576 5029 610 5086 de
635 5032 773 5103 sepulcro,
805 5034 912 5105 inquo,
937 5035 1004 5091 dnm
1048 5051 1136 5108 ,quem
1160 5045 1190 5091 ιιι
1205 5036 1247 5093 sol
1258 5036 1373 5107 justitiae
1399 5039 1585 5110 perambulas,
1606 5051 1634 5097 et
1651 5043 1680 5099 ia
1693 5060 1756 5117 quo
1781 5049 1849 5104 die·

210 5121 325 5190 latuisti,
340 5122 432 5179 tristes
443 5130 523 5178 erant
548 5121 665 5194 apostoli
682 5123 716 5181 de
734 5139 801 5181 nece
824 5126 868 5181 sui
883 5125 1003 5184 Domini.

211 5216 258 5272 Sic
271 5219 399 5288 usquein
413 5217 496 5275 tinem
506 5218 599 5275 saeculi
620 5218 840 5291 quandocunque
856 5229 886 5277 tu
896 5221 1005 5292 sapien-

210 5308 247 5363 tia
257 5324 305 5380 per
317 5310 488 5380 insipientes,
501 5319 530 5366 tu
542 5310 649 5380 iustitia
663 5324 713 5381 per
732 5310 864 5381 injustos,
882 5319 912 5367 tu
926 5309 1005 5367 Veri·

209 5409 253 5456 tas
264 5415 312 5471 per
326 5402 473 5459 mendaces
488 5418 620 5474 oppressa
631 5402 708 5474 iaces
722 5403 796 5459 reiut
807 5403 835 5458 in
859 5405 1002 5474 spelunca,

211 5489 250 5544 tui
262 5490 389 5562 discipuli
415 5494 626 5562 contristantur,
652 5503 679 5550 et
693 5494 774 5566 quasi
796 5503 823 5551 te
836 5496 944 5565 sepulto
964 5497 1005 5552 la-

211 5585 381 5635 mentantur.
396 5578 433 5637 Ut
443 5596 509 5653 ergo
520 5582 629 5638 tandem
643 5582 721 5639 ssnita
732 5584 1003 5656 hujusmodilamen·

213 5666 315 5726 tatione
333 5671 459 5741 ploratus
480 5681 508 5731 et
519 5672 641 5732 ululatus
662 5675 742 5760 multi
754 5685 866 5751 propter
889 5691 950 5751 opp:
958 5693 1001 5738 es·

1054 5128 1233 5185 victoriosum
1254 5130 1309 5186 tuis
1330 5139 1358 5186 et
1384 5132 1510 5189 hostibus
1531 5134 1699 5193 damnosam
1716 5147 1767 5208 tu,
1789 5140 1851 5196 dese

1054 5221 1206 5292 Nazarene,
1225 5232 1301 5281 tanto
1315 5226 1403 5297 magis
1418 5227 1577 5300 prolongas,
1600 5241 1708 5301 quanto
1719 5231 1852 5290 urbm

1054 5316 1110 5372 tius
1127 5330 1184 5386 pre
1200 5315 1248 5372 illo
1262 5313 1327 5373 lesu
1338 5318 1396 5373 siue
1409 5316 1494 5376 losue
1505 5320 1666 5377 hoenomen
1690 5323 1852 5392 baefias,

1054 5409 1134 5479 cuius
1149 5417 1284 5481 precepto
1295 5411 1336 5465 sol
1362 5421 1440 5470 stans
1453 5414 1488 5471 ad
1507 5413 1618 5471 Gabaon
1642 5417 1718 5474 diem
1733 5421 1853 5490 μοικ-

1054 5502 1140 5584 gavit,
1152 5515 1203 5557 nec
1218 5501 1291 5558 llniri
1309 5511 1371 5560 ante
1381 5506 1517 5575 permisit,
1533 5523 1616 5579 quarn
1639 5509 1710 5566 ultio
1723 5511 1808 5570 fleret
1818 5514 1854 5568 de

1055 5587 1189 5733 ιιοιΙιιόΙιιιι,
1201 5588 1348 5649 loederatos
1369 5593 1457 5665 ipsius
1471 5596 1556 5657 iosue
1565 5598 1769 5663 inescantibus
1781 5602 1854 5676 (dar.

1056 5694 1084 5748 x,
1131 5681 1142 5749 i
