3817 6000
82 215 144 275 itit
397 203 676 266 ceuundtsttlbtt
694 200 728 259 tii
746 198 917 259 essnuos
936 227 972 239 -
984 194 1078 285 PARS
1095 192 1142 250 it.
1161 222 1197 235 -·
1213 192 1312 250 PSAL.
1332 193 1389 249 tx.
1632 194 1701 250 tito

81 346 119 391 tm
132 331 301 397 bominibus,
317 328 494 400 quotenne
514 323 593 380 audis
609 324 682 378 intus
698 321 725 376 in
750 318 862 375 cubica·
877 319 901 381 Α
915 312 949 369 de
966 327 1047 383 spero
1059 326 1104 365 me
1129 317 1273 365 venturum
1297 323 1345 379 per
1371 307 1457 378 ipsam
1480 306 1515 363 ad
1540 307 1639 381 ἱριιιιι,
1655 324 1702 380 ριι

82 431 106 484 io
121 427 311 497 deprecantem
336 418 446 476 liberari
472 433 488 472 a
516 416 597 471 malo.
615 413 727 469 Intende
748 410 863 465 orationi
916 407 1002 475 ipsam
1027 403 1100 458 riam
1124 402 1158 457 ad
1181 400 1268 471 ipsam
1291 400 1419 470 pmtriarn.
1444 418 1454 452 r
1478 399 1577 471 Ego,r
1602 399 1702 472 inquit,

89 534 151 584 neo,
166 522 271 573 secreta
283 522 328 567 tna
342 509 493 566 intentione
513 508 665 563 recondens
689 505 717 560 in
742 518 786 559 me
805 502 865 558 tire·
919 518 928 549 ι
947 512 1009 553 surn
1028 495 1071 549 via
1093 505 1120 549 ct
1134 495 1235 549 veritas
1246 503 1273 548 et
1285 493 1340 547 vita
1354 491 1445 563 (ioan.
1461 508 1517 559 xiv,
1530 491 1569 565 6).
1589 511 1600 546 ι
1614 491 1664 549 Via
1675 495 1704 550 ln

84 622 191 664 caurum
203 603 407 668 absconditum,
420 599 465 657 cui
479 599 568 656 simile
592 608 635 654 est
648 611 762 667 regnum
781 593 865 650 coelo-
916 587 1146 660 peregrinatione,
1157 586 1261 642 ueritas
1272 594 1299 639 et
1315 586 1369 641 rita
1386 587 1413 640 in
1431 596 1533 643 eterna
1551 587 1703 645 nranslone.

4 684 5 695 ¹
84 716 149 756 rum.
165 696 271 753 Exaudi
284 694 494 767 deprecationem
508 708 604 757 meam,
620 700 650 746 ut
661 699 738 747 extra
754 692 810 745 sint
821 705 865 745 cr·
916 680 945 736 ¹¹¹
956 696 1010 752 <1¹¹³
1023 680 1075 744 lia,
1089 680 1154 734 (¹¹¹¹ss
1167 690 1206 745 ω,
1219 678 1310 745 Pales,
1321 681 1399 736 venis
1411 680 1447 736 ad
1458 696 1516 748 ΜΘ,

84 802 148 847 natae
163 788 303 860 lampades
316 786 515 850 iumineciaro,
531 800 582 839 uec
593 783 803 855 exstinguantur
816 782 866 837 aii·
951 773 1035 831 iens.
1051 774 1095 828 ii.
1112 772 1212 827 Fortun
1233 791 1260 828 ea
1277 791 1335 845 apes
1358 791 1426 841 meo,
1448 777 1524 845 quod
1546 776 1640 831 eadem
1662 775 1706 831 ria

4 872 5 891 ³
83 882 199 954 quando.
217 880 329 936 Intende
343 879 469 945 orationi,
484 885 513 932 ut
532 875 652 931 abundet
664 877 755 931 oleum
775 875 802 930 in
816 890 866 929 ra·
917 868 1039 923 deducar
1057 864 1092 920 ad
1112 875 1148 933 tc,
1163 866 1228 936 quia
1246 866 1274 921 in
1288 882 1320 921 ea
1342 866 1478 922 deduxisti
1498 882 1543 922 me
1564 882 1651 937 usque
1673 868 1706 924 ad

83 975 119 1031 sis
130 975 247 1032 celatum
264 988 353 1044 usquc
365 970 399 1027 ad
412 969 506 1041 sponsi
527 969 685 1025 adrentum.
701 966 810 1022 Ειιιάι·
826 984 867 1022 me
918 960 989 1015 banc
1003 957 1190 1026 securitatem,
1207 973 1261 1027 qua
1276 956 1506 1026 tuileuslortis,
1520 958 1632 1013 mihies
1651 966 1695 1012 tar

4 1060 5 1083 ³
83 1064 339 1127 totanrllcciesiam.
356 1060 658 1130 utsimcivitassupra
676 1068 798 1115 montem
820 1073 868 1129 po·
919 1053 956 1107 tir
967 1050 1145 1121 fortitudinis,
1161 1049 1195 1104 ad
1208 1065 1290 1121 quam
1305 1050 1521 1121 ingiamosaot'e
1534 1051 1647 1119 inimici,
1661 1051 1699 1107 bo

84 1159 150 1221 sita,
176 1174 226 1213 nec
254 1156 358 1228 possim
382 1152 514 1210 abscondi
540 1153 648 1209 lucente
670 1152 732 1208 lucc
754 1166 867 1223 operum
919 1143 1002 1199 minis
1017 1143 1139 1216 maligui,
1155 1143 1197 1198 vei
1215 1142 1303 1213 ipsias
1316 1142 1430 1210 diaboii,
1449 1143 1497 1213 qui
1516 1142 1616 1199 circuit
1634 1157 1704 1214 quac

83 1264 203 1306 meorum
218 1264 310 1304 corant
322 1245 490 1301 bominibus.
505 1242 616 1299 intende
626 1242 741 1298 orationi
752 1257 826 1307 mec,
838 1250 869 1296 nt
920 1252 984 1293 rens
997 1251 1079 1306 quem
1089 1237 1211 1293 devoret.
1228 1255 1238 1288 ι
1255 1234 1352 1293 Turris
1363 1235 1514 1292 fortissima
1536 1251 1636 1293 nornen
1656 1236 1704 1292 iio

84 1357 114 1397 ιι
138 1341 183 1396 iris
209 1339 289 1396 bonis
309 1340 440 1410 operibus
463 1337 629 1410 glorificetur
655 1344 752 1391 auctor
781 1333 869 1390 bono·
921 1328 999 1397 mini,
1022 1349 1031 1382 r
1054 1329 1093 1384 ait
1119 1328 1260 1394 Salomon,
1292 1347 1301 1379 ι
1328 1328 1362 1383 ad
1389 1327 1477 1398 ipsam
1502 1329 1589 1383 currit
1618 1327 1710 1398 justus

85 1448 144 1488 mm
168 1432 292 1486 amisium
308 1430 381 1487 bens
405 1430 496 1496 parer,
511 1429 600 1500 quiin
621 1428 698 1483 omlis
714 1437 765 1491 esi,
787 1441 870 1498 quom
921 1419 1012 1489 (Pron.
1028 1434 1107 1488 avrti,
1129 1419 1212 1491 ilipa
1239 1418 1394 1474 invocando
1409 1416 1710 1474 videlicetnomeniio

4 1550 5 1557 ι
85 1524 290 1581 eoelipoelorum
304 1524 488 1590 potentinae,
510 1521 696 1591 „sapaudum
717 1519 871 1590 proditione
922 1509 1000 1577 mini,
1015 1511 1080 1566 dum
1092 1510 1222 1567 anxiatur
1235 1524 1284 1567 cor
1301 1509 1372 1580 ejus.
1386 1508 1416 1563 in
1430 1517 1507 1565 turre
1523 1510 1575 1565 bac
1595 1524 1651 1565 non
1666 1524 1711 1565 so-
1782 1520 1788 1533 ‘

86 1614 230 1684 iactantiae.
694 1603 696 1608 ⁸
922 1604 980 1658 ium
1001 1604 1054 1659 teia
1071 1602 1175 1660 inimici
1187 1604 1319 1668 vitamus,
1341 1602 1431 1658 sedin
1446 1601 1522 1658 iilum
1537 1603 1572 1659 de
1589 1603 1649 1673 ipsa
1669 1616 1713 1658 se·

120 1706 205 1762 Aliter
225 1722 232 1759 ι
258 1703 367 1760 iisoodi
390 1703 600 1774 deprecationem
627 1718 723 1769 neom,
747 1711 777 1757 ut
802 1700 871 1758 ioris
886 1667 907 1721 B
922 1696 982 1751 curi
994 1695 1130 1753 mittimus
1141 1696 1193 1751 teia
1206 1710 1317 1766 precum
1332 1695 1374 1749 uei
1387 1707 1514 1764 operum,
1533 1693 1713 1764 quibuscon-

85 1798 232 1870 quaerendo
255 1813 387 1871 sponsum
399 1812 502 1860 meum,
514 1795 615 1851 Filium
632 1805 709 1851 tuum
730 1809 785 1850 non
801 1795 872 1851 inci.
922 1797 1036 1842 teratur.
1048 1786 1117 1842 Cum
1128 1786 1219 1843 adhuc
1230 1787 1258 1841 in
1280 1786 1339 1842 sola
1350 1783 1453 1861 {iudaea
1465 1794 1560 1841 notum
1578 1796 1713 1842 essetno·

4 1942 5 1945 ,
86 1893 156 1964 piam
169 1893 260 1964 vagari
273 1891 419 1964 pastilli)
431 1904 527 1965 greges
540 1888 675 1945 sodalium
689 1902 813 1943 suorum,
824 1885 873 1941 ip·
924 1894 986 1933 men
1006 1891 1095 1947 tuum,
1117 1878 1200 1945 Deus,
1215 1877 1282 1933 mibi
1303 1874 1433 1934 Ecclesiae
1447 1878 1482 1932 dc
1500 1876 1629 1948 gentibus
1656 1891 1713 1932 non

87 1983 162 2038 tepide
177 1984 292 2038 orationi
308 1999 383 2050 meoe,
406 1991 437 2037 ut
462 1981 510 2036 iiio
527 1980 639 2036 invento
654 1989 761 2035 teneam
784 1979 873 2044 ilium,
925 1967 1116 2027 iltilacoessus
1130 1969 1246 2025 atiliano
1260 1969 1358 2023 itirritll
1373 1966 1711 2024 lut-tissiminoministni.

87 2090 136 2130 nec
150 2074 296 2140 dimittam,
320 2074 409 2130 donec
430 2068 602 2128 introducam
617 2070 694 2125 iilum
718 2068 746 2123 in
760 2069 883 2124 domum
925 2061 978 2117 Sed
990 2072 1134 2133 postquam
1153 2063 1226 2118 sicut
1247 2062 1338 2115 oleum
1359 2060 1476 2116 effusum
1501 2061 1582 2132 louge
1606 2059 1715 2131 iateque

4 2194 5 2215 r
87 2165 184 2220 matris
198 2180 266 2221 nteae
288 2178 441 2248 synagoge,
456 2173 483 2219 et
504 2163 532 2218 in
553 2161 710 2218 cubiculum
734 2160 876 2230 genitricis
926 2154 1134 2226 usqueiniines
1150 2155 1386 2211 terra-dilatatum
1398 2163 1439 2208 est
1456 2161 1647 2209 nomentuum
1666 2166 1715 2225 per

4 2272 6 2303 ι
87 2272 165 2313 meae.
190 2255 298 2311 Exaudi
321 2256 531 2325 deprecationem
543 2269 629 2308 meon
653 2268 685 2307 nc
708 2267 800 2308 vacem
818 2252 875 2307 otio
925 2245 1059 2301 incarnati
1074 2243 1154 2300 Verbi
1168 2245 1208 2300 tui
1229 2244 1402 2316 mysterium,
1421 2243 1508 2314 janna
1521 2242 1620 2312 potiar
1637 2252 1716 2298 tenc

88 2357 167 2403 extra
182 2348 302 2403 vitream.
319 2345 432 2401 intende
443 2346 558 2399 orationi
570 2359 645 2411 mee,
662 2353 692 2399 ut
703 2344 730 2399 in
744 2343 823 2399 vinea
836 2343 877 2398 ia·
926 2337 961 2391 od
974 2348 999 2391 te
1016 2336 1161 2402 donoro,
1177 2350 1331 2407 nomenque
1342 2345 1420 2391 litum
1431 2334 1547 2390 fideliler
1558 2335 1713 2401 initiatur·

4 2464 6 2479 ι
90 2440 192 2496 bornus
213 2440 356 2494 denarium
371 2439 495 2509 accipere
511 2437 611 2507 dignus
631 2437 758 2493 existam.
782 2435 876 2492 Ειιρ.
925 2428 1033 2500 quoties
1050 2429 1139 2484 oratio
1160 2426 1356 2483 Dominicavel
1376 2425 1489 2482 alenus
1510 2427 1599 2497 precis
1613 2441 1716 2482 nomen

4 2578 5 2583 ,
88 2532 216 2588 oteridam
233 2546 314 2602 spero
334 2533 404 2586 lianc
418 2529 619 2601 deprecationis
641 2526 816 2586 etorationis
835 2530 878 2584 in-²
926 2531 1004 2577 litum
1019 2521 1186 2579 continentis
1206 2520 1361 2576 θῐιῑῑῦῑῑθῑὶῡ
1377 2520 1518 2586 militur·
1532 2520 1574 2574 Vei
1598 2518 1717 2576 801818·

4 2664 5 2669 η
90 2624 250 2692 tentionem,
269 2633 326 2678 turn
355 2622 418 2693 qnia
446 2636 591 2678 numerosa
614 2629 656 2676 cst
676 2621 877 2677 samnitarum
927 2618 981 2671 cita
1001 2614 1168 2687 cogitatione
1193 2615 1359 2669 ruminatur.
1377 2612 1441 2669 iinc
1461 2613 1544 2669 turris
1565 2611 1717 2669 fortissima

90 2717 211 2774 iaciebus
228 2731 407 2787 personarum
429 2731 445 2770 a
467 2713 568 2769 tinibus
588 2720 667 2768 terrae
689 2711 878 2780 clamantium,
927 2708 1049 2765 defendit
1063 2725 1118 2764 uon
1132 2709 1221 2764 solnm
1242 2707 1277 2763 ab
1291 2708 1406 2763 incursu
1421 2705 1534 2772 inimici,
1556 2721 1592 2761 ne
1613 2705 1647 2761 ad
1667 2710 1718 2762 nos

90 2819 148 2863 turn
171 2807 236 2879 quia
260 2817 376 2863 estnon
404 2804 479 2861 aliud
512 2804 749 2876 consequendum,
772 2804 827 2861 nisi
852 2813 879 2861 te
928 2802 1049 2868 accedat,
1067 2801 1210 2857 sedetiam
1226 2819 1243 2854 o
1267 2799 1336 2870 [acie
1352 2800 1465 2867 inimici,
1484 2814 1518 2854 ne
1542 2813 1594 2854 nos
1617 2797 1646 2853 in
1666 2797 1719 2853 bac

90 2901 330 2972 licumqnouiam
929 2893 1108 2951 absconditos
1127 2894 1227 2950 videat.
1249 2891 1317 2947 Nam
1337 2902 1368 2948 tu
1382 2891 1455 2949 Deus
1478 2892 1658 2949 «abscondes
1670 2906 1718 2948 eos

129 2993 208 3051 vans.
221 2995 248 3050 5.
271 2993 292 3048 il
313 2992 410 3063 finibus
433 3001 511 3046 terne
533 2989 646 3046 ueniens
671 3004 722 3062 ego
744 2986 875 3056 Ecclesia,
890 3020 911 3080 G
929 2988 957 3044 in
971 2989 1132 3046 abscondito
1143 2988 1223 3047 faciei
1235 2999 1317 3047 tnaea
1334 2990 1546 3047 conturbatione
1563 2989 1717 3058 bominum,

89 3103 141 3159 ego
156 3088 251 3159 regina
262 3085 422 3156 sapientiam
434 3085 490 3140 reri
506 3081 663 3139 Salomonis
676 3082 782 3150 audire,
796 3083 831 3137 ad
842 3092 876 3150 te,
929 3093 1056 3155 proteges
1068 3099 1116 3140 eos
1132 3084 1159 3138 in
1184 3085 1344 3142 abscondito
1365 3084 1535 3141 tabernaculi
1558 3086 1597 3140 tui
1612 3099 1628 3140 ι
1650 3085 1720 3142 iacie

90 3180 164 3236 Deus
174 3177 263 3244 Pater,
278 3176 528 3246 cismoniopiniinr
541 3184 628 3230 temo.
641 3173 689 3229 Vei
703 3173 737 3229 ad
749 3174 877 3236 litteram,
928 3172 1034 3228 inimici
1061 3173 1148 3244 (Psoi.
1178 3192 1245 3243 ιιι,
1279 3175 1338 3246 ii),
1354 3194 1364 3227 ι
1383 3185 1412 3231 ut
1432 3186 1459 3232 et
1480 3177 1504 3232 si
1522 3177 1667 3233 rideantur
1685 3177 1720 3233 ab

90 3272 200 3344 quiaex
215 3271 343 3326 omuibus
357 3270 451 3324 mundi
469 3268 603 3339 partibus,
625 3283 658 3321 ex
680 3267 809 3321 ominibus
823 3273 880 3320 ter·
929 3278 963 3319 eo
977 3265 1011 3320 ad
1031 3267 1202 3335 tertiandum,
1216 3284 1270 3324 non
1295 3278 1387 3324 umen
1411 3269 1555 3325 videantur
1574 3271 1608 3325 ad
1623 3269 1720 3326 laeden-
1753 3243 1758 3264 ³

4 3375 6 3382 ’
93 3379 132 3420 rae
141 3364 238 3434 finibus
251 3363 361 3419 auditur·
373 3361 478 3417 ciaumr
500 3375 578 3417 meus
592 3361 620 3413 in
633 3359 738 3429 bqtnnia
753 3365 780 3413 et
793 3358 881 3412 canti·
929 3358 1007 3414 dum.

92 3457 135 3513 cis
149 3456 348 3528 spiritualibus.
363 3452 412 3510 Vei
425 3473 441 3508 o
453 3453 552 3525 pinibus
568 3463 656 3516 terrie,
671 3450 737 3506 dunt
752 3449 815 3507 fluis
833 3465 882 3521 po·
967 3450 1052 3507 Aliter
1067 3471 1073 3506 :
1092 3451 1190 3511 Turris
1204 3455 1337 3512 aedificata
1352 3455 1379 3511 ln
1392 3455 1486 3527 piano,
1509 3455 1576 3527 quia
1599 3455 1721 3512 creditur

93 3550 169 3604 uitur
196 3549 268 3604 titiis
288 3546 537 3619 cupiditatibusque
557 3541 674 3599 terrenis
692 3541 728 3596 od
741 3550 776 3609 te,
795 3541 878 3610 Deus,
931 3545 1121 3615 expugnabilis
1136 3546 1171 3603 ab
1184 3548 1306 3616 inimico,
1330 3564 1427 3620 caspe
1444 3548 1590 3621 aliquoties
1609 3547 1722 3605 obside-

90 3643 216 3698 atomon.
238 3639 369 3709 Quando?
385 3638 454 3694 Dum
471 3637 627 3692 numeretur
637 3650 684 3690 cor
704 3650 802 3702 menn,
818 3633 882 3691 data
933 3645 988 3704 tur,
1007 3636 1072 3708 quia
1086 3640 1128 3694 rei
1143 3638 1214 3695 inira
1229 3640 1403 3710 suffossione,
1419 3643 1461 3697 vei
1477 3657 1562 3713 supra
1577 3649 1722 3698 transcen-

92 3735 163 3790 milri
177 3733 377 3807 significatione
388 3732 415 3787 in
428 3729 589 3802 precedenti
602 3731 719 3800 psalmo,
734 3739 764 3786 ut
779 3729 882 3801 ingiam
931 3730 1011 3785 sione
1027 3730 1210 3786 destruendus
1227 3741 1339 3802 putatur
1360 3748 1457 3788 murus
1480 3734 1550 3804 ejus,
1568 3742 1599 3789 ut
1618 3733 1722 3790 dictum

91 3827 196 3885 aiacis
219 3841 310 3882 arcus.
328 3824 362 3879 nt
382 3825 488 3893 uidens,
512 3822 577 3895 quia
600 3839 689 3895 neque
707 3823 742 3879 ab
766 3823 882 3890 oriente,
931 3831 984 3889 est,
997 3821 1024 3876 in
1035 3822 1116 3893 plano
1132 3822 1250 3893 positas,
1263 3832 1292 3880 ιι
1306 3823 1367 3880 ideo
1379 3824 1464 3880 iacies
1477 3823 1581 3882 inimici
1596 3824 1722 3880 obsiden-

92 3934 185 3991 ncquc
199 3918 234 3973 ab
244 3917 396 3983 occidente,
414 3931 529 3987 uequca
545 3914 662 3971 desertis
679 3915 820 3972 montibus
838 3930 884 3986 pa·
934 3915 969 3971 tis
982 3915 1098 3970 intendit
1108 3916 1136 3970 in
1147 3931 1208 3971 eam
1218 3916 1262 3971 uei
1274 3916 1327 3972 tela
1335 3932 1447 3974 sursum
1462 3917 1599 3986 iaciendo,
1612 3917 1653 3971 rei
1664 3932 1723 3972 tna-

92 4021 134 4068 tet
147 4010 267 4084 lugiendi
282 4010 369 4076 locus,
382 4008 602 4064 arixiatusestiu
614 4008 781 4078 mespiritus
793 4022 882 4073 meus,
934 4009 1030 4066 obinas
1053 4007 1123 4064 inlra
1144 4009 1348 4076 construendo,
1373 4018 1421 4064 aut
1440 4009 1522 4065 etiam
1544 4009 1723 4065 subterranea

92 4115 122 4161 ct
141 4105 169 4159 ln
182 4104 236 4159 lrac
255 4102 392 4157 anxietate
412 4101 564 4158 cinnama
582 4100 684 4156 linibus
699 4109 778 4155 terrae
796 4100 831 4154 od
848 4108 883 4167 te,
933 4101 1055 4158 fossione
1078 4109 1174 4156 contra
1203 4115 1264 4157 eam
1298 4101 1459 4157 laborando.
1480 4099 1560 4169 ilinc,
1585 4108 1615 4157 ut
1638 4100 1724 4157 isaias

94 4193 179 4262 ileos,
194 4194 340 4251 exauditas
351 4208 424 4249 sum.
437 4191 572 4247 anxiatur
584 4193 657 4247 euim
674 4203 724 4247 cor
744 4198 883 4247 sensatum
934 4191 1090 4266 [ieremias]
1109 4192 1148 4248 ait
1165 4211 1172 4248 :
1190 4210 1200 4242 r
1219 4191 1314 4248 Murus
1328 4190 1475 4263 Babylonis
1496 4192 1649 4249 altissimus
1663 4191 1723 4249 sui·

93 4288 125 4342 in
139 4286 348 4353 tentationibus,
359 4300 408 4357 per
419 4299 489 4355 quas
509 4292 599 4339 nmen
617 4284 647 4339 lit
665 4291 759 4338 ιοιιιι
777 4283 884 4354 proiec-
934 4282 1059 4340 iussione
1073 4283 1236 4340 suffodietur
1243 4281 1310 4354 (ier.
1325 4298 1363 4349 ιι,
1383 4282 1440 4352 58),
1460 4293 1580 4355 »utpote
1594 4282 1623 4338 in
1641 4283 1725 4356 piano

4 4413 5 4416 η
94 4386 153 4444 ιιι,
167 4392 229 4432 cum
253 4378 280 4431 in
308 4374 505 4431 tentationibus
527 4373 666 4445 provocati
685 4381 832 4439 certamin,
854 4373 883 4427 in
898 4373 921 4429 ii
936 4375 1005 4431 situs
1026 4376 1053 4429 in
1070 4385 1143 4431 terra
1168 4393 1179 4427 ι
1202 4376 1319 4439 Scurrae,
1338 4392 1347 4425 ι
1364 4373 1391 4428 iu
1404 4390 1527 4446 canapo«
1548 4373 1622 4430 Dura
1640 4374 1722 4446 (don.

93 4469 247 4524 certamine
262 4470 409 4534 uincimus,
422 4468 456 4523 de
470 4466 582 4522 victoria
596 4466 800 4530 coronabimur,
817 4474 844 4521 et
855 4466 885 4519 in
936 4485 978 4534 ru,
993 4469 1031 4540 l),
1050 4488 1060 4521 r
1078 4468 1157 4539 cujus
1177 4468 1264 4538 prium
1284 4472 1369 4526 turris
1392 4467 1555 4524 confusione
1569 4468 1723 4540 linguarum

4 4567 6 4580 “
94 4569 257 4632 petraque
272 4558 400 4616 Citristtls
421 4569 474 4624 esi,
491 4557 680 4613 excitabimur.
704 4557 884 4613 Extiidilonis
935 4563 1073 4619 destructa
1089 4574 1141 4618 est.
1154 4560 1251 4617 Turris
1270 4579 1335 4634 ergo
1357 4563 1431 4628 talis,
1448 4562 1474 4615 in
1495 4560 1577 4631 piano
1600 4560 1726 4617 uidelicet

95 4659 190 4707 autom
206 4648 316 4714 iuturae,
329 4651 393 4720 quia
409 4663 483 4704 nunc
493 4656 536 4704 cst
551 4646 670 4715 initium,
685 4645 748 4704 dico
767 4661 818 4716 ego
830 4644 884 4702 Ec-
936 4653 989 4708 sita
1003 4661 1031 4707 et
1042 4652 1142 4707 situata
1157 4661 1200 4707 est
1213 4651 1359 4723 aliquoties
1369 4660 1427 4707 tuta
1442 4651 1476 4707 ab
1486 4652 1598 4706 incursu
1609 4649 1725 4718 inimici,

93 4743 182 4800 etesia
199 4741 243 4797 nel
255 4743 380 4812 quaelibet
393 4741 578 4798 ecclesiastica
590 4753 707 4811 persona
717 4739 803 4811 quod,
821 4753 885 4795 cum
936 4760 992 4801 non
1011 4754 1102 4800 umen
1125 4754 1182 4801 tuta
1198 4753 1241 4801 est
1255 4759 1272 4798 a
1287 4744 1356 4814 [acie
1373 4744 1475 4798 inimici
1490 4751 1585 4800 contra
1602 4759 1662 4798 earn
1681 4742 1725 4797 in—

4 4865 5 4872 *
94 4835 258 4890 anxiaretur
266 4847 315 4889 cor
325 4849 417 4890 meum
426 4832 630 4889 bolenscedere
640 4831 714 4886 viliis
726 4831 887 4903 impugnan-
930 4838 1082 4903 tendentis,
1097 4852 1131 4893 eo
1144 4837 1217 4908 quud
1233 4838 1269 4894 sit
1284 4836 1479 4910 impugnabilis
1494 4845 1522 4891 ιι
1537 4834 1664 4890 lortassis
1678 4847 1726 4889 ex·

97 4927 184 4991 tibus,
198 4933 225 4979 et
245 4924 348 4980 eisdem
371 4926 519 4982 reluctaret
539 4924 659 4981 assiduis
682 4923 828 4994 precibus,
845 4932 884 4991 ιιι,
936 4929 1118 5003 pugnabilisa
1132 4930 1242 5002 negotio
1254 4930 1460 5000 perambulante
1478 4929 1505 4983 iu
1517 4927 1648 4992 teriebris,
1660 4941 1726 4981 asa·

4 5081 5 5086 η
97 5016 276 5086 DensPater,
291 5019 600 5091 inpetroesoitostirne,
616 5016 887 5087 dcqaadictumcst
936 5022 1004 5093 gitta
1019 5020 1127 5075 voiarrte
1142 5036 1190 5091 per
1203 5022 1286 5088 dicut,
1302 5021 1344 5076 uei
1357 5021 1392 5077 ab
1407 5020 1461 5076 alio
1479 5019 1579 5074 timore
1591 5026 1726 5073 nocturno

96 5106 180 5163 Ρθίῐθ
196 5127 203 5164 :
220 5128 230 5159 ⁸
249 5106 590 5180 T⁰⁰³P0²f11520⁸⁸¹¹i¹0i
611 5106 683 5163 banc
695 5116 799 5177 imm
818 5104 885 5160 ³³¹5·
937 5129 986 5169 scu
1002 5111 1178 5179 diurno.Qui
1211 5127 1277 5169 reto
1296 5112 1442 5168 habitatin
1468 5107 1726 5180 adjutoriodltissi-

73 5200 189 5278 ‚licobo
211 5199 363 5256 Ecclesiam
386 5216 475 5257 meam
486 5200 597 5274 (iiottlr.
610 5217 669 5266 xvi,
690 5199 745 5270 lii).
763 5218 772 5252 r
787 5198 821 5254 iu
835 5198 886 5253 itae
937 5206 1045 5275 miqui
1060 5205 1149 5261 cidem
1165 5205 1308 5262 ditissimo
1320 5205 1412 5261 dicere
1428 5211 1527 5273 potest,
1550 5216 1612 5258 curn
1628 5203 1725 5256 otreio-

95 5303 175 5365 petro
186 5293 312 5350 eaoltosti
324 5311 375 5361 nte,
389 5305 420 5350 ut
440 5311 495 5351 non
510 5298 538 5350 in
561 5296 667 5352 lubrico
689 5304 824 5362 tentarem,
838 5292 886 5349 scd
938 5307 1010 5352 retur
1021 5314 1067 5352 cor
1083 5315 1180 5365 nnnnq
1193 5299 1219 5353 in
1234 5306 1310 5368 petro
1321 5295 1449 5351 enoltorti
1464 5312 1514 5360 nte,
1525 5293 1660 5349 dednxisti
1673 5309 1724 5361 nne,

97 5387 127 5441 in
143 5386 232 5442 solido
244 5386 360 5443 tirmiter
374 5395 487 5443 starem.
503 5387 537 5444 Et
555 5390 620 5459 quia
641 5387 736 5444 cadem
749 5385 886 5458 petraria
937 5392 1001 5463 quio
1015 5391 1103 5461 [actae
1124 5407 1150 5446 es
1168 5388 1403 5460 momentariis
1418 5387 1596 5457 fortitudinis,
1616 5387 1660 5442 iric
1674 5386 1724 5442 ad-

95 5487 152 5548 est,
165 5478 200 5534 ad
213 5494 243 5536 se
254 5493 287 5535 ac
300 5487 326 5535 tc
338 5478 465 5551 patriam,
477 5479 611 5537 ιιιιιιιὶιιί
629 5497 668 5536 nte
683 5496 732 5551 per
742 5495 812 5537 cam.
831 5476 887 5534 Un·
929 5477 1050 5555 'jungere
1062 5491 1152 5553 potest
1168 5502 1175 5537 :
1188 5501 1203 5536 o
1219 5479 1287 5551 {orie
1299 5479 1411 5548 inimici,
1423 5479 1555 5552 «quoniam
1569 5479 1652 5534 turris
1668 5477 1726 5533 bac

133 5660 210 5735 (litt
224 5659 291 5716 cna.
306 5678 351 5731 pet·
364 5679 462 5731 propes.

237 5753 373 5817 Parnon.
398 5754 531 5817 cxciii.
803 5777 807 5784 ·
1549 5745 1588 5805 56
