3817 6000
200 245 317 318 88³

909 252 1463 311 conmeantum
1503 251 1569 307 IN
1607 247 1948 307 PSALMOS.
1988 277 2058 294 —-
2086 246 2270 314 PARS
2304 246 2347 303 1.
2378 273 2448 290 --
2484 246 2681 304 psal..
2721 247 2762 304 Ι.

3364 249 3469 313 654

202 373 363 439 dent,
416 374 471 428 et
502 371 732 442 peccare
773 369 999 437 audent,
1042 368 1137 424 lilii
1179 378 1312 426 sunt
1360 366 1620 440 gellennoe
1650 381 1666 431 ;
1696 360 1793 418 sed
1822 366 1869 422 Α
1898 360 2116 429 modiae,
2145 375 2310 433 quam
2341 361 2465 416 aliis
2492 359 2897 433 scripturarum
2932 360 3348 420 recitationibus
3381 363 3467 421 in-

204 465 329 522 fieri
360 464 594 536 'poss'unt
649 464 746 519 lilii
779 463 965 535 gratiae
1013 462 1409 519 tentationibus
1444 451 1786 526 reluctando,

200 573 414 629 easque
435 542 768 627 superando.
785 555 1001 623 Quanto
1019 556 1165 611 enim
1190 571 1285 611 eas
1306 554 1655 611 victoriosius
1671 554 1790 609 vin-

203 656 366 717 cunt,
392 657 547 704 tanto
576 647 1000 719 propinquiores
1026 648 1137 705 luci
1162 648 1300 704 liunt
1317 689 1334 715 ,
1358 655 1419 703 et
1444 647 1669 703 omnino
1696 647 1791 702 de-

201 743 404 800 sinum
438 757 561 798 esse
585 740 677 795 filii
698 739 1055 796 “tenebrarum
1085 757 1101 807 ς
1132 748 1402 811 eruntque
1426 737 1520 794 lilii
1569 738 1708 795 lucis
1734 739 1790 794 in

202 831 470 894 Domino.
509 831 555 888 si
582 830 775 886 tentati
828 830 1138 887 nullatenus
1174 839 1395 901 peccato
1443 829 1792 887 consentiunt

204 940 280 980 eo
304 924 596 980 tendentes
651 937 757 976 non
790 917 1189 976 consentiendi)
1238 919 1545 987 tentationi,
1580 919 1671 975 ubi
1704 921 1790 975 vi-

203 1020 363 1079 vant.
403 1030 517 1070 non
545 1011 831 1070 sentiendo
878 1010 1250 1066 tentationem.
1299 1009 1424 1067 Hoec
1458 1018 1640 1066 autem
1688 1019 1791 1080 pax

205 1118 430 1166 nonest
465 1107 630 1177 hujus
660 1105 783 1160 vitae
809 1103 1201 1160 tentationibus
1238 1104 1450 1174 plenatt
1501 1104 1631 1175 quia
1674 1112 1793 1159 ten-

205 1201 350 1256 tatio
374 1210 461 1256 est
478 1199 589 1254 vita
630 1194 873 1253 hominis
896 1210 1059 1265 super
1096 1203 1321 1261 terram,
1348 1194 1442 1250 sed
1493 1193 1582 1250 bic
1614 1204 1792 1250 tenta-

204 1292 458 1348 tionibus
481 1296 586 1346 non
626 1289 1020 1346 consentiendo
1072 1285 1312 1342 futuram
1344 1285 1512 1340 vitam
1563 1285 1792 1356 inquiri-

207 1399 361 1450 mus,
391 1382 445 1438 in
473 1397 582 1453 qua
603 1381 935 1436 tentationes
966 1391 1074 1435 non
1097 1376 1420 1433 sentiamus.
1446 1375 1507 1431 In
1541 1376 1643 1432 bac
1662 1392 1793 1432 vern

205 1478 324 1530 vita
376 1474 539 1529 etiam
572 1473 769 1537 sancti,
821 1472 917 1544 qui
960 1485 1058 1543 por
1100 1469 1262 1525 fldem
1285 1469 1558 1546 ,vicerunt
1604 1484 1789 1541 regna,

206 1566 425 1638 operati
450 1574 580 1621 sunt
596 1564 887 1634 iustitiam,
907 1564 1095 1620 tentati
1123 1571 1269 1620 sunt.
1303 1561 1409 1617 Sed
1429 1561 1559 1633 ‘quia
1585 1561 1639 1616 in
1660 1561 1791 1632 lege,

208 1668 328 1714 non
354 1659 459 1714 sul)
506 1657 615 1729 leqe
644 1655 749 1713 fttit
778 1656 1024 1712 voluntas
1050 1670 1265 1723 eorum,
1296 1656 1559 1725 quianon
1590 1654 1789 1719 coacti,

207 1751 308 1806 sed
340 1750 648 1805 voluntarie
669 1757 1129 1806 tenueruntsuam
1159 1744 1523 1813 devotionem,
1539 1761 1647 1802 non
1666 1753 1794 1801 sunt

209 1844 426 1899 inducti
454 1844 508 1898 in
534 1843 914 1909 tentationem,
938 1841 1034 1898 sed
1080 1842 1150 1898 ad
1180 1836 1540 1897 tentationem
1562 1840 1732 1904 ducti,
1761 1856 1808 1895 a.

207 1935 333 2006 lege
358 1933 455 1989 Dei
479 1950 586 1990 non
621 1942 874 2005 poterant
914 1932 1158 2004 separari
1194 1950 1209 1987 ε
1246 1940 1304 1986 et
1334 1931 1428 1987 ubi
1481 1946 1590 1986 non
1639 1940 1795 2003 pote-

210 2036 340 2083 mat
367 2042 489 2082 eam
522 2027 785 2097 operibus
812 2025 1105 2082 ostendere
1136 2043 1152 2079 ε
1185 2033 1370 2080 tamen
1405 2024 1463 2078 in
1514 2023 1625 2095 leqe
1674 2024 1794 2095 ipsa

209 2120 624 2176 meditabantur
678 2119 763 2174 die
803 2135 865 2173 oc
888 2126 1040 2173 nocte
1083 2124 1366 2174 versantes
1418 2116 1478 2171 in
1521 2118 1789 2175 oratione.

207 2211 361 2284 quod
391 2226 501 2266 non
532 2219 782 2283 poterant
817 2210 870 2265 in
902 2210 1138 2266 actione.

283 2303 426 2371 Quia
469 2319 601 2359 vero
631 2303 756 2359 talis
801 2304 1069 2370 voluntas,
1121 2310 1178 2359 et
1206 2301 1332 2358 talis
1374 2301 1678 2370 meditatio,
1709 2301 1793 2359 vel

207 2395 392 2453 dratio
416 2398 627 2455 cassari
651 2414 761 2453 non
788 2399 984 2469 potuit,
1015 2406 1175 2453 erant
1221 2397 1385 2453 etiam
1440 2406 1698 2469 tanquam
1725 2397 1795 2452 li·

208 2502 399 2563 gnum,
425 2492 561 2562 quod
588 2489 891 2560 plantatum
917 2499 998 2546 est
1034 2506 1183 2545 secus
1229 2489 1483 2546 decursus
1513 2503 1792 2561 aquarum,

210 2587 362 2658 quod
389 2587 617 2657 [ructum
645 2598 799 2641 suum
846 2585 996 2642 dabit
1055 2585 1115 2640 in
1145 2588 1374 2657 tempore
1417 2603 1532 2641 suo.
1563 2584 1699 2642 Nam
1727 2587 1795 2643 ad

210 2675 627 2732 similitudinem
657 2676 862 2733 Christi
908 2675 1192 2732 veritatem
1236 2675 1617 2742 contestantis,
1641 2684 1699 2731 et
1726 2677 1796 2732 oli

211 2767 361 2822 lianc
398 2767 706 2834 morientis,
766 2774 822 2822 et
874 2764 981 2836 ipsi
1024 2765 1262 2822 fructum
1306 2764 1690 2834 confessionis,
1741 2775 1796 2821 et

217 2860 496 2932 martyrii,
524 2859 610 2916 vel
658 2858 879 2924 occulti,
908 2857 993 2915 vel
1041 2857 1320 2914 manifesti
1375 2855 1641 2914 fecerunt.
1681 2873 1701 2910 r
1728 2856 1799 2912 Et

210 2953 410 3010 folium
432 2968 627 3009 eorum
660 2967 769 3007 non
793 2950 1020 3008 defluxit
1050 2949 1187 3025 (Jer.
1220 2966 1341 3019 vm,
1370 2950 1484 3023 ¹0),
1522 2970 1543 3005 ι
1576 2952 1706 3024 quia
1738 2951 1793 3008 in

209 3044 376 3100 dictis
400 3059 593 3100 eorum
643 3045 846 3101 veritas
894 3043 1018 3100 fuit.
1065 3062 1084 3096 ι
1118 3042 1187 3099 Et
1224 3043 1410 3100 omnia
1453 3056 1794 3116 quaecunque

211 3134 997 3209 faciebant‘prosperabantur,
1024 3137 1156 3209 quia
1210 3137 1565 3208 diligentibus
1615 3137 1788 3195 Deum

210 3232 401 3309 omnia
437 3229 878 3300 cooperabantur
922 3230 980 3285 in
1026 3229 1234 3285 bonum
1257 3227 1433 3300 (Rom.
1468 3230 1723 3302 rnt,28).
1766 3246 1785 3283 t

210 3317 372 3377 Unde
397 3323 631 3392 separati
662 3323 887 3379 suntab
920 3323 1123 3394 impiis,
1147 3337 1290 3395 quos
1340 3321 1558 3393 projicit
1606 3333 1790 3379 veritus

206 3433 245 3470 a
273 3415 414 3486 {acie
436 3426 611 3481 ωτι-ω,
638 3415 734 3488 qui
766 3432 868 3471 nou
905 3423 1202 3489 resurgunt
1221 3416 1278 3470 in
1296 3415 1528 3486 judicio,
1552 3431 1791 3486 quorum

208 3508 315 3562 iter
337 3508 551 3579 peribit,
575 3516 631 3562 et
669 3508 875 3563 inventi
913 3511 1040 3565 sunt
1067 3508 1124 3564 in
1152 3506 1398 3574 consilio,
1421 3516 1476 3565 et
1514 3508 1795 3581 conqreqti·

208 3599 659 3672 &trojanos-am,
681 3617 917 3674 quorum
948 3602 1090 3656 viam
1134 3602 1277 3657 novit
1305 3600 1587 3657 Dominus.
1637 3600 1795 3658 Unde

209 3695 268 3751 in
302 3696 411 3751 line
438 3695 636 3766 psalmi
685 3710 789 3752 nos
835 3695 1027 3766 inopes
1051 3700 1242 3751 eoi-um
1271 3693 1435 3751 saluti
1463 3702 1520 3749 et
1552 3694 1790 3750 beatitu-

208 3788 328 3844 dini
350 3790 755 3859 congaudentes
790 3789 844 3844 in
882 3781 1180 3860 gratiarum
1211 3788 1426 3844 actione
1452 3800 1554 3857 pro
1604 3787 1713 3844 illis
1735 3786 1791 3844 in

210 3879 451 3937 Domino
472 3882 811 3953 glorificatis,
852 3882 909 3937 in
938 3881 1334 3952 supplicatione
1380 3895 1480 3951 pro
1536 3880 1694 3936 nobis
1736 3881 1793 3937 in

208 3974 407 4030 eodem
441 3974 677 4030 Domino
724 3973 1096 4044 glorificandis
1139 3972 1399 4029 cordibus
1446 3972 1790 4042 exsultando,

209 4076 269 4123 et
285 4067 467 4138 capita
505 4077 693 4123 nostra
721 4065 1055 4121 humiliando
1077 4064 1329 4121 canimus
1350 4080 1369 4119 ε

287 4157 474 4213 Glo‘ria
500 4158 675 4224 Patri,
698 4166 748 4211 et
779 4154 947 4222 Filio,
979 4169 1032 4211 et
1059 4154 1288 4226 Spiritui
1331 4165 1536 4212 sancto.
1586 4156 1793 4215 Contra

209 4260 425 4321 pestem
452 4248 711 4303 Arianam
764 4247 871 4304 ista
900 4247 1023 4303 laus
1045 4245 1330 4304 Trinitatis
1376 4262 1408 4303 a
1437 4246 1691 4311 Patribus
1734 4249 1792 4304 in

212 4341 437 4399 Nicaeno
463 4340 696 4397 concilio
740 4339 983 4396 collectis
1017 4338 1121 4396 fuit
1146 4339 1486 4412 deprompta,
1528 4343 1656 4413 quia
1703 4344 1795 4400 ille

1894 452 2179 508 terseritur
2205 453 2391 509 Gloria
2414 452 2594 522 Patri,
2623 463 2680 533 et
2713 451 2882 522 Filio,
2911 463 2963 508 et
3008 452 3237 524 Spiritui
3262 467 3468 526 sancto,

1892 559 2003 601 non
2028 545 2304 603 credimus
2332 545 2388 601 iu
2415 546 2865 603 consuetudinem
2894 547 3112 604 venisse
3139 546 3347 619 absque
3383 549 3471 606 di-

1890 640 2018 694 vina
2047 639 2425 710 dispositione.
2470 637 2608 696 Nam
2657 640 2787 711 quia
2834 640 3133 712 gloriosum
3188 639 3476 698 Trinitatis

1892 745 2126 797 nomen,
2150 742 2214 786 ut
2242 732 2298 786 in
2328 732 2596 802 prooemio
2638 730 2900 800 diximus,
2925 732 3101 803 primo
3141 732 3194 787 in
3238 731 3476 790 Psalmis

1892 823 2174 879 evidenter
2201 823 2539 880 declaratum
2567 833 2653 882 est
2685 826 2829 894 qimai
2865 826 2965 878 §anit
2997 826 3262 878 uelutillut:
3290 826 3474 882 initus

1891 911 2065 985 Moysi
2098 929 2274 985 usque
2302 915 2371 971 ad
2402 915 2569 972 istum
2598 915 2765 971 Duilli
2801 918 2895 970 fnit
2933 922 3310 970 :niusa-amilium
3346 938 3358 972 2
3386 934 3470 974 ΓΕ-

1892 1013 1978 1060 cte
2004 1005 2146 1061 idem
2170 1021 2368 1062 nomen
2420 1008 2717 1079 gratiosum
2749 1022 2797 1062 nt
2861 1013 3158 1082 prozimum
3194 1014 3470 1070 altinum-li-

1892 1096 2061 1152 turin
2090 1097 2560 1156 ssnePsalmorum
2605 1111 2861 1170 tanquam
2921 1106 3098 1158 finalis
3154 1110 3470 1162 intentionis

1892 1203 2084 1244 eorum
2108 1189 2549 1260 significativum.
2578 1190 2709 1258 Quis
2757 1206 2837 1251 [⁴51
2869 1198 3009 1251 vnim
3041 1198 3180 1259 Ιίτιὲῖιἱ
3206 1198 3274 1251 :id
3306 1215 3466 1267 quem

1893 1282 2142 1350 tendunt,
2194 1284 2289 1355 qui
2345 1285 2618 1356 sapienter
2665 1291 2929 1355 petilium,
2985 1295 3085 1347 ulai
3146 1295 3470 1363 glan-ilianum

1892 1373 2094 1443 Patris,
2150 1375 2246 1448 qui
2295 1392 2399 1433 nos
2444 1378 2767 1435 mirabiliter
2813 1387 3013 1435 errarit
3053 1399 3114 1435 ux
3162 1387 3330 1439 nihilq
3358 1391 3378 1439 ῗ
3410 1387 3474 1439 Et

1896 1464 2043 1534 Filii,
2074 1467 2169 1538 qui
2193 1484 2298 1525 nos
2324 1469 2634 1524 mirabilius
2661 1475 2881 1527 vaticinii
2933 1491 2957 1527 :i
3005 1479 3202 1531 *tinnuli
3238 1491 3286 1531 [tl
3338 1499 3462 1547 μιμῇἑ

1894 1559 2004 1615 cati
2024 1560 2271 1616 dominio
2311 1561 2397 1617 vel
2425 1561 2693 1618 servilio?
2749 1567 2809 1619 lit
2865 1567 3102 1635 Spiritus:
3154 1575 3346 1635 saneti.
3374 1579 3466 1643 qni

1896 1651 2147 1707 essentiae
2194 1661 2395 1708 nostrae
2441 1643 2727 1721 fabricam,
2775 1671 2942 1726 quam
2987 1656 3149 1715 Pater
3177 1660 3246 1718 de
3298 1664 3473 1722 nihilo

1824 1725 1867 1780 Β
1896 1742 2204 1810 aedificavit,
2257 1742 2433 1800 Filius
2460 1743 2796 1802 destructam
2851 1747 3217 1820 reaedificavit,
3266 1753 3482 1810 illumi-'

1893 1845 1990 1891 nat
2013 1852 2079 1894 ac
2127 1839 2427 1909 perornat?
2454 1835 2732 1895 illuminat
2763 1839 2993 1898 scientia
3045 1844 3310 1914 veritatis,
3341 1864 3469 1918 per-

1892 1939 2053 1985 ornat
2083 1946 2271 1986 amore
2305 1930 2544 1998 virtutis,
2596 1938 2659 1986 ut
2702 1931 2878 1989 simus
2928 1933 2982 1990 in
3036 1935 3255 1995 laudem
3280 1940 3470 2012 gloriae

1895 2022 2066 2092 ipsius
2086 2023 2175 2079 cui
2212 2023 2518 2095 psallimus.

1965 2111 2064 2169 Est
2095 2113 2260 2170 etiam
2288 2115 2395 2171 alia
2420 2115 2478 2171 in
2493 2117 2600 2174 hoe
2630 2117 2858 2186 utilitas,
2883 2120 3030 2192 quod
3075 2121 3131 2177 in
3179 2123 3289 2180 line
3316 2123 3472 2181 Psal-

1895 2221 2134 2268 morum.
2186 2207 2243 2263 in
2287 2207 2396 2263 ssne
2443 2209 2938 2281 Responsoriorum
2974 2213 3044 2270 de
3088 2213 3342 2287 Psalmis,
3378 2229 3476 2276 aut

1895 2298 2018 2354 aliis
2042 2298 2194 2355 libris
2229 2311 2578 2370 exceptorum
2617 2314 3081 2361 commemoratur
3110 2315 3301 2365 sancta
3346 2309 3474 2367 Tri-

1897 2389 2060 2457 nitas,
2085 2392 2213 2462 quia
2246 2408 2372 2449 cum
2401 2393 2549 2450 dicat
2580 2393 2840 2451 Salomon
2874 2416 2886 2452 ς
2925 2416 2944 2450 t
2990 2396 3185 2456 Turris
3223 2399 3471 2460 fortissi-

1896 2497 1987 2538 ma
2029 2497 2226 2539 nomen
2255 2482 2468 2540 Domini
2501 2502 2516 2542 t
2548 2485 2619 2542 ad
2650 2488 2823 2559 ipsam
2861 2487 2999 2561 fugit
3013 2489 3298 2561 justus,et
3316 2496 3471 2553 exal-

1896 2570 2101 2628 tabitur
2126 2572 2310 2642 (Ρη-ους
2345 2591 2497 2642 xvnt,
2543 2575 2633 2647 10)
2671 2597 2691 2629 »
2727 2614 2745 2644 ,
2773 2594 2900 2634 eum
2932 2578 3095 2647 forte,
3138 2593 3235 2639 aut
3258 2588 3478 2657 sapien-

1896 2673 1978 2720 ter
2006 2665 2290 2735 psallendo
2310 2668 2621 2741 colligimus
2641 2670 2799 2727 bonae
2826 2671 2944 2742 spei
2991 2673 3334 2747 thesaurum,
3378 2688 3478 2736 aut

1897 2757 2232 2829 negligenter
2253 2759 2536 2829 psallendo
2564 2761 2853 2819 amisimus
2883 2763 3062 2831 illum,
3094 2781 3276 2825 nonne
3306 2770 3478 2827 habe·

1896 2865 2022 2905 mus
2044 2852 2413 2908 necessarium
2433 2861 2614 2909 tutum
2638 2854 2861 2927 aliquod
2890 2856 3184 2930 refugium,
3231 2877 3343 2933 quo
3388 2867 3478 2922 vel

1896 2942 2219 3000 thesaurum
2257 2945 2546 3003 collectum
2569 2947 2626 3003 in
2651 2956 2770 3005 tuto
2796 2965 3156 3020 reservemuS,
3182 2955 3267 3012 vel
3305 2957 3477 3015 amis-

1821 3078 1863 3136 Ο
1898 3054 2021 3094 sum
2052 3053 2148 3109 per
2173 3040 2404 3111 gratiam
2432 3044 2865 3113 recuperemus?
2895 3043 3106 3113 Turris.
3147 3058 3331 3106 autem
3362 3051 3476 3122 for-

1896 3130 2105 3185 tissima
2147 3148 2335 3187 nomen
2359 3132 2577 3192 Domini
2601 3150 2620 3199 ,·
2645 3134 2910 3207 adipsum
2949 3137 3088 3209 suffic
3137 3140 3345 3209 justus.
3397 3145 3478 3202 ait

1892 3223 2010 3294 ipse
2031 3222 2308 3281 Salomont
2341 3225 2447 3282 Sed
2484 3244 2586 3284 nos
2610 3228 2794 3284 divina
2821 3228 3225 3301 dispensatione
3262 3248 3473 3294 semota

1892 3313 2029 3386 legis
2072 3317 2410 3386 austeritate,-
2437 3319 2555 3387 jam
2603 3318 2660 3375 in
2683 3329 2927 3391 tempore
2950 3324 3187 3395 pietatis,
3237 3336 3294 3383 et
3343 3345 3471 3400 gra·

1894 3405 1986 3462 tiae
2013 3407 2278 3465 audemus
2298 3408 2521 3465 dicere:
2554 3410 2677 3480 plus
2725 3408 3038 3481 Salomone,
3089 3416 3216 3486 quia
3256 3435 3274 3471 ι
3312 3419 3467 3490 plns-³

1894 3512 2059 3568 qnam
2094 3498 2351 3555 Salomon
2384 3501 2513 3563 hic(
2546 3501 2743 3559 Manli.
2781 3520 2881 3573 xit,
2910 3506 3057 3577 42).»
3092 3506 3240 3566 Dixit
3271 3510 3362 3568 ille
3401 3513 3473 3569 de

1894 3591 2001 3648 bac
2024 3602 2174 3649 turre
2196 3595 2513 3663 fortissima,
2543 3610 2667 3666 quae
2698 3604 2783 3652 est
2805 3614 2991 3653 »nornen
3021 3598 3238 3657 Domini
3268 3604 3472 3660 trinum

1839 3708 1865 3728 κ
1895 3697 1948 3742 et
1975 3701 2169 3753 unum,
2198 3688 2344 3759 quod
2372 3687 2440 3744 ad
2467 3703 2591 3744 eam
2614 3687 2787 3760 fugiat
2810 3691 3016 3761 jutum.
3061 3693 3307 3753 Dicimus
3343 3713 3467 3763 noS,

1896 3779 2041 3850 quod
2073 3777 2141 3834 ad
2166 3776 2340 3849 ipsam
2363 3777 2680 3850 fugiendum
2695 3791 2778 3837 est
2792 3782 2944 3853 justo
2961 3792 3016 3839 et
3031 3784 3265 3857 injvssto;
3290 3787 3467 3857 justo,

1896 3879 1958 3925 ut
2006 3866 2340 3942 justificetur
2403 3871 2680 3941 amplius;
2735 3873 2962 3944 injusto,
3018 3885 3078 3931 ut
3118 3887 3360 3935 mutetur
3392 3888 3476 3937 to·

1897 3972 2024 4030 tus;
2053 3963 2379 4034 atqueidco,
2404 3964 2518 4021 sive
2553 3967 2849 4038 sapienter,
2885 3967 3021 4035 sive,
3070 3971 3218 4042 quod
3261 3984 3473 4034 avertat

1895 4056 2063 4124 Deus,
2104 4057 2440 4127 negligenter
2467 4058 2790 4129 psallamus,
2814 4067 2994 4115 tutum
3015 4069 3121 4128 est,
3151 4073 3210 4118 ut
3262 4065 3330 4120 ad
3392 4067 3470 4122 is·

1895 4158 2009 4207 tam
2039 4149 2234 4207 turrim
2255 4149 2609 4207 fortissimam
2633 4150 3013 4225 confugiamus
3029 4168 3472 4213 commemoran-

1894 4252 1980 4301 tes
2008 4259 2210 4301 nomen
2252 4252 2458 4301 sanctae
2478 4243 2764 4301 Trinitatis
2807 4247 2864 4302 in
2918 4248 3217 4321 gratiarum
3258 4252 3474 4308 actione

1895 4352 1998 4408 pro
2029 4337 2168 4394 bene
2194 4337 2467 4409 cogitatis,
2495 4337 2681 4403 dictiS,
2707 4347 2762 4395 et
2798 4337 2981 4406 factis,
3021 4341 3076 4396 in
3102 4341 3472 4411 confessione,

210 4434 461 4504 iniquus,
492 4440 547 4487 et
583 4430 890 4501 iniquitatis
915 4429 1061 4487 filius
1087 4432 1306 4503 negavit
1332 4429 1511 4498 Patri,
1540 4443 1592 4486 et
1616 4431 1786 4501 Filio,
1823 4432 1867 4487 D
1896 4439 1962 4484 ac
2007 4428 2328 4499 poenitentia
2391 4444 2491 4499 pro
2527 4429 2687 4485 malis
2741 4431 3165 4501 cogitationibus
3207 4434 3389 4503 dictis.
3420 4448 3476 4495 et

207 4537 262 4582 et
289 4525 523 4598 Spiritui
558 4534 741 4581 sancto
765 4540 886 4581 esse
908 4524 1138 4597 gloriam
1190 4525 1518 4595 coaequalem
1544 4544 1559 4593 ;
1606 4528 1794 4597 praedi-

209 4635 349 4677 cans
372 4618 567 4674 Filium
593 4618 756 4673 Patre
802 4618 1093 4685 minorem,
1141 4626 1197 4673 et
1237 4616 1500 4689 Spiritum
1550 4630 1794 4674 sanctum

210 4709 486 4766 ambobus
510 4711 801 4765 minorem.
840 4708 962 4776 Quo
992 4717 1183 4764 contra
1239 4709 1387 4765 canit
1418 4708 1658 4766 Ecclesia
1702 4728 1813 4767 ca-·

215 4802 418 4858 tholica
445 4821 460 4856 :
490 4801 678 4858 Gloria
728 4800 905 4867 Patri,
951 4809 1002 4854 et
1024 4799 1192 4868 Filio,
1220 4809 1272 4855 et
1301 4799 1531 4870 Spiritui
1582 4811 1789 4858 sancto.

209 4895 481 4951 Primitns
504 4893 789 4950 dicebatur
814 4912 829 4947 ι
854 4892 1041 4948 Gloria
1081 4894 1259 4959 Patri,
1282 4901 1332 4949 et
1366 4892 1510 4948 Filio
1533 4904 1585 4949 et
1619 4893 1796 4966 Spiri-

212 4988 296 5041 tui
320 4993 508 5039 sancto
530 4986 586 5038 in
607 4983 807 5039 soecula
841 4983 1177 5040 Μυσαίου-ωτι.
1233 4984 1339 5040 Sed
1383 4985 1576 5041 beatus
1602 4983 1796 5043 Hiero-

213 5095 418 5151 nymus
470 5078 717 5134 eamdem
759 5077 1214 5149 glorificationem
1272 5077 1498 5136 adauxit
1551 5078 1794 5151 interpo-

214 5174 400 5227 nendo
429 5190 442 5226 ε
470 5171 1141 5242 sicuteratin-principio,
1188 5180 1239 5225 et
1287 5186 1444 5238 niune,
1472 5181 1523 5226 et
1572 5187 1792 5242 semper.

212 5262 368 5319 idem
398 5264 592 5320 beatus
621 5280 720 5335 per
738 5263 1026 5334 epistolam
1061 5264 1302 5320 obtinuit
1322 5263 1466 5334 apud
1499 5261 1796 5321 Damasum

210 5369 437 5430 papam,
467 5366 527 5412 ut
546 5372 613 5412 ex
643 5355 942 5428 apostolica
984 5356 1322 5413 institutione
1347 5357 1470 5413 laus
1499 5356 1689 5413 eadem
1713 5372 1813 5414 re··

204 5450 486 5505 citaretur
510 5449 566 5502 in
596 5447 705 5503 tine
738 5445 1101 5516 Psalmorum,
1159 5452 1305 5520 qnod
1348 5449 1512 5505 etiam
1545 5448 1617 5504 ita
1661 5449 1801 5506 solet

214 5541 524 5608 observari,
556 5541 805 5597 uisicum
837 5541 978 5596 ratio
1028 5540 1197 5611 exigit
1237 5541 1484 5597 eamdem
1529 5541 1801 5611 glorifica·

215 5634 426 5691 tionem
475 5634 758 5689 intermitti
786 5652 802 5697 ς
830 5635 976 5690 sicut
1001 5642 1055 5688 et
1077 5630 1263 5688 Gloria
1287 5634 1343 5687 in
1375 5633 1598 5688 excelsis
1631 5634 1801 5689 inter-

215 5727 352 5785 dum
382 5726 523 5784 solet
546 5725 908 5798 praetermitti.
953 5724 1111 5793 Quod
1156 5734 1340 5783 autem
1375 5725 1621 5788 crebrius
1650 5725 1803 5786 Psal-

1904 4519 2086 4577 factiS.
2113 4519 2251 4576 Nam
2276 4521 2403 4593 quia
2437 4521 2505 4576 dc
2549 4521 2879 4593 cogitatione
2906 4536 3197 4595 g‹meratur
3247 4543 3429 4584 sermo
3456 4549 3471 4596 ς

1898 4613 1966 4668 de
1996 4612 2327 4684 cogitatione
2351 4611 2575 4683 pariter,
2598 4621 2655 4669 et
2673 4628 2703 4667 a
2734 4630 2986 4673 sermone
3015 4619 3259 4688 procedit
3295 4622 3473 4677 actio·-

1897 4704 1984 4761 nis
2008 4704 2353 4776 pulchritudo
2387 4723 2401 4761 ε
2435 4706 2487 4760 in
2525 4705 2630 4763 lioc
2675 4706 2796 4777 ipso
2844 4709 3092 4779 quaedam
3131 4719 3218 4767 est
3255 4722 3474 4770 mternze

1897 4797 2185 4854 Trinitatis
2213 4806 2336 4868 apta
2367 4797 2686 4867 similitudo,
2720 4808 2774 4855 et
2795 4801 2972 4857 eidem
3002 4818 3070 4857 ex
3107 4803 3216 4860 hoc
3241 4804 3472 4864 debetur

1897 4892 2088 4964 gloria,
2118 4901 2171 4947 et
2198 4891 2497 4963 gratiarnm
2522 4893 2682 4959 aetio,
2709 4893 2753 4949 si
2781 4892 2836 4948 in
2868 4894 3026 4951 nobis
3049 4895 3193 4953 bona
3213 4898 3472 4971 cogitatio

1898 4984 2178 5056 praecessit
2198 4984 2253 5039 in
2281 4985 2466 5041 cordis
2495 4985 2818 5042 credulitate
2848 4987 2915 5042 ad
2957 4987 3254 5059 justitiam,
3299 5002 3355 5049 et
3403 4994 3473 5050 de

1900 5080 2005 5135 hac
2024 5077 2139 5134 oris
2161 5075 2434 5133 confessio
2456 5079 2724 5148 processit
2747 5081 2816 5136 ad
2841 5080 3095 5146 salutem,
3125 5082 3192 5139 de
3225 5093 3471 5156 ,utroque

1900 5178 2083 5226 autem
2104 5167 2345 5240 perfecta
2372 5170 2641 5241 operatio.
2669 5171 2762 5228 Sic
2784 5172 2953 5240 enim,
2994 5172 3126 5229 etin
3158 5174 3262 5230 lide
3288 5176 3471 5235 cordis

1899 5261 2040 5318 bene
2073 5261 2364 5333 cogitantis
2387 5262 2559 5334 ylario
2582 5274 2666 5320 est
2687 5263 2846 5318 Patri
2872 5306 2888 5332 ‚
2918 5273 2973 5321 et
3014 5265 3068 5322 in
3099 5282 3349 5323 sermone
3374 5268 3474 5324 bo·-

1903 5370 1976 5410 no
2005 5355 2178 5427 gloria
2200 5365 2285 5412 est
2319 5355 2466 5421 Filio
2498 5374 2517 5413 .·
2541 5355 2718 5413 Verbo
2769 5358 2977 5415 scilicet
3017 5359 3320 5426 incarnato,
3375 5358 3474 5417 Dei

1901 5458 2118 5505 aeternae
2139 5451 2440 5522 sapientiae,
2462 5466 2586 5522 qnae
2628 5452 2696 5507 de
2735 5467 2831 5507 ore
2859 5452 3126 5512 Altissimi
3163 5451 3430 5522 processit
3457 5474 3471 5508 ε

1900 5542 2033 5597 etin
2071 5543 2229 5600 bonis
2263 5542 2519 5613 operibus
2567 5543 2899 5614 glorificatur
2945 5543 3182 5614 Spiritus
3227 5552 3471 5601 senicius.

1904 5633 2044 5702 Quia
2081 5653 2100 5687 ι
2129 5636 2247 5693 lucc
2269 5636 2452 5691 omnia
2484 5644 2742 5706 operatur
2767 5654 2909 5693 unus
2929 5647 3095 5707 atque
3115 5636 3257 5702 idem
3298 5636 3475 5709 Spiri-

1908 5738 2022 5802 tus,
2053 5729 2300 5787 dividcns
2345 5728 2573 5801 singulis
2616 5737 2773 5802 prout
2807 5730 2941 5788 vult.
2987 5728 3037 5802 (1
3066 5729 3191 5789 Cor.
3229 5747 3326 5799 xit,
3361 5731 3471 5803 tl).
