3817 6000
141 219 192 277 tes
486 217 761 276 couuusrtttttttt
782 217 815 274 ΙΝ
833 216 1002 276 turnultus.
1019 249 1052 260 -
1067 221 1157 278 etus
1172 221 1193 279 l.
1206 253 1241 263 -
1258 222 1356 280 esst.
1378 224 1412 282 tt.
1705 226 1758 283 ’ΠΟ

138 331 244 387 sumini
260 330 309 397 illi,
324 329 427 402 quiesi
448 330 560 398 veritas,
573 332 793 401 incorporantur.
808 335 832 387 tt
845 333 925 404 cujus
938 347 962 399 A
977 336 1050 391 nitas
1067 335 1154 391 euceri
1171 345 1245 401 sunt,
1267 352 1318 392 neo
1338 337 1523 403 dissimulare,
1544 344 1586 393 rel
1610 342 1759 408 occultare,

138 437 253 494 corpore
278 421 409 494 quoniam
433 430 606 478 recesserunt
629 423 706 477 multi
730 425 788 479 solo
812 426 923 480 nomine
976 444 1023 485 seu
1037 429 1158 499 quolibet
1179 429 1262 485 modo
1280 430 1392 499 palliare
1410 432 1597 488 nlnaraleant
1611 449 1660 490 sua
1683 450 1758 491 men·

137 515 296 573 Christiano
320 516 372 571 sibi
400 525 517 580 retento,
540 518 626 572 scient
653 518 776 587 quonism
806 515 923 572 domines
975 521 1215 578 daciaranissinra
1237 539 1287 594 pro
1300 523 1468 579 Antichristo
1488 534 1581 580 contra
1605 525 1757 592 Christum,

136 620 211 677 sant,
229 610 255 665 id
275 619 317 665 est
329 610 391 665 rani
405 620 433 664 et
451 608 525 678 lalsi,
545 619 600 664 tam
615 609 641 663 in
659 609 794 665 laudando
808 610 920 677 malum,
974 614 1079 683 prolata
1104 614 1172 685 ipsis
1200 616 1361 681 scientibus,
1385 625 1412 670 et
1435 617 1513 671 lauri
1538 619 1652 685 coactis,
1676 629 1757 692 atque

136 718 221 774 quam
235 703 263 757 in
276 701 455 772 vituperando
470 702 584 768 bonum,
607 702 774 772 permaxime
788 717 850 757 cum
873 717 922 771 per
975 707 1102 763 omnibus
1120 709 1331 778 agnoscentibus
1345 711 1470 780 quonium
1484 711 1601 766 domines
1618 721 1690 768 sunt.

136 796 232 851 xaudes
248 795 332 850 falsas
355 793 382 849 in
398 794 535 850 cathedris
557 792 653 865 iloysi,
670 794 725 849 imo
748 794 775 849 in
792 793 920 850 cathedra
1011 801 1039 856 ln
1066 801 1118 857 boc
1138 803 1197 858 locu
1217 803 1365 873 diapsalma
1390 805 1577 875 interpositum
1599 816 1673 861 notat
1688 804 1757 861 Pro·

135 888 251 955 illusisti,
271 904 354 959 super
373 896 496 944 sanciam
510 885 660 944 Ecclesium
679 886 827 943 sublimatu
849 886 920 942 indi·
972 893 1060 964 phctae
1077 895 1181 950 orantis
1206 895 1292 949 laetam
1315 895 1516 966 jubilationem,
1540 907 1651 966 propter
1672 897 1756 964 iilam,

136 995 232 1053 tillim.
247 981 290 1035 vel
305 995 354 1051 per
376 979 509 1049 vituperia
527 978 597 1037 ialsa
618 979 730 1052 dignum
743 978 880 1051 depellunt
903 994 920 1034 a
971 1001 1052 1056 quam
1068 995 1168 1055 sperat,
1191 985 1391 1042 exauditionem
1411 988 1469 1057 jain
1490 990 1587 1057 partim
1610 987 1756 1058 prcnxtssae

135 1071 277 1143 dignitate,
294 1088 328 1126 ue
343 1070 413 1127 lorte
429 1072 475 1126 illo
487 1072 659 1142 principante
677 1072 769 1128 minus
779 1072 920 1128 liceatillis
970 1088 997 1133 et
1007 1080 1096 1133 adbuc
1110 1080 1207 1148 partim
1220 1080 1342 1136 dicendae
1357 1079 1500 1148 orationis,
1512 1098 1593 1151 quam
1605 1097 1621 1136 a
1632 1082 1756 1153 quaestio·

135 1165 268 1220 msamre.
294 1162 385 1219 Sciunt
410 1179 475 1235 erqo
497 1164 542 1219 isti
560 1166 638 1234 tales,
652 1166 778 1235 quonium
802 1165 919 1220 bomiuss
970 1171 1055 1223 nerel
1067 1172 1261 1241 conquestione
1274 1172 1314 1228 sic
1325 1172 1438 1243 incipit.

135 1268 209 1326 ssrrt,
223 1259 353 1329 quoniam
374 1258 488 1313 vanitati
506 1258 621 1326 similes,
635 1268 682 1314 aut
696 1257 777 1314 etiam
794 1257 852 1328 ipsa
871 1273 919 1312 ra·

772 1555 1036 1646 Pstttltts
1069 1557 1131 1645 X.

648 1845 651 1850 Ι
733 1752 916 1817 Secundum
931 1753 1084 1816 liebresus
1104 1750 1165 1833 (37)

173 2073 252 2129 less.
265 2075 291 2129 l.
305 2072 339 2131 Ut
352 2078 426 2146 quid,
439 2074 559 2142 bomine,
568 2074 698 2130 recessisti
711 2073 805 2144 turpi
814 2069 915 2127 Nimie-
931 2071 1065 2143 Bpartim
1077 2069 1134 2142 jaro
1154 2070 1300 2137 concitata,
1323 2071 1421 2141 partim
1443 2073 1575 2130 adversus
1600 2073 1753 2135 Ecclesiam

133 2176 189 2223 tate
202 2183 320 2239 namque
332 2170 464 2224 malorum
476 2178 615 2239 permotus
629 2166 709 2240 quasi
726 2181 793 2222 voce
805 2180 916 2237 qemeu·
967 2164 1057 2219 adhuc
1067 2163 1239 2219 concitanda.
1252 2162 1335 2230 Quasi
1346 2164 1419 2218 enirn
1435 2173 1532 2220 sentus
1545 2170 1698 2225 contrarius
1709 2180 1751 2226 est

133 2259 213 2326 tium,
239 2269 265 2315 et
283 2261 507 2331 conquerentium
540 2260 639 2332 quaerit
663 2277 671 2314 a
702 2256 736 2314 lit
764 2258 839 2330 quid,
862 2256 917 2313 lio-
966 2254 1128 2326 illud,quod
1154 2254 1283 2309 laudatur
1302 2264 1422 2325 peccator
1445 2257 1473 2310 io
1493 2257 1631 2315 desideriis
1652 2262 1752 2318 anime*

133 2353 214 2420 mine,
231 2355 362 2409 recessisti
375 2354 471 2425 touqei
487 2352 549 2410 blox
572 2352 651 2425 quasi
663 2352 754 2409 subito
778 2351 916 2407 intellexe-
966 2362 1033 2414 suec,
1054 2354 1079 2400 et
1101 2345 1208 2417 iniquus
1223 2344 1394 2402 benedicitur.
1418 2345 1539 2404 sienim
1561 2350 1589 2405 in
1606 2352 1750 2414 desideriis

133 2446 182 2513 rit,
198 2447 288 2502 solvit.
312 2445 375 2504 ideo
388 2448 513 2504 videlicet
527 2447 676 2513 recessisti,
691 2447 755 2519 qaia
767 2446 878 2517 despicis
887 2447 916 2501 irs
966 2437 1057 2509 pravis
1069 2446 1196 2508 peccator
1207 2449 1378 2510 argueretur»
1400 2448 1428 2495 0²
1442 2439 1553 2512 iniquus
1572 2454 1683 2515 propter
1697 2445 1751 2503 ini·

133 2538 383 2606 opportunitatibus,
399 2539 427 2592 in
441 2536 619 2593 tribulatione.
636 2536 712 2593 lieet
727 2538 801 2594 enirn
816 2547 844 2593 tu
860 2552 915 2593 nou
965 2531 1084 2602 quitates
1101 2541 1209 2601 apertas
1223 2531 1431 2588 malediceretur
1445 2542 1473 2588 et
1496 2539 1749 2595 excommunicare·

134 2631 256 2696 recedas,
272 2631 320 2702 qui
341 2633 441 2703 ubique
453 2647 494 2699 es,
511 2641 600 2687 tamen
617 2632 682 2687 dnm
705 2646 761 2687 non
776 2631 917 2688 succurris
966 2634 1020 2687 tnr,
1035 2622 1153 2679 fortasse
1166 2622 1357 2679 humiliaretur
1376 2624 1447 2680 sicut
1468 2625 1627 2682 humiliatus
1641 2638 1683 2684 est
1696 2629 1748 2683 iur-

135 2722 162 2777 in
178 2724 362 2792 tribulatione,
376 2724 442 2780 dum
456 2724 549 2782 dillers
561 2724 704 2792 auxilium,
720 2724 827 2781 ridetur
847 2741 914 2796 qen·
965 2714 1026 2784 pins
1039 2713 1131 2769 Achab
1143 2712 1306 2790 fediliistllss
1322 2714 1356 2769 δῖ)
1371 2711 1440 2770 Elii·
1464 2712 1543 2771 Nunc
1555 2724 1645 2772 autem

132 2816 206 2871 tibus
231 2818 303 2887 quod
321 2818 399 2888 longe
419 2819 575 2881 cccccccccc,
588 2819 661 2889 quoq
686 2828 749 2874 cccc
768 2817 915 2889 cccccccccc,
1001 2806 1083 2863 Voss.
1098 2808 1126 2863 5.
1146 2806 1414 2873 Quorsionsiuuddtur
1425 2819 1546 2879 peccator
1563 2811 1591 2864 in
1607 2811 1750 2867 desideriis

132 2910 290 2980 nullamque
308 2909 341 2965 de
355 2909 409 2966 illis
424 2925 518 2966 euram
541 2911 651 2967 babeas.
674 2908 774 2966 ilerum
799 2926 853 2967 nou
876 2912 913 2969 ita
965 2900 1061 2954 illim&
1074 2915 1140 2966 Μ,
1162 2908 1187 2954 ‘i
1212 2899 1319 2970 filimi
1340 2898 1514 2956 dimidiis·
1533 2900 1597 2956 ¹¹¹d⁰
1619 2911 1660 2958 0⁸¹
1674 2905 1752 2973 ‘1⁰⁰4

131 3014 183 3072 cst,
197 3006 261 3078 qnia
274 3006 322 3061 cibi
341 3025 351 3057 r
367 3007 401 3061 (tc
415 3005 542 3062 cccccccccc
552 3020 617 3061 cccc
630 3012 672 3060 ccc
683 3001 761 3074 (sap,
772 3018 823 3067 χιι,
838 3004 894 3076 13),
900 3025 911 3058 ,
963 2991 1062 3050 tinctus
1076 2990 1125 3048 ieri
1139 2991 1224 3049 maris
1244 3000 1339 3048 eontra
1353 3007 1449 3048 narem
1473 2991 1553 3049 Petro
1573 2995 1750 3051 commissam

131 3098 187 3154 Sed
210 3099 282 3154 sicut
302 3106 330 3154 tu
352 3097 460 3168 adjutor
483 3095 779 3168 inopportunitatibus
800 3096 914 3167 adjuras
966 3085 1343 3158 despumessleffllollllnlttr·
1366 3084 1433 3141 Nam
1450 3088 1662 3159 ipseimpiurutu
1679 3105 1748 3159 prae-

131 3201 194 3245 tuos
210 3198 360 3261 opportune
372 3190 399 3244 iu
411 3187 598 3256 tribulatione,
621 3186 663 3243 sic
679 3188 761 3243 etiarn
777 3189 912 3244 interdum
963 3181 1060 3252 eipuus
1074 3179 1270 3248 Antichristus,
1285 3180 1328 3235 vel
1339 3180 1452 3252 quilibet
1470 3182 1594 3239 minister
1606 3183 1692 3254 ipsias
1706 3183 1749 3237 in-

129 3285 254 3355 dexpicis,
266 3284 322 3339 imo
339 3284 477 3354 despicere
497 3281 598 3338 rideris
612 3295 662 3337 eos
677 3279 706 3335 in
729 3282 912 3352 opportunitn·
963 3277 1050 3349 siguis
1060 3276 1165 3333 tollitur
1176 3283 1305 3347 tanquam
1317 3276 1353 3332 sit
1364 3276 1446 3343 bens,
1458 3278 1567 3349 quaudo
1581 3279 1709 3334 tundatur
1719 3282 1750 3335 iu

130 3376 213 3440 tibus,
224 3377 252 3429 iu
263 3375 532 3444 tribulationc‚qsam
546 3374 617 3430 sicut
631 3373 740 3445 mitigas
750 3384 911 3445 opportune,
962 3368 1100 3424 desiderils
1114 3369 1209 3423 “title
1220 3383 1286 3435 δι’,
1304 3380 1331 3425 el
1341 3370 1399 3441 ipse
1419 3370 1531 3427 comsit
1549 3383 1680 3442 peccator,
1694 3375 1745 3444 qui

129 3469 170 3524 sic
183 3469 264 3524 etiam
279 3467 419 3539 aggravari
436 3465 570 3537 permittis
591 3475 752 3535 opportune,
767 3465 819 3521 hoe
837 3465 911 3523 scili·
961 3460 1072 3515 deberet
1082 3459 1166 3515 mum
1178 3459 1232 3517 sibi
1243 3460 1351 3531 placare
1362 3477 1411 3533 per
1425 3463 1623 3533 poenitentiam.
1639 3481 1747 3522 exacer-

129 3571 173 3618 oet
184 3561 310 3628 corxsilio,
325 3568 355 3615 ut
365 3574 427 3615 cum
440 3559 468 3614 iu
485 3555 666 3613 tribulatione
677 3556 835 3623 anxiantur,
851 3572 911 3613 ma·
960 3550 1033 3607 bavit
1049 3567 1110 3608 eurn
1126 3567 1174 3624 per
1188 3551 1425 3624 impoenitentiam,
1438 3567 1466 3612 et
1478 3557 1673 3631 arrogantiam
1692 3561 1747 3618 boc

129 3654 171 3725 gis
188 3652 330 3724 magisque
344 3650 475 3707 adrentus
496 3649 535 3704 tui
556 3647 691 3705 desiderio
709 3648 909 3718 incendantuu
960 3644 1088 3717 estquod
1105 3645 1252 3716 sequitur:

129 3744 322 3815 ltocestquorl
341 3742 485 3815 sequitur:
525 3730 546 3814 Ἰ

164 3835 248 3892 Vens.
267 3835 295 3891 ἱ.
315 3834 385 3889 unm
407 3834 523 3905 superbit
545 3833 652 3904 impias,
669 3832 824 3888 'idemditsr
842 3848 912 3904 psu-

128 3946 184 3985 uer.
204 3927 359 3983 lircendiun
370 3927 451 3998 plane
464 3934 518 3981 tarn
538 3925 632 3981 dolore
646 3939 728 3995 quam
742 3938 846 3980 amore.
861 3922 912 3980 lio·

127 4023 197 4088 lore,
212 4028 322 4091 propter
336 4020 408 4075 mala
421 4032 483 4089 qnae
494 4017 566 4073 ridet
580 4034 588 4085 3
610 4031 703 4072 amore
729 4030 761 4073 ac
774 4014 910 4072 desiderio

127 4118 263 4173 bonorum
291 4129 352 4185 quae
369 4126 425 4169 nou
447 4112 529 4168 videt.
553 4110 707 4166 lnsenditsr
726 4109 819 4177 etiam
835 4108 911 4163 reiut

127 4223 226 4264 aurum
240 4207 268 4261 in
282 4205 403 4271 fornace,
420 4204 447 4259 iu
471 4218 535 4274 qua,
558 4203 625 4259 dum
644 4209 800 4258 cremantur
822 4200 910 4272 ligna,

127 4305 260 4371 purgatur
283 4310 390 4351 aurum.
418 4294 495 4349 Sicut
521 4307 632 4350 ueceme
653 4290 706 4347 iuis
717 4291 835 4347 haereses
860 4305 909 4346 ve·

126 4390 199 4453 nire,
215 4396 245 4442 ut
257 4386 358 4441 recitas
373 4384 491 4455 amplius
504 4390 681 4455 quereretur,
694 4382 864 4453 probaretur,
876 4394 909 4436 ae

126 4482 241 4552 probata
259 4479 347 4551 magis
360 4484 500 4533 amaretur
514 4494 521 4530 :
537 4476 577 4531 sie
588 4474 669 4531 etiam
684 4473 869 4530 necessarium
880 4480 909 4528 et

127 4584 311 4645 opportunum
326 4581 369 4628 est
387 4570 536 4642 aliquando
550 4568 650 4639 impios
667 4566 791 4631 exaltari,
815 4576 845 4621 nt
861 4580 909 4622 eu-

126 4681 188 4722 rum
203 4667 345 4738 tyrannide
362 4665 489 4721 saeriente
506 4669 663 4732 quaerantur
682 4658 746 4714 boni
765 4657 849 4714 etiam
872 4658 907 4713 ab
992 4662 1076 4720 νειμ,
1095 4665 1123 4720 5,
1137 4662 1248 4719 Nccm
1262 4663 1332 4719 occi
1353 4664 1380 4717 icc
1401 4671 1538 4733 cccccccccc
1559 4663 1630 4732 eju,
1655 4661 1743 4720 licum

127 4757 194 4828 ipsis
208 4758 298 4825 malis,
323 4758 371 4828 qui
389 4752 641 4827 cumprctcndcntrc
660 4751 688 4805 in
707 4751 834 4817 curtiliis,
848 4751 908 4822 qut-
921 4767 946 4828 ι)
958 4773 1013 4812 ccc
1026 4756 1217 4827 recognoscit:
1243 4753 1339 4822 licum,
1355 4754 1434 4825 quast
1461 4770 1596 4824 nusquam
1610 4757 1656 4819 ccc,
1672 4772 1741 4811 cc„-

126 4849 174 4905 ius
189 4852 307 4921 coctano
318 4850 388 4905 alios
399 4846 637 4919 comprehendere·
653 4842 718 4910 Quae
739 4852 829 4899 tillem
853 4844 907 4899 istd
958 4849 1064 4905 temnit.
1085 4847 1147 4904 ldeu
1161 4848 1305 4919 inquinate
1330 4857 1391 4902 ssnt
1402 4847 1452 4902 uioe
1471 4846 1545 4901 iilius
1556 4847 1584 4900 in
1598 4848 1670 4903 onnri
1680 4858 1741 4904 terte

126 4943 181 4999 sint
194 4942 307 4998 consilia
319 4950 415 4997 contra
428 4940 491 5011 pios
500 4938 663 5008 excogitata,
676 4937 703 4992 iu
717 4936 817 5007 quibus
831 4952 902 4992 com·
958 4957 1020 5012 pore
1033 4940 1095 4996 rite
1106 4955 1175 5007 suae,
1185 4939 1228 4995 rel
1242 4939 1268 4993 iu
1280 4938 1351 4992 omni
1370 4946 1496 5008 tempore,
1509 4937 1536 4992 id
1553 4946 1596 4993 est
1614 4939 1740 4994 omnium

125 5031 328 5102 prehendentur
340 5030 513 5102 impii,latius
523 5035 695 5099 exponuntur
706 5026 740 5083 ab
748 5027 791 5083 bis
801 5042 907 5097 usques
958 5044 1110 5104 cccccccccc
1134 5030 1287 5103 iniquitate.
1308 5028 1385 5086 Sicut
1408 5031 1481 5085 enim
1509 5046 1590 5101 super
1609 5030 1740 5096 inctaecs,

126 5123 255 5195 Eaasrqc,
270 5123 381 5178 Domine
393 5121 474 5190 ucis,
497 5120 627 5176 scottum
639 5135 734 5174 nunus
753 5128 810 5173 tuo.
827 5117 906 5174 Prius
957 5123 1105 5181 christine
1121 5121 1318 5194 discipulorum
1339 5120 1400 5192 ejus
1423 5118 1623 5190 interiectores,
1645 5121 1739 5177 omnis

124 5216 198 5272 “lim
222 5216 301 5287 quasi
323 5224 472 5286 ‘imiimi
489 5213 658 5283 Pilmfflffli
672 5211 853 5277 describiutr
875 5221 906 5267 ¹¹⁸
958 5216 1740 5291 sanquisjustusveuitedusussupertesramasauguius

125 5310 204 5381 quasi
216 5309 385 5380 periclitante
404 5322 471 5363 nare
483 5304 617 5363 liominns
636 5304 767 5362 excitetur
788 5319 836 5375 per
848 5303 907 5361 ltaee
959 5312 1099 5384 llbeljusti
1110 5328 1198 5385 usqne
1212 5314 1245 5370 ad
1257 5312 1416 5385 sauguinem
1432 5308 1572 5365 Zaeltariae
1586 5328 1593 5365 ι
1607 5308 1646 5365 sic
1656 5322 1738 5379 super

125 5403 230 5458 ⁹0le
254 5399 383 5472 E‘uirilis
405 5398 526 5457 ⁰⁰me
546 5396 623 5455 Nunc
636 5397 778 5453 rideamus
801 5403 906 5465 bembi·
955 5405 1152 5461 tnttetntstunx
1165 5404 1400 5462 sanetisumuibus
1414 5402 1554 5458 inimicum
1573 5402 1681 5457 uenient
1695 5400 1734 5456 in·

124 5504 225 5552 statum
251 5494 362 5550 [lumina
383 5491 491 5548 ssdlihtls
514 5505 703 5562 perversorum
727 5488 904 5546 consiliolum
955 5498 1127 5558 opinationes
1162 5498 1285 5554 omnium
1334 5503 1541 5570 reitoddibmmj
1561 5502 1737 5567 temporum,

995 3782 1077 3840 Vsus.
1096 3784 1123 3840 l.
1149 3779 1324 3837 ucecertccu
1340 3783 1483 3839 Donrinuur
1508 3797 1639 3856 peccator.
1662 3785 1742 3844 Unde

960 3892 1025 3936 xero
1046 3885 1158 3948 apparet
1182 3876 1373 3933 exacerbatum
1396 3890 1457 3933 esse
1483 3876 1647 3934 mminom?
1678 3879 1743 3936 lude

960 3969 1075 4037 scilieet,
1087 3969 1159 4040 quud
1185 3966 1326 4025 seeundum
1336 3967 1531 4024 multitudinem
1546 3971 1594 4026 iroe
1616 3987 1673 4027 sure
1686 3988 1741 4027 nort

959 4072 1057 4136 queret
1067 4071 1236 4135 peccatorem
1250 4060 1458 4118 exacerbantem
1475 4074 1505 4117 se
1521 4060 1564 4116 illc
1579 4072 1681 4133 pastor,
1694 4064 1742 4134 qni

959 4156 1075 4227 requirit
1088 4171 1164 4213 orem
1182 4163 1330 4221 errantem,
1349 4154 1395 4211 sed
1414 4169 1469 4212 nou
1484 4155 1691 4211 exacerbantem
1701 4174 1742 4214 se.

961 4248 1091 4304 Peccator
1105 4263 1170 4304 uero
1184 4246 1350 4303 exacerbans
1367 4244 1463 4314 lieurn,
1478 4257 1505 4303 et
1515 4262 1666 4318 provocans
1676 4265 1745 4306 con-

959 4352 1001 4399 tra
1016 4357 1046 4398 se
1063 4339 1264 4397 multitudinem
1288 4338 1336 4394 irae
1357 4336 1468 4407 uet,stc
1492 4341 1615 4409 privator
1639 4342 1744 4400 lumine

960 4435 1092 4499 veritatis,
1106 4442 1137 4489 ot
1150 4434 1246 4505 etipse
1261 4432 1340 4508 lenge
1354 4432 1391 4490 sit
1415 4449 1430 4489 a
1458 4430 1524 4502 lieo,
1539 4443 1566 4489 et
1579 4433 1652 4491 lleus
1664 4435 1745 4509 longe

959 4530 994 4587 sit
1005 4529 1040 4584 ab
1053 4544 1087 4585 eo
1101 4547 1108 4583 ι
1122 4528 1186 4599 quia

159 5675 217 5746 tbi)
235 5672 285 5731 liic
295 5672 392 5729 titulus
405 5671 480 5729 deest
488 5669 560 5743 apud
572 5668 738 5727 Gerbobum.
