3817 6000
182 240 252 298 lidi
669 242 822 301 GElllllilll
839 244 1034 303 PllAEPOSlTl
1051 245 1324 307 nmcucnsrene.
1746 253 1823 310 “28

105 356 112 369 '
178 372 287 433 precor,
302 373 336 414 ne
350 359 452 414 ueniat.
479 357 520 415 Τιι
539 373 619 431 erqo,
637 359 683 416 cui
698 361 780 416 etiarn
798 369 892 418 means
911 376 972 418 om·
985 365 1009 422 Α
1021 371 1065 419 cet
1081 364 1181 435 cogniti
1202 364 1237 420 ab
1250 364 1320 435 ipso,
1336 364 1426 435 ipsum
1439 373 1530 421 meren
1543 380 1598 423 non
1615 367 1822 439 agnoscebam,

178 453 223 509 rtis
244 452 372 509 uoluntas
391 453 525 524 loquitur,
551 453 608 510 sire
628 462 703 523 oret,
726 455 784 512 sire
797 456 969 528 deprecetur,
1022 457 1132 526 quando
1149 473 1277 529 magnam
1292 458 1455 513 anxietatem
1480 457 1611 529 serentes,
1630 467 1659 515 et
1676 459 1821 531 majorem

178 545 277 600 excudi
303 546 449 600 orationem
476 562 562 602 rnccrn
583 555 608 603 et
638 546 847 618 deprecationem
873 547 969 603 meam
1022 548 1149 606 timentes
1161 558 1257 606 mutuo
1271 550 1454 620 loquebantur
1477 549 1598 607 :ileritc
1616 553 1821 623 ltoeepetimer,

180 636 213 692 lit
227 636 290 708 quia
306 637 433 711 lacrymae
446 654 556 713 quoque
570 638 670 697 habent
680 656 776 697 rocem
787 656 865 699 suam
876 657 970 716 corarn
1021 642 1082 711 quio
1092 642 1255 713 peccavimus
1275 643 1303 696 in
1316 643 1429 713 fratreri
1445 652 1577 712 nostran,
1589 645 1707 701 ridentes
1728 663 1823 718 nepa·

180 736 217 782 te.
1021 733 1101 787 stiam
1114 735 1211 789 anime
1223 733 1307 802 illins,
1323 734 1387 790 dum
1400 735 1585 805 deprecaretur
1595 753 1654 804 noc,
1663 746 1690 794 et
1701 755 1757 793 eon
1766 756 1822 793 ert·

215 823 333 879 Auribus
353 824 457 895 percipe
471 823 604 893 lacrymor
617 841 698 881 meos.
715 825 791 883 Licet
806 826 879 884 enim
892 827 970 899 plura
1021 824 1148 893 divitum,
1172 826 1272 883 ἱᾶθῑῖθθ
1295 828 1366 883 wlff!
1387 844 1466 898 ⁸¹le
1489 843 1537 886 Μ*
1568 828 1709 887 ‘fibulam
1733 829 1818 901 (⁶⁶2-

181 917 252 973 mala
267 917 454 985 transilierim,
469 926 560 972 tamen
581 918 701 990 quaudiu
718 919 824 991 ignoro,
839 936 875 977 an
895 931 971 978 tran·
1022 933 1089 987 xttr,
1101 918 1159 989 il).
1173 917 1220 975 lsti
1234 919 1334 979 iratres
1348 920 1504 979 nescierunt
1520 922 1602 979 linem
1614 923 1666 989 rei,
1683 933 1818 995 propter·

179 1008 468 1067 silireralcamllnem
490 1010 605 1079 malum,
632 1009 699 1068 llere
723 1013 914 1085 magisquant
936 1016 987 1071 riv
1022 1026 1054 1066 ra
1078 1019 1157 1066 erant
1177 1012 1296 1077 anxiati,
1327 1013 1450 1086 qnandiu
1466 1012 1567 1086 loseph
1589 1015 1676 1081 siluit,
1701 1031 1755 1074 nec
1770 1031 1815 1081 sc,

179 1103 245 1160 dere
259 1103 336 1161 libet.
351 1101 554 1174 Pluransploro
567 1103 687 1161 innecte
702 1104 785 1177 hujus
796 1105 969 1179 ignorantie,
1021 1105 1084 1175 quis
1094 1115 1177 1174 esset,
1189 1109 1304 1178 aperuit.
1320 1106 1442 1165 Tandem
1457 1106 1559 1179 tosepn
1574 1109 1704 1181 loquente
1715 1126 1753 1167 ae
1768 1110 1815 1167 dl-

181 1196 209 1250 in
223 1211 277 1267 qua
289 1209 344 1251 non
361 1196 439 1250 raleii
452 1195 544 1251 ridere
556 1196 638 1251 linem
649 1211 752 1263 meum,
764 1205 792 1253 et
804 1197 931 1271 lacrymer
941 1199 970 1255 in
1021 1206 1121 1253 cente·
1140 1197 1197 1271 Epo
1210 1216 1269 1254 cunr
1282 1198 1391 1271 Joeeplr,
1414 1217 1491 1272 qoem
1511 1202 1665 1259 perdidicit
1680 1205 1709 1259 ic
1721 1202 1817 1276 Βη-

181 1287 300 1343 rnaxillis
311 1288 382 1343 meis
397 1288 489 1361 potius
508 1303 591 1359 quam
611 1289 639 1344 in
661 1290 738 1360 genis
752 1291 830 1349 meis.
846 1290 972 1349 Pnlcbrae
1022 1303 1097 1362 ptura
1117 1291 1196 1363 (Gen.
1207 1309 1272 1360 xcv,
1283 1294 1331 1365 l);
1350 1293 1511 1366 priusquam
1526 1295 1609 1352 rerba
1625 1296 1817 1354 consolatoria

180 1394 299 1451 namque
312 1389 378 1436 snut
392 1382 548 1452 genae'mece
562 1381 635 1438 sieut
654 1385 780 1452 turturis,
805 1386 891 1456 quia,
907 1402 971 1446 eum
1022 1384 1065 1440 bis
1076 1384 1156 1442 dictis
1167 1386 1336 1457 adjungeret,
1351 1386 1555 1457 aliquantulum
1566 1387 1676 1461 quidem
1687 1398 1818 1446 master-

180 1471 209 1527 in
222 1473 300 1544 genis
316 1481 425 1528 notetur
439 1474 567 1530 voluntas
584 1474 627 1531 rel
641 1474 765 1546 intentio,
777 1477 815 1533 itn
826 1485 857 1533 nt
866 1493 900 1535 ex
910 1494 971 1534 cer·
1020 1478 1078 1533 nati
1092 1488 1165 1546 sunt,
1179 1480 1227 1536 sed
1242 1480 1375 1536 condono
1386 1481 1533 1539 exhilarati
1542 1482 1650 1538 dicente
1664 1483 1713 1555 illo
1727 1500 1738 1536 .·
1753 1482 1818 1538 Noa

181 1572 211 1622 to
222 1567 369 1623 voluntatis
386 1567 500 1638 indicio,
518 1571 591 1642 quod
612 1572 640 1627 in
657 1572 733 1644 genis
745 1583 798 1637 est,
817 1573 875 1644 ipse
892 1574 971 1630 locus
1021 1574 1057 1627 xit
1072 1573 1143 1629 cobis
1156 1575 1264 1642 durum,
1282 1576 1352 1646 qnod
1372 1576 1528 1632 conaminis
1542 1593 1583 1631 rne
1596 1577 1625 1630 in
1639 1578 1680 1631 nir
1696 1577 1817 1649 cepioni·

115 1691 118 1695 ·
179 1658 421 1730 qeuarnmrultus
442 1659 565 1729 dicatnr;
588 1678 622 1719 et
644 1678 700 1734 quo
717 1655 861 1723 'transilivi
887 1665 971 1737 hujus
1021 1664 1079 1729 bac,
1098 1664 1179 1719 nolite
1196 1666 1297 1721 tinere.
1319 1665 1370 1721 Vos
1382 1667 1520 1739 capitonis
1543 1666 1631 1723 dente
1655 1666 1772 1733 maiam,
1792 1678 1818 1722 et

180 1751 276 1807 mundi
290 1750 437 1818 tarditates,
457 1753 586 1812 voluntas
602 1764 630 1812 et
651 1756 767 1812 intentio
782 1771 841 1813 mea
856 1758 971 1828 pulcbra
987 1730 1093 1811 Blieris
1108 1756 1185 1813 uertit
1203 1755 1272 1811 iliud
1293 1757 1320 1811 in
1343 1757 1450 1825 bonnm,
1471 1758 1540 1812 sicut
1558 1758 1588 1811 ι’»
1607 1759 1818 1828 presentiarum

180 1852 223 1899 est
246 1844 325 1915 quasi
350 1845 476 1912 turturis,
496 1847 658 1927 castissimae
682 1849 808 1905 uidelicet
836 1850 970 1918 aviculae,
1022 1848 1128 1903 remitis
1143 1846 1230 1920 (itia,
1245 1865 1278 1916 r;
1292 1865 1317 1916 c,
1329 1848 1387 1920 20).

179 1937 245 2004 quia
270 1938 355 1997 semel
378 1947 534 2008 amputatas
544 1940 732 1997 immunditias
747 1957 887 2012 nunquam
903 1942 972 1998 ulte
1059 1938 1136 1996 Sicut
1148 1956 1213 2012 ergo
1229 1940 1268 1996 illi
1282 1940 1382 1999 iratres
1402 1949 1509 1999 tacente
1522 1939 1623 2012 loseph
1638 1942 1731 1998 trister
1756 1940 1818 1998 ine-

179 2029 239 2084 rins
255 2029 319 2085 uolo
333 2030 375 2086 rel
388 2031 500 2087 intendo
514 2030 656 2099 reiterare,
669 2033 716 2088 scd
735 2033 799 2090 volo
818 2043 846 2089 et
859 2033 972 2090 intendo
1022 2043 1097 2100 rum,
1110 2034 1156 2089 sed
1178 2034 1309 2105 loquente
1323 2035 1383 2104 ipso
1397 2034 1542 2091 exhilarati
1556 2045 1622 2092 sunt
1636 2051 1644 2090 t
1664 2035 1706 2092 sic
1720 2044 1749 2091 et
1765 2051 1819 2104 epo

180 2128 274 2177 castus
285 2136 457 2192 permanere,
470 2122 572 2190 sobrie,
589 2133 617 2180 ct
628 2124 712 2194 iuste,
728 2140 761 2181 ac
785 2126 830 2197 pie
855 2125 971 2182 virendo
1022 2123 1129 2180 lditbnn
1152 2135 1189 2191 te,
1216 2141 1314 2198 utaque
1335 2124 1447 2197 loseph,
1461 2128 1509 2199 qui
1530 2128 1682 2184 dominaris
1706 2129 1735 2182 in
1756 2136 1817 2183 tota

179 2215 208 2268 ln
222 2217 275 2269 unc
294 2213 406 2273 saeculo.
431 2213 465 2272 Et
488 2215 528 2272 sic
551 2216 650 2284 babeo,
681 2225 713 2272 ut
727 2206 818 2288 spero,
842 2217 972 2289 pulchras
1023 2227 1093 2271 terra
1110 2215 1232 2289 AEgypti,
1248 2233 1312 2290 erga
1326 2234 1370 2274 rnc
1382 2228 1500 2287 tacente,
1522 2219 1585 2290 iore
1605 2219 1770 2286 contristor,
1789 2230 1818 2275 et

180 2321 275 2376 qenins,
287 2322 446 2379 quanquam
461 2308 489 2363 in
502 2309 622 2367 maxillis
633 2309 702 2367 rneis
714 2311 805 2368 adbuc
817 2311 973 2368 inveniatur
1022 2308 1088 2378 quia
1104 2316 1158 2364 tuae
1169 2308 1318 2366 locutionis
1328 2310 1543 2367 consolationem
1557 2326 1648 2382 spero,
1662 2311 1726 2367 dico
1739 2311 1816 2367 tibi:

178 2408 256 2455 tanta
270 2398 413 2457 edacitatis
436 2398 556 2469 loeditas,
570 2410 601 2456 nt
612 2401 675 2473 jure
691 2411 801 2474 propter
815 2403 887 2462 banc
905 2402 973 2460 iun·
1023 2399 1066 2456 lic
1079 2402 1160 2457 rilem
1175 2418 1252 2467 orne,
1266 2403 1392 2473 qnoniam
1405 2403 1506 2457 camno
1521 2418 1568 2474 eqo
1581 2418 1640 2458 mm
1652 2403 1725 2475 apud
1739 2412 1777 2469 te,
1789 2416 1816 2459 ct

179 2495 242 2549 clam
258 2494 404 2565 lacrymas,
421 2495 530 2564 quoties
543 2496 668 2551 irruenior
683 2497 795 2552 modum
815 2496 978 2555 necessitati,
1022 2494 1174 2565 pereprt'nac
1188 2494 1216 2548 in
1229 2494 1281 2554 bac
1302 2503 1374 2551 terra
1387 2493 1507 2567 ·AEqypti
1521 2494 1592 2565 apud
1612 2501 1638 2549 tc
1653 2509 1748 2550 rernm
1765 2493 1816 2551 io-

179 2583 302 2640 debitnm
317 2584 400 2640 nimis
411 2581 565 2642 excessisse
581 2600 668 2656 usque
682 2586 717 2642 ad
730 2586 828 2643 uitium
843 2587 971 2657 crapnlae,
1022 2587 1101 2657 sepb.
1126 2586 1234 2642 tanta
1260 2603 1319 2642 snm
1340 2598 1365 2642 et
1378 2589 1530 2659 percqriunc
1554 2589 1625 2659 apud
1645 2596 1671 2643 te
1692 2588 1818 2644 clemen-

179 2677 224 2734 rel
237 2676 390 2749 indigeriei,
403 2693 474 2749 quo,
487 2693 550 2733 eum
563 2689 657 2748 praret
672 2694 781 2737 omnem
793 2681 932 2737 bominem
944 2683 971 2736 in
1022 2691 1088 2746 mm,
1102 2679 1173 2749 opud
1189 2688 1213 2735 te
1230 2679 1303 2735 bona
1317 2696 1368 2751 pro
1387 2680 1467 2736 malls
1483 2680 1687 2751 rependentem,
1701 2681 1775 2751 apud
1791 2690 1818 2736 te

178 2768 287 2827 riclini
310 2769 513 2837 ambulantem,
535 2771 703 2842 permaxime
723 2774 838 2844 impedit
858 2790 902 2831 me
922 2773 973 2831 ldi·
1023 2773 1188 2843 injuriarum
1201 2781 1311 2828 tuarum
1334 2773 1445 2843 penitus
1459 2774 1695 2840 immemoremsi
1710 2773 1815 2829 rideris

178 2862 260 2926 tbun,
288 2878 322 2919 ne
335 2863 406 2922 saltu
420 2862 505 2919 alacri
520 2864 625 2922 caleam
640 2865 779 2922 transilire
797 2867 825 2922 in
848 2878 972 2925 sanctam
1023 2866 1164 2922 bominem
1178 2880 1242 2921 rere
1254 2865 1443 2935 penitentem,
1458 2880 1580 2935 suasque
1593 2865 1689 2936 culpas
1708 2866 1816 2936 absque

179 2953 440 3024 contemplationem
458 2954 529 3009 alios
543 2955 715 3014 ambulantes
728 2958 756 3014 ln
769 2960 970 3018 actionebona.
1022 2959 1086 3015 dolo
1107 2956 1292 3026 confitentem,
1316 2959 1389 3015 sicut
1409 2958 1448 3016 illi
1464 2958 1512 3030 qul
1535 2957 1664 3015 dixerunt
1685 2977 1693 3015 ε
1715 2957 1816 3016 lecito

180 3042 247 3100 lude
269 3044 415 3115 aliquoties
440 3046 569 3118 lacrrtnae
591 3059 655 3104 suut
684 3048 712 3104 in
739 3051 858 3108 maxillis
883 3053 970 3119 meis,
1023 3052 1294 3122 carpentumque
1311 3051 1475 3121 peccorimttr
1495 3053 1523 3105 irr
1548 3051 1659 3122 fratrem
1680 3059 1812 3106 rostram

103 3131 106 3142 ’
182 3135 248 3207 quia
262 3146 293 3191 ut
306 3136 444 3207 sapienter
458 3137 599 3196 comedam
614 3147 641 3194 et
654 3138 758 3206 biham,
771 3155 826 3196 nnn
837 3152 972 3212 quantum
1023 3145 1098 3219 (Gen.
1115 3144 1252 3214 rernm
1275 3143 1374 3212 Onaso
1390 3153 1426 3213 te,
1445 3162 1476 3199 ne
1493 3144 1815 3216 silenequcnicrnedec·

183 3228 320 3299 cupiditas
336 3228 430 3300 erigit,
446 3229 494 3285 sed
505 3239 639 3300 quantum
650 3233 800 3291 necessitas
820 3233 971 3290 rationabi·
1023 3254 1058 3291 nn
1069 3253 1116 3308 epo
1133 3251 1192 3291 rum
1207 3236 1278 3305 opud
1296 3244 1330 3303 tc,
1343 3245 1368 3291 ct
1382 3237 1544 3308 percprinns,
1567 3238 1634 3291 ciret
1648 3252 1738 3291 carnee
1760 3253 1814 3307 pu·

183 3321 245 3378 liter
259 3324 396 3395 exposuit,
416 3324 485 3382 uelle
507 3322 613 3395 adiacet
637 3326 715 3393 milti,
730 3327 860 3398 perlicere
880 3336 972 3385 autem
1024 3342 1076 3385 trec
1090 3329 1149 3385 mci.
1165 3328 1243 3384 Sicut
1256 3328 1296 3383 illi
1311 3337 1411 3398 patres,
1424 3337 1452 3384 et
1466 3329 1630 3399 patriarche
1649 3330 1678 3384 in
1694 3328 1816 3403 AEqypto

181 3431 238 3476 nou
251 3417 370 3475 invenio.
1024 3418 1159 3490 peregrini
1182 3425 1209 3474 ct
1225 3416 1337 3472 advenae
1358 3419 1479 3487 inerunt,
1494 3419 1536 3474 rel
1551 3429 1699 3490 anthnarn
1710 3434 1816 3491 caprio-

219 3506 285 3568 ltern
313 3529 320 3566 ι
344 3510 422 3568 Sicut
437 3512 465 3566 in
488 3511 625 3582 principio
638 3511 735 3582 psalmi
759 3511 826 3580 dixi,
842 3511 905 3569 licet
924 3528 974 3584 pc·
1024 3507 1253 3576 scerentlosepb,
1268 3510 1312 3566 vel
1339 3519 1486 3580 postquam
1505 3521 1615 3568 mortuo
1635 3509 1736 3582 loseph
1750 3527 1815 3566 sur-

184 3602 287 3662 rncriru
310 3603 467 3662 custodiam
481 3604 523 3659 ori
546 3603 753 3669 insequendum
771 3612 862 3662 tamen
885 3603 972 3659 babeo
1023 3604 1094 3659 rexit
1107 3616 1197 3659 novus
1213 3617 1262 3658 rex
1278 3602 1306 3658 in
1320 3601 1449 3675 AEpypto,
1469 3605 1518 3675 qui
1537 3604 1681 3677 ignorabat
1695 3601 1811 3675 loscplr.

183 3693 275 3750 adbuc
288 3693 464 3751 moderamen
482 3695 630 3750 uerborum
648 3702 705 3751 tarn
723 3694 883 3762 discretum,
904 3693 972 3765 quin
1058 3693 1165 3749 Aliter:
1182 3692 1289 3748 Adrano
1306 3694 1712 3766 sumerpereprinee,quonlam
1726 3710 1815 3766 pree

183 3786 321 3841 interdum
351 3786 440 3844 dicam
458 3787 582 3853 tacenda,
606 3795 712 3846 taceam
732 3785 858 3843 dicenda.
880 3783 973 3857 Usque
1023 3788 1070 3842 din
1087 3802 1179 3844 snmus
1191 3787 1220 3840 in
1241 3802 1357 3857 corpore,
1373 3788 1573 3858 percprinamur
1590 3804 1609 3842 o
1629 3785 1813 3858 dominelli

183 3877 252 3935 adeo
275 3878 475 3950 indisciplinata
487 3888 530 3937 est
544 3881 655 3938 maxilla
668 3895 740 3943 mea.
755 3888 786 3935 ut
807 3880 876 3938 inter
889 3880 973 3937 eden-
1023 3880 1086 3942 Cor,
1100 3896 1128 3945 r,
1141 3879 1181 3952 6),
1195 3880 1264 3937 dcet
1278 3895 1366 3935 omncs
1382 3889 1470 3950 putrer
1483 3880 1545 3947 nei,
1557 3880 1658 3951 quibus
1668 3880 1714 3937 bic
1729 3896 1813 3936 mon·

185 3971 261 4037 dum,
286 3987 335 4027 sen
355 3972 522 4043 loquendum
542 3973 689 4030 indiscrete
708 3983 861 4029 morentur.
882 3971 973 4043 Atque
1022 3970 1076 4029 tlns
1090 3982 1150 4028 erat
1163 3970 1303 4038 exsilium,
1316 3981 1343 4027 ct
1356 3972 1456 4027 coelum
1471 3970 1622 4042 permanet
1635 3973 1735 4027 mune
1749 3990 1812 4028 aare

182 4063 248 4119 rude
261 4062 330 4122 mihi
352 4074 394 4120 cst
412 4064 503 4121 luctus
517 4066 630 4132 mrrltus,
651 4074 678 4121 et
700 4065 817 4122 assiduae
833 4066 972 4137 lacrymae,
1023 4065 1094 4134 opud
1109 4073 1143 4130 tc,
1157 4079 1212 4119 non
1224 4062 1297 4133 apud
1307 4062 1459 4131 diabolum,
1472 4062 1536 4134 quia
1552 4062 1616 4119 nolo
1626 4077 1689 4120 esse
1700 4063 1728 4118 iu
1742 4077 1813 4120 eon-

183 4155 287 4227 quibus
310 4156 390 4226 pulso
405 4171 486 4214 aures
511 4165 583 4223 tuas,
600 4156 721 4213 clemens
744 4154 827 4213 Deus.
850 4155 892 4213 'ln
906 4173 972 4230 erqo
1024 4156 1110 4212 sortlo
1120 4155 1296 4222 aduenarum,
1312 4156 1359 4226 qui
1372 4155 1487 4210 ueniunt
1498 4154 1533 4211 ad
1545 4155 1694 4225 diabolum,
1708 4166 1737 4212 et
1749 4172 1810 4213 ma·

183 4246 293 4302 nuribus
310 4248 414 4319 percipe
426 4247 558 4318 lncrpmos
579 4264 662 4316 mcor,
675 4247 811 4318 praecipue
831 4248 893 4304 illas
910 4264 973 4319 quae
1023 4255 1162 4303 nentcum
1174 4246 1231 4315 illo,
1256 4246 1472 4317 sedeorumqui
1491 4246 1573 4312 adte,
1588 4246 1809 4315 brunantun,

185 4340 294 4396 suntin
315 4340 435 4396 maxillis
456 4341 536 4406 meis,
565 4339 603 4395 ita
624 4348 655 4395 ut
678 4340 727 4395 des
748 4340 816 4397 mibi
833 4343 972 4400 transilire
1024 4354 1055 4395 ac
1070 4347 1159 4398 tecum
1180 4352 1342 4407 permanere
1358 4338 1465 4394 rolant.
1483 4335 1542 4395 lloc
1563 4338 1646 4394 modo
1668 4355 1676 4392 ι
1700 4338 1810 4395 adm

184 4432 280 4503 culpas
300 4433 418 4486 martille
436 4432 654 4503 indisciplinatae.
683 4430 714 4488 ln
734 4447 813 4489 camo
842 4444 871 4490 et
894 4434 1168 4505 irenolicnrnnpad
1187 4443 1222 4501 te,
1240 4435 1430 4506 etpereqrinnr
1451 4437 1521 4491 nicet
1540 4449 1628 4489 omnen
1641 4443 1728 4505 petrea
1746 4421 1816 4500 urei,⁴

183 4523 310 4580 maxillas
333 4539 409 4579 niens
423 4513 581 4595 constringe
593 4524 628 4580 ab
648 4525 784 4582 edacitate
803 4535 831 4582 et
849 4527 973 4598 loquaci·
1022 4527 1069 4599 qui
1090 4527 1118 4582 in
1132 4527 1185 4583 boc
1200 4528 1303 4585 mundo
1321 4527 1458 4600 peregrini
1483 4526 1604 4595 luerunt,
1619 4535 1648 4584 et
1664 4527 1726 4583 ideo
1744 4527 1811 4584 bine

185 4623 250 4685 tate,
264 4630 325 4685 qnae
340 4616 395 4670 duo
405 4615 473 4671 uitia
487 4631 543 4670 non
562 4617 790 4688 approximabunt
804 4617 840 4676 ad
857 4627 892 4675 te.
908 4617 932 4675 0
946 4620 971 4676 si
1023 4618 1158 4685 abierunt,
1174 4618 1248 4674 nude
1270 4627 1375 4674 certum
1391 4618 1523 4688 estquod
1537 4627 1565 4673 et
1579 4632 1630 4690 eqo
1649 4617 1731 4673 ebibo
1741 4633 1749 4686 ;
1761 4618 1810 4674 sed

184 4708 253 4763 ruini
266 4707 306 4763 sic
318 4707 418 4776 oranti,
432 4707 606 4778 inpiissime,
622 4707 791 4778 respondeas
804 4708 886 4765 rerba
899 4709 970 4766 bona
1022 4710 1099 4766 abire
1114 4710 1207 4777 timeo,
1222 4708 1276 4767 nisi
1291 4709 1368 4781 prins
1381 4709 1450 4766 mibi
1462 4711 1510 4766 ilat
1521 4710 1602 4781 plem
1614 4717 1643 4766 et
1655 4719 1730 4767 certa
1750 4725 1812 4782 pce

182 4809 209 4855 ct
219 4799 416 4857 consolatoria!
434 4796 496 4856 (lsi
519 4800 596 4857 dicas
615 4800 714 4857 animae
725 4816 794 4858 mear
809 4821 816 4858 ε
829 4801 908 4859 Solus
924 4812 972 4859 trto
1022 4810 1146 4858 catorum
1158 4802 1293 4862 remissio.
1307 4801 1374 4859 llice
1386 4817 1471 4873 erqo:

184 4891 315 4964 eperum!
330 4884 417 4960 terat.
430 4908 525 4960 xxrtrr,
538 4891 745 4963 atoniacam
759 4896 972 4952 tuamconsola·
1060 4894 1142 4953 Vens.
1162 4896 1206 4952 ll.
1224 4895 1338 4954 Remitte
1348 4895 1423 4963 milti,
1438 4905 1467 4950 nt
1485 4896 1635 4967 resriqercr,
1655 4896 1810 4967 peraequare

185 4986 288 5042 tiurrom
302 4984 427 5041 desidero
440 4984 467 5040 in
479 4983 578 5042 exsilio
591 4987 655 5043 ritae
668 4989 821 5058 presentis,
836 4989 874 5044 ita
887 4989 970 5046 dico:
1024 4988 1126 5044 ubmm.
1147 4987 1213 5046 Plus
1230 5001 1281 5058 ego
1292 4987 1319 5042 in
1334 4997 1361 5044 te
1375 4988 1485 5059 macari
1500 5001 1583 5059 quant
1598 4986 1699 5044 iratres
1708 4983 1808 5056 loseph

220 5075 262 5130 Ne
284 5076 364 5132 cilcce
385 5090 395 5129 s
419 5079 545 5147 quonium
557 5078 656 5132 aduena
673 5094 719 5148 epo
733 5096 792 5134 curn
805 5081 876 5151 apud
892 5091 926 5148 tc,
945 5092 972 5138 ct
1023 5083 1051 5139 in
1067 5098 1141 5140 eum.
1165 5081 1278 5137 llenittc
1301 5081 1394 5153 ltaque
1415 5082 1491 5147 mibi,
1510 5090 1541 5136 ut
1560 5081 1715 5152 resriperer,
1738 5078 1811 5135 ment

181 5171 344 5240 pcrcqrinur.
367 5169 479 5230 Fratres,
490 5168 603 5242 losepb,
615 5171 678 5227 lieet
692 5172 719 5226 in
732 5172 850 5246 AEqypto
860 5172 973 5232 aduenae
1023 5177 1062 5232 illl
1083 5185 1146 5247 post
1160 5174 1351 5231 remissionem
1361 5183 1392 5230 et
1403 5173 1599 5246 irrdulgentiam
1612 5179 1677 5228 sunt
1695 5169 1810 5241 relriqe·

144 5301 148 5308 ,
183 5262 295 5329 inerint,
313 5272 432 5319 attamen
451 5281 505 5319 uon
518 5265 631 5322 omnino
642 5265 753 5323 luerunt
763 5267 909 5340 peregrini,
925 5267 972 5324 ubi
1023 5267 1075 5322 rati
1096 5267 1131 5322 ab
1151 5274 1220 5322 aestu
1241 5265 1376 5331 caedium,
1391 5273 1419 5320 et
1449 5264 1484 5320 ab
1507 5264 1675 5319 anxietatum
1694 5275 1809 5317 suarem

184 5353 338 5423 periratus
352 5358 395 5411 sui
410 5356 557 5426 pouutiam
568 5358 681 5428 pariter,
692 5367 720 5414 ct
738 5361 839 5414 clemen
845 5359 910 5415 tiam
920 5362 972 5416 tuti
1023 5359 1098 5431 pari
1112 5358 1219 5415 sarcina
1231 5357 1351 5414 relevati.
1367 5357 1479 5412 lientitte
1490 5355 1555 5411 milri
1568 5355 1658 5411 debita
1669 5369 1739 5416 mee,
1752 5352 1808 5408 sic·

185 5446 307 5512 inerunt,
324 5446 384 5517 ipso
402 5448 508 5504 dicente
535 5449 569 5506 ad
589 5465 665 5507 eos:
691 5450 779 5505 Nolite
805 5451 905 5521 timere,
925 5469 972 5524 epu
1023 5462 1053 5506 ut
1074 5460 1101 5507 et
1123 5464 1174 5522 epo
1192 5449 1300 5506 dimitto
1320 5449 1488 5505 debitoribus
1511 5449 1593 5514 meis,
1613 5448 1714 5519 quibus
1742 5451 1810 5515 opto

184 5554 292 5608 pureum
308 5556 362 5605 nnn,
379 5548 403 5595 et
418 5540 541 5610 porrulos
554 5551 651 5598 restrui
668 5542 744 5615 (Gen.
759 5558 785 5610 t,
798 5542 856 5614 Ἡ),
876 5544 972 5601 Adbuc
1024 5559 1115 5599 reram
1129 5543 1327 5614 penitentiam,
1351 5550 1379 5598 et
1398 5543 1502 5614 largam
1527 5557 1560 5598 ac
1579 5542 1695 5598 celerem
1714 5537 1808 5593 indul·

186 5638 276 5684 autem
304 5631 351 5686 illo
374 5632 480 5698 silente,
495 5648 528 5687 ac
547 5648 597 5703 per
617 5635 793 5705 interpretem
815 5635 913 5691 durius
930 5637 972 5691 lc
1023 5637 1153 5708 genuam,
1177 5636 1280 5692 nnllam
1304 5635 1338 5692 de
1361 5635 1405 5691 bis
1431 5650 1556 5706 quaerens
1577 5632 1734 5698 vindictam,
1753 5629 1809 5686 uhi

185 5727 295 5792 quontc,
311 5737 374 5777 rete
390 5723 527 5800 peregrini
538 5733 564 5780 et
584 5725 696 5785 aduenae
708 5725 826 5798 inerant,
840 5730 916 5801 qnia,
937 5729 971 5785 li·
1023 5730 1093 5786 lorte
1116 5729 1170 5787 illis
1193 5729 1378 5789 necessariam
1399 5737 1427 5786 et
1449 5728 1490 5786 sic
1517 5726 1751 5793 mentonem,
1775 5731 1807 5780 n*
