<?xml version="1.0" encoding="UTF-8"?>
<!DOCTYPE html PUBLIC "-//W3C//DTD XHTML 1.0 Transitional//EN"
    "http://www.w3.org/TR/xhtml1/DTD/xhtml1-transitional.dtd">
<html xmlns="http://www.w3.org/1999/xhtml" xml:lang="en" lang="en">
 <head>
  <title>
</title>
<meta http-equiv="Content-Type" content="text/html;charset=utf-8" />
  <meta name='ocr-system' content='tesseract 3.04.00' />
  <meta name='ocr-capabilities' content='ocr_page ocr_carea ocr_par ocr_line ocrx_word'/>
</head>
<body>
  <div class='ocr_page' id='page_1' title='image "./patrologiaecurs169unkngoog_0734.png"; bbox 0 0 3817 6000; ppageno 0'>
   <div class='ocr_carea' id='block_1_1' title="bbox 433 275 578 334">
    <p class='ocr_par' dir='ltr' id='par_1_1' title="bbox 433 275 578 334">
     <span class='ocr_line' id='line_1_1' title="bbox 433 275 578 334; baseline -0.007 0"><span class='ocrx_word' id='word_1_1' title='bbox 433 275 578 334; x_wconf 73' lang='grc'>1459</span> 
     </span>
    </p>
   </div>
   <div class='ocr_carea' id='block_1_2' title="bbox 1394 262 2718 325">
    <p class='ocr_par' dir='ltr' id='par_1_2' title="bbox 1394 262 2718 325">
     <span class='ocr_line' id='line_1_2' title="bbox 1394 262 2718 325; baseline -0.002 -1"><span class='ocrx_word' id='word_1_2' title='bbox 1394 266 1702 324; x_wconf 69' lang='lat' dir='ltr'>amnon!</span> <span class='ocrx_word' id='word_1_3' title='bbox 1738 264 2134 325; x_wconf 77' lang='lat' dir='ltr'>PRA-:Posl‘rt</span> <span class='ocrx_word' id='word_1_4' title='bbox 2166 262 2718 321; x_wconf 80' lang='lat' dir='ltr'>RElCHERSPERG.</span> 
     </span>
    </p>
   </div>
   <div class='ocr_carea' id='block_1_3' title="bbox 3562 257 3725 313">
    <p class='ocr_par' dir='ltr' id='par_1_3' title="bbox 3562 257 3725 313">
     <span class='ocr_line' id='line_1_3' title="bbox 3562 257 3725 313; baseline -0.012 0"><span class='ocrx_word' id='word_1_5' title='bbox 3562 257 3725 313; x_wconf 67' lang='grc'>1400</span> 
     </span>
    </p>
   </div>
   <div class='ocr_carea' id='block_1_4' title="bbox 430 379 3717 460">
    <p class='ocr_par' dir='ltr' id='par_1_4' title="bbox 430 379 3717 460">
     <span class='ocr_line' id='line_1_4' title="bbox 430 379 3717 460; baseline -0.006 -11"><span class='ocrx_word' id='word_1_6' title='bbox 430 392 564 460; x_wconf 84' lang='lat' dir='ltr'>silli,</span> <span class='ocrx_word' id='word_1_7' title='bbox 618 392 675 446; x_wconf 91' lang='lat' dir='ltr'>iu</span> <span class='ocrx_word' id='word_1_8' title='bbox 718 390 894 447; x_wconf 85' lang='lat' dir='ltr'>beatis</span> <span class='ocrx_word' id='word_1_9' title='bbox 962 386 1442 455; x_wconf 84' lang='lat' dir='ltr'>misericordibus3</span> <span class='ocrx_word' id='word_1_10' title='bbox 1503 385 1740 459; x_wconf 75' lang='lat' dir='ltr'>Spiritus</span> <span class='ocrx_word' id='word_1_11' title='bbox 1796 386 2009 443; x_wconf 87' lang='lat' dir='ltr'>intelle-</span> <span class='ocrx_word' id='word_1_12' title='bbox 2038 392 2081 447; x_wconf 81' lang='grc' dir='ltr'><strong>Α</strong></span> <span class='ocrx_word' id='word_1_13' title='bbox 2112 399 2180 438; x_wconf 74' lang='lat' dir='ltr'>ex</span> <span class='ocrx_word' id='word_1_14' title='bbox 2212 391 2320 438; x_wconf 84' lang='lat' dir='ltr'>toto</span> <span class='ocrx_word' id='word_1_15' title='bbox 2351 389 2505 439; x_wconf 78' lang='lat' dir='ltr'>corde</span> <span class='ocrx_word' id='word_1_16' title='bbox 2528 393 2702 452; x_wconf 58' lang='lat' dir='ltr'>tumet</span> <span class='ocrx_word' id='word_1_17' title='bbox 2724 398 2787 437; x_wconf 79' lang='lat' dir='ltr'>ex</span> <span class='ocrx_word' id='word_1_18' title='bbox 2813 392 2927 439; x_wconf 83' lang='lat' dir='ltr'>tota</span> <span class='ocrx_word' id='word_1_19' title='bbox 2957 382 3138 438; x_wconf 82' lang='lat' dir='ltr'>anima</span> <span class='ocrx_word' id='word_1_20' title='bbox 3159 390 3271 446; x_wconf 78' lang='lat' dir='ltr'>tua,</span> <span class='ocrx_word' id='word_1_21' title='bbox 3294 388 3345 435; x_wconf 81' lang='lat' dir='ltr'>et</span> <span class='ocrx_word' id='word_1_22' title='bbox 3368 395 3438 434; x_wconf 78' lang='lat' dir='ltr'>ea:</span> <span class='ocrx_word' id='word_1_23' title='bbox 3461 387 3590 431; x_wconf 77' lang='lat' dir='ltr'>tota</span> <span class='ocrx_word' id='word_1_24' title='bbox 3607 379 3717 431; x_wconf 70' lang='lat' dir='ltr'>tir-</span> 
     </span>
    </p>
   </div>
   <div class='ocr_carea' id='block_1_5' title="bbox 429 475 2019 2113">
    <p class='ocr_par' dir='ltr' id='par_1_5' title="bbox 429 475 2010 732">
     <span class='ocr_line' id='line_1_5' title="bbox 429 475 2010 550; baseline -0.005 -11"><span class='ocrx_word' id='word_1_25' title='bbox 429 492 574 550; x_wconf 90' lang='lat' dir='ltr'>ctus,</span> <span class='ocrx_word' id='word_1_26' title='bbox 600 481 655 537; x_wconf 84' lang='lat' dir='ltr'>in</span> <span class='ocrx_word' id='word_1_27' title='bbox 682 479 856 537; x_wconf 87' lang='lat' dir='ltr'>beatis</span> <span class='ocrx_word' id='word_1_28' title='bbox 905 480 1113 536; x_wconf 90' lang='lat' dir='ltr'>mundo</span> <span class='ocrx_word' id='word_1_29' title='bbox 1135 477 1299 535; x_wconf 88' lang='lat' dir='ltr'>corde</span> <span class='ocrx_word' id='word_1_30' title='bbox 1320 477 1630 534; x_wconf 74' lang='lat' dir='ltr'>videntibus</span> <span class='ocrx_word' id='word_1_31' title='bbox 1667 477 1860 546; x_wconf 88' lang='lat' dir='ltr'>Deum;</span> <span class='ocrx_word' id='word_1_32' title='bbox 1886 475 2010 549; x_wconf 88' lang='lat' dir='ltr'>Spi-</span> 
     </span>
     <span class='ocr_line' id='line_1_6' title="bbox 431 566 2010 642; baseline -0.002 -16"><span class='ocrx_word' id='word_1_33' title='bbox 431 573 571 627; x_wconf 82' lang='lat' dir='ltr'>ritus</span> <span class='ocrx_word' id='word_1_34' title='bbox 595 569 898 641; x_wconf 80' lang='lat' dir='ltr'>sapientiae,</span> <span class='ocrx_word' id='word_1_35' title='bbox 936 569 991 624; x_wconf 91' lang='lat' dir='ltr'>in</span> <span class='ocrx_word' id='word_1_36' title='bbox 1018 569 1193 627; x_wconf 89' lang='lat' dir='ltr'>beatis</span> <span class='ocrx_word' id='word_1_37' title='bbox 1220 568 1466 642; x_wconf 79' lang='lat' dir='ltr'>pacificis</span> <span class='ocrx_word' id='word_1_38' title='bbox 1488 566 1860 624; x_wconf 82' lang='lat' dir='ltr'>manifestaris</span> <span class='ocrx_word' id='word_1_39' title='bbox 1888 576 2010 623; x_wconf 88' lang='lat' dir='ltr'>tan-</span> 
     </span>
     <span class='ocr_line' id='line_1_7' title="bbox 431 660 1452 732; baseline -0.002 -16"><span class='ocrx_word' id='word_1_40' title='bbox 431 678 596 732; x_wconf 84' lang='lat' dir='ltr'><strong>quam</strong></span> <span class='ocrx_word' id='word_1_41' title='bbox 623 662 679 717; x_wconf 90' lang='lat' dir='ltr'>in</span> <span class='ocrx_word' id='word_1_42' title='bbox 729 660 968 732; x_wconf 80' lang='lat' dir='ltr'><strong>speculis</strong></span> <span class='ocrx_word' id='word_1_43' title='bbox 996 662 1149 732; x_wconf 90' lang='lat' dir='ltr'>puris</span> <span class='ocrx_word' id='word_1_44' title='bbox 1179 671 1235 718; x_wconf 92' lang='lat' dir='ltr'>et</span> <span class='ocrx_word' id='word_1_45' title='bbox 1268 660 1452 717; x_wconf 87' lang='lat' dir='ltr'>claris.</span> 
     </span>
    </p>

    <p class='ocr_par' dir='ltr' id='par_1_6' title="bbox 434 747 2019 2113">
     <span class='ocr_line' id='line_1_8' title="bbox 503 747 2012 822; baseline -0.001 -16"><span class='ocrx_word' id='word_1_46' title='bbox 503 751 748 820; x_wconf 87' lang='lat' dir='ltr'>Qualiter</span> <span class='ocrx_word' id='word_1_47' title='bbox 758 752 940 822; x_wconf 89' lang='lat' dir='ltr'>itaque</span> <span class='ocrx_word' id='word_1_48' title='bbox 977 760 1057 820; x_wconf 92' lang='lat' dir='ltr'>tu,</span> <span class='ocrx_word' id='word_1_49' title='bbox 1075 751 1217 807; x_wconf 89' lang='lat' dir='ltr'>trine</span> <span class='ocrx_word' id='word_1_50' title='bbox 1238 750 1404 817; x_wconf 88' lang='lat' dir='ltr'>Deus,</span> <span class='ocrx_word' id='word_1_51' title='bbox 1422 764 1519 820; x_wconf 90' lang='lat' dir='ltr'>per</span> <span class='ocrx_word' id='word_1_52' title='bbox 1528 747 1808 820; x_wconf 87' lang='lat' dir='ltr'>speculum</span> <span class='ocrx_word' id='word_1_53' title='bbox 1828 748 2012 804; x_wconf 79' lang='lat' dir='ltr'>videa-</span> 
     </span>
     <span class='ocr_line' id='line_1_9' title="bbox 434 837 2013 915; baseline -0.003 -18"><span class='ocrx_word' id='word_1_54' title='bbox 434 845 533 911; x_wconf 87' lang='lat' dir='ltr'>ris,</span> <span class='ocrx_word' id='word_1_55' title='bbox 550 843 987 915; x_wconf 81' lang='lat' dir='ltr'>examplificandi</span> <span class='ocrx_word' id='word_1_56' title='bbox 1005 844 1334 914; x_wconf 69' lang='lat' dir='ltr'>gratia,quae</span> <span class='ocrx_word' id='word_1_57' title='bbox 1348 841 1491 897; x_wconf 87' lang='lat' dir='ltr'>dicta</span> <span class='ocrx_word' id='word_1_58' title='bbox 1513 847 1663 907; x_wconf 89' lang='lat' dir='ltr'>sunt,</span> <span class='ocrx_word' id='word_1_59' title='bbox 1681 839 1842 895; x_wconf 93' lang='lat' dir='ltr'>modo</span> <span class='ocrx_word' id='word_1_60' title='bbox 1863 837 2013 896; x_wconf 84' lang='lat' dir='ltr'>suffi-</span> 
     </span>
     <span class='ocr_line' id='line_1_10' title="bbox 435 932 2013 1008; baseline -0.001 -18"><span class='ocrx_word' id='word_1_61' title='bbox 435 936 604 992; x_wconf 86' lang='lat' dir='ltr'>ciant.</span> <span class='ocrx_word' id='word_1_62' title='bbox 625 934 730 992; x_wconf 85' lang='lat' dir='ltr'>Sed</span> <span class='ocrx_word' id='word_1_63' title='bbox 758 935 992 1008; x_wconf 78' lang='lat' dir='ltr'>qualiter</span> <span class='ocrx_word' id='word_1_64' title='bbox 1005 932 1706 1008; x_wconf 79' lang='lat' dir='ltr'>aenigmateScriptui-arum</span> <span class='ocrx_word' id='word_1_65' title='bbox 1743 932 1920 988; x_wconf 89' lang='lat' dir='ltr'>trinus</span> <span class='ocrx_word' id='word_1_66' title='bbox 1959 941 2013 988; x_wconf 89' lang='lat' dir='ltr'>et</span> 
     </span>
     <span class='ocr_line' id='line_1_11' title="bbox 436 1023 2015 1100; baseline -0.004 -16"><span class='ocrx_word' id='word_1_67' title='bbox 436 1043 581 1085; x_wconf 88' lang='lat' dir='ltr'>unus</span> <span class='ocrx_word' id='word_1_68' title='bbox 591 1028 964 1100; x_wconf 82' lang='lat' dir='ltr'>cognoscaris,</span> <span class='ocrx_word' id='word_1_69' title='bbox 975 1029 1070 1100; x_wconf 90' lang='lat' dir='ltr'>qui</span> <span class='ocrx_word' id='word_1_70' title='bbox 1080 1028 1230 1100; x_wconf 77' lang='lat' dir='ltr'>legit,</span> <span class='ocrx_word' id='word_1_71' title='bbox 1247 1029 1302 1082; x_wconf 91' lang='lat' dir='ltr'>iu</span> <span class='ocrx_word' id='word_1_72' title='bbox 1311 1026 1518 1100; x_wconf 78' lang='lat' dir='ltr'>telligit,</span> <span class='ocrx_word' id='word_1_73' title='bbox 1530 1023 2015 1097; x_wconf 79' lang='lat' dir='ltr'>sijprudenterani-</span> 
     </span>
     <span class='ocr_line' id='line_1_12' title="bbox 437 1114 2011 1193; baseline -0.004 -15"><span class='ocrx_word' id='word_1_74' title='bbox 437 1122 901 1193; x_wconf 84' lang='lat' dir='ltr'>madvertit,quod</span> <span class='ocrx_word' id='word_1_75' title='bbox 921 1136 1026 1177; x_wconf 93' lang='lat' dir='ltr'>non</span> <span class='ocrx_word' id='word_1_76' title='bbox 1041 1120 1158 1177; x_wconf 89' lang='lat' dir='ltr'>sine</span> <span class='ocrx_word' id='word_1_77' title='bbox 1176 1128 1434 1187; x_wconf 84' lang='lat' dir='ltr'>causatu,</span> <span class='ocrx_word' id='word_1_78' title='bbox 1452 1117 1597 1174; x_wconf 87' lang='lat' dir='ltr'>Deus</span> <span class='ocrx_word' id='word_1_79' title='bbox 1608 1132 1771 1181; x_wconf 75' lang='lat' dir='ltr'>unua,</span> <span class='ocrx_word' id='word_1_80' title='bbox 1789 1114 1975 1171; x_wconf 76' lang='lat' dir='ltr'>dixisti</span> <span class='ocrx_word' id='word_1_81' title='bbox 1996 1134 2011 1171; x_wconf 77' lang='grc' dir='ltr'>ε</span> 
     </span>
     <span class='ocr_line' id='line_1_13' title="bbox 439 1207 2014 1285; baseline -0.005 -15"><span class='ocrx_word' id='word_1_82' title='bbox 439 1213 730 1270; x_wconf 74' lang='lat' dir='ltr'>Faciamus</span> <span class='ocrx_word' id='word_1_83' title='bbox 791 1215 1052 1270; x_wconf 82' lang='lat' dir='ltr'>hominem</span> <span class='ocrx_word' id='word_1_84' title='bbox 1092 1213 1161 1268; x_wconf 80' lang='lat' dir='ltr'>ad</span> <span class='ocrx_word' id='word_1_85' title='bbox 1209 1213 1490 1285; x_wconf 64' lang='lat' dir='ltr'>imaginem</span> <span class='ocrx_word' id='word_1_86' title='bbox 1539 1219 1589 1266; x_wconf 83' lang='lat' dir='ltr'>et</span> <span class='ocrx_word' id='word_1_87' title='bbox 1611 1207 2014 1265; x_wconf 77' lang='lat' dir='ltr'>similitudinem</span> 
     </span>
     <span class='ocr_line' id='line_1_14' title="bbox 438 1299 2009 1380; baseline -0.006 -16"><span class='ocrx_word' id='word_1_88' title='bbox 438 1317 680 1364; x_wconf 79' lang='lat' dir='ltr'>nostram</span> <span class='ocrx_word' id='word_1_89' title='bbox 709 1306 862 1380; x_wconf 81' lang='lat' dir='ltr'>(Gen.</span> <span class='ocrx_word' id='word_1_90' title='bbox 915 1322 954 1374; x_wconf 86' lang='lat'>1,</span> <span class='ocrx_word' id='word_1_91' title='bbox 987 1305 1101 1378; x_wconf 72' lang='lat'><strong>26).</strong></span> <span class='ocrx_word' id='word_1_92' title='bbox 1152 1305 1286 1361; x_wconf 87' lang='lat' dir='ltr'><strong>Item</strong></span> <span class='ocrx_word' id='word_1_93' title='bbox 1335 1304 1513 1363; x_wconf 89' lang='lat' dir='ltr'>dicis:</span> <span class='ocrx_word' id='word_1_94' title='bbox 1545 1303 1655 1375; x_wconf 73' lang='grc' dir='ltr'>Εςο</span> <span class='ocrx_word' id='word_1_95' title='bbox 1702 1317 1821 1356; x_wconf 80' lang='lat' dir='ltr'>sum</span> <span class='ocrx_word' id='word_1_96' title='bbox 1865 1299 2009 1356; x_wconf 80' lang='lat' dir='ltr'>Deus</span> 
     </span>
     <span class='ocr_line' id='line_1_15' title="bbox 438 1394 2015 1469; baseline -0.007 -12"><span class='ocrx_word' id='word_1_97' title='bbox 438 1402 729 1469; x_wconf 77' lang='lat' dir='ltr'>Abraham,</span> <span class='ocrx_word' id='word_1_98' title='bbox 761 1400 902 1455; x_wconf 76' lang='lat' dir='ltr'>Dens</span> <span class='ocrx_word' id='word_1_99' title='bbox 943 1397 1122 1465; x_wconf 80' lang='lat' dir='ltr'>Isaac,</span> <span class='ocrx_word' id='word_1_100' title='bbox 1153 1408 1204 1453; x_wconf 83' lang='lat' dir='ltr'>et</span> <span class='ocrx_word' id='word_1_101' title='bbox 1227 1397 1368 1453; x_wconf 81' lang='lat' dir='ltr'>Deus</span> <span class='ocrx_word' id='word_1_102' title='bbox 1395 1395 1432 1451; x_wconf 82' lang='lat' dir='ltr'><em>J</em></span> <span class='ocrx_word' id='word_1_103' title='bbox 1436 1394 1583 1466; x_wconf 82' lang='lat' dir='ltr'>acob,</span> <span class='ocrx_word' id='word_1_104' title='bbox 1606 1396 1702 1450; x_wconf 80' lang='grc' dir='ltr'>Ιιοσ</span> <span class='ocrx_word' id='word_1_105' title='bbox 1729 1409 1916 1450; x_wconf 81' lang='lat' dir='ltr'>nomen</span> <span class='ocrx_word' id='word_1_106' title='bbox 1935 1400 2015 1448; x_wconf 75' lang='lat' dir='ltr'>est</span> 
     </span>
     <span class='ocr_line' id='line_1_16' title="bbox 440 1488 2011 1566; baseline -0.006 -16"><span class='ocrx_word' id='word_1_107' title='bbox 440 1494 572 1550; x_wconf 76' lang='lat' dir='ltr'>milti</span> <span class='ocrx_word' id='word_1_108' title='bbox 594 1495 650 1549; x_wconf 83' lang='lat' dir='ltr'>in</span> <span class='ocrx_word' id='word_1_109' title='bbox 669 1504 924 1550; x_wconf 83' lang='lat' dir='ltr'>oeternum</span> <span class='ocrx_word' id='word_1_110' title='bbox 967 1491 1165 1566; x_wconf 78' lang='lat' dir='ltr'>(Exod.</span> <span class='ocrx_word' id='word_1_111' title='bbox 1192 1508 1274 1560; x_wconf 88' lang='grc' dir='ltr'>ιιι,</span> <span class='ocrx_word' id='word_1_112' title='bbox 1313 1491 1422 1563; x_wconf 84' lang='grc'><strong>15).</strong></span> <span class='ocrx_word' id='word_1_113' title='bbox 1455 1488 1691 1545; x_wconf 85' lang='lat' dir='ltr'>Pluralis</span> <span class='ocrx_word' id='word_1_114' title='bbox 1721 1501 2011 1553; x_wconf 86' lang='lat' dir='ltr'>numerus,</span> 
     </span>
     <span class='ocr_line' id='line_1_17' title="bbox 442 1580 2017 1656; baseline -0.007 -12"><span class='ocrx_word' id='word_1_115' title='bbox 442 1595 498 1644; x_wconf 94' lang='grc' dir='ltr'>ει</span> <span class='ocrx_word' id='word_1_116' title='bbox 520 1602 721 1645; x_wconf 92' lang='lat' dir='ltr'>nomen</span> <span class='ocrx_word' id='word_1_117' title='bbox 765 1586 860 1643; x_wconf 87' lang='lat' dir='ltr'>Dei</span> <span class='ocrx_word' id='word_1_118' title='bbox 896 1586 1058 1643; x_wconf 88' lang='lat' dir='ltr'>tertio</span> <span class='ocrx_word' id='word_1_119' title='bbox 1092 1585 1378 1656; x_wconf 89' lang='lat' dir='ltr'>repetitum</span> <span class='ocrx_word' id='word_1_120' title='bbox 1426 1591 1558 1638; x_wconf 90' lang='lat' dir='ltr'>tunc</span> <span class='ocrx_word' id='word_1_121' title='bbox 1609 1580 1851 1637; x_wconf 73' lang='lat' dir='ltr'>insinuat</span> <span class='ocrx_word' id='word_1_122' title='bbox 1893 1593 2017 1634; x_wconf 87' lang='lat' dir='ltr'>esse</span> 
     </span>
     <span class='ocr_line' id='line_1_18' title="bbox 441 1669 2015 1745; baseline -0.008 -10"><span class='ocrx_word' id='word_1_123' title='bbox 441 1678 671 1745; x_wconf 87' lang='lat' dir='ltr'>trinum,</span> <span class='ocrx_word' id='word_1_124' title='bbox 702 1693 826 1733; x_wconf 89' lang='lat' dir='ltr'>cum</span> <span class='ocrx_word' id='word_1_125' title='bbox 855 1676 994 1733; x_wconf 88' lang='lat' dir='ltr'>dicis</span> <span class='ocrx_word' id='word_1_126' title='bbox 1024 1693 1038 1730; x_wconf 88' lang='grc'>;</span> <span class='ocrx_word' id='word_1_127' title='bbox 1063 1674 1375 1731; x_wconf 77' lang='lat' dir='ltr'><strong><em>Faciamus.</em></strong></span> <span class='ocrx_word' id='word_1_128' title='bbox 1405 1673 1473 1730; x_wconf 86' lang='lat' dir='ltr'>Et</span> <span class='ocrx_word' id='word_1_129' title='bbox 1503 1693 1516 1729; x_wconf 77' lang='grc' dir='ltr'>ε</span> <span class='ocrx_word' id='word_1_130' title='bbox 1548 1671 1661 1744; x_wconf 78' lang='lat' dir='ltr'>qu</span> <span class='ocrx_word' id='word_1_131' title='bbox 1705 1688 1824 1728; x_wconf 78' lang='lat' dir='ltr'>sum</span> <span class='ocrx_word' id='word_1_132' title='bbox 1873 1669 2015 1725; x_wconf 80' lang='lat' dir='ltr'>Deus</span> 
     </span>
     <span class='ocr_line' id='line_1_19' title="bbox 443 1760 2017 1837; baseline -0.006 -13"><span class='ocrx_word' id='word_1_133' title='bbox 443 1768 735 1837; x_wconf 78' lang='lat' dir='ltr'>Abraham,</span> <span class='ocrx_word' id='word_1_134' title='bbox 765 1769 905 1826; x_wconf 73' lang='lat' dir='ltr'>Deus</span> <span class='ocrx_word' id='word_1_135' title='bbox 938 1766 1097 1823; x_wconf 78' lang='lat' dir='ltr'>Isaac</span> <span class='ocrx_word' id='word_1_136' title='bbox 1142 1775 1192 1821; x_wconf 84' lang='lat' dir='ltr'>et</span> <span class='ocrx_word' id='word_1_137' title='bbox 1242 1765 1384 1821; x_wconf 79' lang='lat' dir='ltr'>Deus</span> <span class='ocrx_word' id='word_1_138' title='bbox 1412 1763 1600 1819; x_wconf 76' lang='lat' dir='ltr'>Jacob.</span> <span class='ocrx_word' id='word_1_139' title='bbox 1642 1762 1751 1818; x_wconf 87' lang='lat' dir='ltr'>Sed</span> <span class='ocrx_word' id='word_1_140' title='bbox 1780 1777 1902 1820; x_wconf 88' lang='lat' dir='ltr'>cum</span> <span class='ocrx_word' id='word_1_141' title='bbox 1933 1760 2017 1816; x_wconf 89' lang='lat' dir='ltr'>di-</span> 
     </span>
     <span class='ocr_line' id='line_1_20' title="bbox 445 1852 2019 1922; baseline -0.007 -3"><span class='ocrx_word' id='word_1_142' title='bbox 445 1862 567 1919; x_wconf 81' lang='lat' dir='ltr'>cis:</span> <span class='ocrx_word' id='word_1_143' title='bbox 604 1861 721 1917; x_wconf 81' lang='lat' dir='ltr'>Hoc</span> <span class='ocrx_word' id='word_1_144' title='bbox 748 1877 933 1915; x_wconf 74' lang='lat' dir='ltr'>nomn</span> <span class='ocrx_word' id='word_1_145' title='bbox 982 1859 1113 1914; x_wconf 72' lang='lat' dir='ltr'>milii</span> <span class='ocrx_word' id='word_1_146' title='bbox 1155 1867 1232 1913; x_wconf 83' lang='lat' dir='ltr'>est</span> <span class='ocrx_word' id='word_1_147' title='bbox 1257 1858 1315 1914; x_wconf 87' lang='lat' dir='ltr'>in</span> <span class='ocrx_word' id='word_1_148' title='bbox 1354 1864 1630 1922; x_wconf 65' lang='lat' dir='ltr'>oeternum,</span> <span class='ocrx_word' id='word_1_149' title='bbox 1671 1866 1724 1910; x_wconf 89' lang='lat' dir='ltr'>te</span> <span class='ocrx_word' id='word_1_150' title='bbox 1768 1852 2019 1910; x_wconf 85' lang='lat' dir='ltr'>insinuas</span> 
     </span>
     <span class='ocr_line' id='line_1_21' title="bbox 443 1945 2018 2024; baseline -0.007 -14"><span class='ocrx_word' id='word_1_151' title='bbox 443 1969 638 2010; x_wconf 85' lang='lat' dir='ltr'>unum.</span> <span class='ocrx_word' id='word_1_152' title='bbox 669 1952 923 2024; x_wconf 79' lang='lat' dir='ltr'>Alioquin</span> <span class='ocrx_word' id='word_1_153' title='bbox 963 1951 1172 2007; x_wconf 86' lang='lat' dir='ltr'>diceres</span> <span class='ocrx_word' id='word_1_154' title='bbox 1214 1967 1228 2007; x_wconf 73' lang='grc' dir='ltr'><strong><em>τ</em></strong></span> <span class='ocrx_word' id='word_1_155' title='bbox 1265 1947 1390 2007; x_wconf 78' lang='lat' dir='ltr'>Haec</span> <span class='ocrx_word' id='word_1_156' title='bbox 1428 1948 1653 2004; x_wconf 90' lang='lat' dir='ltr'>nomina</span> <span class='ocrx_word' id='word_1_157' title='bbox 1694 1945 1854 2002; x_wconf 90' lang='lat' dir='ltr'>nobis</span> <span class='ocrx_word' id='word_1_158' title='bbox 1884 1952 2018 2000; x_wconf 87' lang='lat' dir='ltr'>sunt</span> 
     </span>
     <span class='ocr_line' id='line_1_22' title="bbox 446 2039 2018 2113; baseline -0.006 -11"><span class='ocrx_word' id='word_1_159' title='bbox 446 2046 504 2102; x_wconf 88' lang='lat' dir='ltr'>in</span> <span class='ocrx_word' id='word_1_160' title='bbox 550 2056 836 2109; x_wconf 86' lang='lat' dir='ltr'>aeternum,</span> <span class='ocrx_word' id='word_1_161' title='bbox 881 2044 927 2100; x_wconf 90' lang='lat' dir='ltr'>si</span> <span class='ocrx_word' id='word_1_162' title='bbox 983 2059 1080 2113; x_wconf 90' lang='lat' dir='ltr'>per</span> <span class='ocrx_word' id='word_1_163' title='bbox 1119 2057 1315 2097; x_wconf 91' lang='lat' dir='ltr'>nomen</span> <span class='ocrx_word' id='word_1_164' title='bbox 1366 2040 1463 2097; x_wconf 92' lang='lat' dir='ltr'>Dei</span> <span class='ocrx_word' id='word_1_165' title='bbox 1514 2040 1676 2097; x_wconf 85' lang='lat' dir='ltr'>tertio</span> <span class='ocrx_word' id='word_1_166' title='bbox 1727 2039 2018 2110; x_wconf 77' lang='lat' dir='ltr'>repetitum</span> 
     </span>
    </p>
   </div>
   <div class='ocr_carea' id='block_1_6' title="bbox 445 2131 2019 2300">
    <p class='ocr_par' dir='ltr' id='par_1_7' title="bbox 445 2131 2019 2300">
     <span class='ocr_line' id='line_1_23' title="bbox 445 2131 2017 2209; baseline -0.004 -17"><span class='ocrx_word' id='word_1_167' title='bbox 445 2136 613 2194; x_wconf 77' lang='lat' dir='ltr'>velles</span> <span class='ocrx_word' id='word_1_168' title='bbox 645 2136 870 2209; x_wconf 75' lang='lat' dir='ltr'>intelligi</span> <span class='ocrx_word' id='word_1_169' title='bbox 922 2136 1285 2207; x_wconf 75' lang='lat' dir='ltr'>pluralitatem</span> <span class='ocrx_word' id='word_1_170' title='bbox 1324 2136 1572 2201; x_wconf 87' lang='lat' dir='ltr'>deorum,</span> <span class='ocrx_word' id='word_1_171' title='bbox 1611 2149 1714 2190; x_wconf 90' lang='lat' dir='ltr'>nee</span> <span class='ocrx_word' id='word_1_172' title='bbox 1753 2131 1965 2188; x_wconf 80' lang='lat' dir='ltr'>diceres</span> <span class='ocrx_word' id='word_1_173' title='bbox 2002 2148 2017 2187; x_wconf 79' lang='lat' dir='ltr'><strong><em>z</em></strong></span> 
     </span>
     <span class='ocr_line' id='line_1_24' title="bbox 448 2221 2019 2300; baseline -0.003 -18"><span class='ocrx_word' id='word_1_174' title='bbox 448 2226 564 2300; x_wconf 67' lang='lat' dir='ltr'>Ego</span> <span class='ocrx_word' id='word_1_175' title='bbox 593 2244 712 2282; x_wconf 76' lang='lat' dir='ltr'>sum</span> <span class='ocrx_word' id='word_1_176' title='bbox 748 2226 888 2282; x_wconf 80' lang='lat' dir='ltr'>Deus</span> <span class='ocrx_word' id='word_1_177' title='bbox 920 2226 1213 2294; x_wconf 76' lang='lat' dir='ltr'>Abi-altam,</span> <span class='ocrx_word' id='word_1_178' title='bbox 1236 2225 1375 2281; x_wconf 81' lang='lat' dir='ltr'>Deus</span> <span class='ocrx_word' id='word_1_179' title='bbox 1411 2224 1570 2280; x_wconf 81' lang='lat' dir='ltr'>Isaac</span> <span class='ocrx_word' id='word_1_180' title='bbox 1587 2235 1639 2281; x_wconf 82' lang='lat' dir='ltr'>et</span> <span class='ocrx_word' id='word_1_181' title='bbox 1665 2225 1808 2280; x_wconf 82' lang='lat' dir='ltr'>Deus</span> <span class='ocrx_word' id='word_1_182' title='bbox 1828 2221 2019 2290; x_wconf 81' lang='lat' dir='ltr'>Jacob,</span> 
     </span>
    </p>
   </div>
   <div class='ocr_carea' id='block_1_7' title="bbox 450 2316 2027 3038">
    <p class='ocr_par' dir='ltr' id='par_1_8' title="bbox 450 2316 2027 3038">
     <span class='ocr_line' id='line_1_25' title="bbox 454 2316 2023 2386; baseline -0.003 -10"><span class='ocrx_word' id='word_1_183' title='bbox 454 2319 551 2376; x_wconf 89' lang='lat' dir='ltr'>sed</span> <span class='ocrx_word' id='word_1_184' title='bbox 602 2334 704 2376; x_wconf 91' lang='lat' dir='ltr'>nos</span> <span class='ocrx_word' id='word_1_185' title='bbox 730 2335 924 2376; x_wconf 89' lang='lat' dir='ltr'>sumus</span> <span class='ocrx_word' id='word_1_186' title='bbox 953 2320 1029 2374; x_wconf 87' lang='lat' dir='ltr'>dii</span> <span class='ocrx_word' id='word_1_187' title='bbox 1060 2327 1189 2375; x_wconf 90' lang='lat' dir='ltr'>tres.</span> <span class='ocrx_word' id='word_1_188' title='bbox 1219 2317 1351 2374; x_wconf 88' lang='lat' dir='ltr'>ltem</span> <span class='ocrx_word' id='word_1_189' title='bbox 1376 2333 1502 2375; x_wconf 87' lang='lat' dir='ltr'>eum</span> <span class='ocrx_word' id='word_1_190' title='bbox 1532 2318 1670 2375; x_wconf 91' lang='lat' dir='ltr'>dicis</span> <span class='ocrx_word' id='word_1_191' title='bbox 1704 2337 1717 2374; x_wconf 73' lang='grc' dir='ltr'>ε</span> <span class='ocrx_word' id='word_1_192' title='bbox 1748 2318 1911 2386; x_wconf 77' lang='lat' dir='ltr'>Audi,</span> <span class='ocrx_word' id='word_1_193' title='bbox 1937 2316 2023 2372; x_wconf 76' lang='lat' dir='ltr'>ls-</span> 
     </span>
     <span class='ocr_line' id='line_1_26' title="bbox 450 2409 2023 2483; baseline 0 -17"><span class='ocrx_word' id='word_1_194' title='bbox 450 2410 584 2479; x_wconf 80' lang='lat' dir='ltr'>rael,</span> <span class='ocrx_word' id='word_1_195' title='bbox 620 2410 759 2466; x_wconf 80' lang='lat' dir='ltr'>Dens</span> <span class='ocrx_word' id='word_1_196' title='bbox 806 2421 926 2466; x_wconf 74' lang='lat' dir='ltr'>tuus</span> <span class='ocrx_word' id='word_1_197' title='bbox 957 2428 1092 2467; x_wconf 75' lang='lat' dir='ltr'>uitus</span> <span class='ocrx_word' id='word_1_198' title='bbox 1115 2419 1194 2466; x_wconf 84' lang='lat' dir='ltr'>est</span> <span class='ocrx_word' id='word_1_199' title='bbox 1238 2409 1419 2483; x_wconf 79' lang='lat' dir='ltr'>(Dent.</span> <span class='ocrx_word' id='word_1_200' title='bbox 1451 2427 1529 2478; x_wconf 79' lang='lat' dir='ltr'>vt,</span> <span class='ocrx_word' id='word_1_201' title='bbox 1559 2410 1639 2482; x_wconf 73' lang='lat' dir='ltr'>t),</span> <span class='ocrx_word' id='word_1_202' title='bbox 1672 2409 1831 2467; x_wconf 82' lang='lat' dir='ltr'>fidem</span> <span class='ocrx_word' id='word_1_203' title='bbox 1858 2410 2023 2466; x_wconf 88' lang='lat' dir='ltr'>doces</span> 
     </span>
     <span class='ocr_line' id='line_1_27' title="bbox 450 2501 2022 2574; baseline -0.003 -12"><span class='ocrx_word' id='word_1_204' title='bbox 450 2503 676 2562; x_wconf 87' lang='lat' dir='ltr'>unitatis</span> <span class='ocrx_word' id='word_1_205' title='bbox 702 2502 755 2559; x_wconf 92' lang='lat' dir='ltr'>in</span> <span class='ocrx_word' id='word_1_206' title='bbox 784 2503 1097 2559; x_wconf 77' lang='lat' dir='ltr'>Divinitate.</span> <span class='ocrx_word' id='word_1_207' title='bbox 1127 2502 1198 2558; x_wconf 81' lang='lat' dir='ltr'>At</span> <span class='ocrx_word' id='word_1_208' title='bbox 1226 2518 1351 2558; x_wconf 89' lang='lat' dir='ltr'>cum</span> <span class='ocrx_word' id='word_1_209' title='bbox 1380 2502 1519 2560; x_wconf 86' lang='lat' dir='ltr'>dicis</span> <span class='ocrx_word' id='word_1_210' title='bbox 1553 2522 1568 2559; x_wconf 74' lang='grc' dir='ltr'><strong>ε</strong></span> <span class='ocrx_word' id='word_1_211' title='bbox 1602 2501 1804 2574; x_wconf 65' lang='lat' dir='ltr'>Diliges</span> <span class='ocrx_word' id='word_1_212' title='bbox 1831 2502 2022 2558; x_wconf 86' lang='lat' dir='ltr'>Domi-</span> 
     </span>
     <span class='ocr_line' id='line_1_28' title="bbox 450 2595 2024 2665; baseline -0.001 -13"><span class='ocrx_word' id='word_1_213' title='bbox 450 2614 578 2652; x_wconf 80' lang='lat' dir='ltr'>num</span> <span class='ocrx_word' id='word_1_214' title='bbox 604 2597 774 2652; x_wconf 80' lang='lat' dir='ltr'>Deum</span> <span class='ocrx_word' id='word_1_215' title='bbox 801 2606 948 2651; x_wconf 75' lang='lat' dir='ltr'>tuum</span> <span class='ocrx_word' id='word_1_216' title='bbox 972 2610 1040 2652; x_wconf 74' lang='lat' dir='ltr'>ex</span> <span class='ocrx_word' id='word_1_217' title='bbox 1062 2604 1170 2651; x_wconf 86' lang='lat' dir='ltr'>toto</span> <span class='ocrx_word' id='word_1_218' title='bbox 1213 2595 1500 2665; x_wconf 80' lang='lat' dir='ltr'>cordetuo,</span> <span class='ocrx_word' id='word_1_219' title='bbox 1530 2605 1580 2652; x_wconf 81' lang='lat' dir='ltr'>et</span> <span class='ocrx_word' id='word_1_220' title='bbox 1606 2613 1672 2652; x_wconf 77' lang='lat' dir='ltr'>ex</span> <span class='ocrx_word' id='word_1_221' title='bbox 1701 2605 1812 2652; x_wconf 82' lang='lat' dir='ltr'>tota</span> <span class='ocrx_word' id='word_1_222' title='bbox 1841 2597 2024 2651; x_wconf 83' lang='lat' dir='ltr'>anima</span> 
     </span>
     <span class='ocr_line' id='line_1_29' title="bbox 451 2685 2025 2760; baseline 0.001 -17"><span class='ocrx_word' id='word_1_223' title='bbox 451 2698 567 2756; x_wconf 81' lang='lat' dir='ltr'>tna,</span> <span class='ocrx_word' id='word_1_224' title='bbox 595 2697 647 2743; x_wconf 82' lang='lat' dir='ltr'>et</span> <span class='ocrx_word' id='word_1_225' title='bbox 666 2703 733 2743; x_wconf 75' lang='lat' dir='ltr'>ex</span> <span class='ocrx_word' id='word_1_226' title='bbox 760 2696 877 2744; x_wconf 81' lang='lat' dir='ltr'>tota</span> <span class='ocrx_word' id='word_1_227' title='bbox 902 2689 1095 2744; x_wconf 82' lang='lat' dir='ltr'>virtute</span> <span class='ocrx_word' id='word_1_228' title='bbox 1121 2697 1215 2743; x_wconf 80' lang='lat' dir='ltr'>tna</span> <span class='ocrx_word' id='word_1_229' title='bbox 1243 2685 1462 2758; x_wconf 76' lang='lat' dir='ltr'>(Manli.</span> <span class='ocrx_word' id='word_1_230' title='bbox 1500 2704 1640 2754; x_wconf 82' lang='lat' dir='ltr'>xxii,</span> <span class='ocrx_word' id='word_1_231' title='bbox 1674 2688 1790 2760; x_wconf 80' lang='lat'>57),</span> <span class='ocrx_word' id='word_1_232' title='bbox 1818 2687 2025 2745; x_wconf 77' lang='lat' dir='ltr'>trinum</span> 
     </span>
     <span class='ocr_line' id='line_1_30' title="bbox 451 2779 2026 2852; baseline -0.001 -14"><span class='ocrx_word' id='word_1_233' title='bbox 451 2789 506 2838; x_wconf 88' lang='lat' dir='ltr'>te</span> <span class='ocrx_word' id='word_1_234' title='bbox 536 2781 810 2848; x_wconf 89' lang='lat' dir='ltr'>insinuas,</span> <span class='ocrx_word' id='word_1_235' title='bbox 834 2780 963 2852; x_wconf 91' lang='lat' dir='ltr'>quia</span> <span class='ocrx_word' id='word_1_236' title='bbox 1011 2781 1156 2836; x_wconf 88' lang='lat' dir='ltr'>trina</span> <span class='ocrx_word' id='word_1_237' title='bbox 1190 2779 1480 2837; x_wconf 86' lang='lat' dir='ltr'>dilectione</span> <span class='ocrx_word' id='word_1_238' title='bbox 1521 2789 1574 2837; x_wconf 92' lang='lat' dir='ltr'>te</span> <span class='ocrx_word' id='word_1_239' title='bbox 1595 2780 1882 2837; x_wconf 90' lang='lat' dir='ltr'>colendum</span> <span class='ocrx_word' id='word_1_240' title='bbox 1932 2781 2026 2837; x_wconf 91' lang='lat' dir='ltr'>de-</span> 
     </span>
     <span class='ocr_line' id='line_1_31' title="bbox 453 2872 2027 2945; baseline 0 -17"><span class='ocrx_word' id='word_1_241' title='bbox 453 2882 749 2931; x_wconf 81' lang='lat' dir='ltr'>monstras.</span> <span class='ocrx_word' id='word_1_242' title='bbox 783 2872 850 2929; x_wconf 87' lang='lat' dir='ltr'>Et</span> <span class='ocrx_word' id='word_1_243' title='bbox 876 2874 991 2929; x_wconf 86' lang='lat' dir='ltr'>baec</span> <span class='ocrx_word' id='word_1_244' title='bbox 1013 2874 1229 2945; x_wconf 85' lang='lat' dir='ltr'>aliaque</span> <span class='ocrx_word' id='word_1_245' title='bbox 1255 2873 1570 2944; x_wconf 85' lang='lat' dir='ltr'>hujusmodi</span> <span class='ocrx_word' id='word_1_246' title='bbox 1592 2873 1749 2929; x_wconf 84' lang='lat' dir='ltr'>trinae</span> <span class='ocrx_word' id='word_1_247' title='bbox 1770 2872 2027 2945; x_wconf 80' lang='lat' dir='ltr'>majesta-</span> 
     </span>
     <span class='ocr_line' id='line_1_32' title="bbox 453 2963 2024 3038; baseline 0 -17"><span class='ocrx_word' id='word_1_248' title='bbox 453 2966 526 3021; x_wconf 87' lang='lat' dir='ltr'>tis</span> <span class='ocrx_word' id='word_1_249' title='bbox 550 2975 659 3022; x_wconf 83' lang='lat' dir='ltr'>tuae</span> <span class='ocrx_word' id='word_1_250' title='bbox 685 2963 884 3022; x_wconf 85' lang='lat' dir='ltr'>indicia</span> <span class='ocrx_word' id='word_1_251' title='bbox 923 2966 1027 3023; x_wconf 89' lang='lat' dir='ltr'>sub</span> <span class='ocrx_word' id='word_1_252' title='bbox 1044 2965 1350 3023; x_wconf 81' lang='lat' dir='ltr'>velamento</span> <span class='ocrx_word' id='word_1_253' title='bbox 1375 2965 1511 3038; x_wconf 78' lang='lat' dir='ltr'>legis</span> <span class='ocrx_word' id='word_1_254' title='bbox 1546 2965 1603 3022; x_wconf 90' lang='lat' dir='ltr'>in</span> <span class='ocrx_word' id='word_1_255' title='bbox 1626 2965 1915 3037; x_wconf 68' lang='lat' dir='ltr'>aenigmate</span> <span class='ocrx_word' id='word_1_256' title='bbox 1934 2965 2024 3021; x_wconf 89' lang='lat' dir='ltr'>ob-</span> 
     </span>
    </p>
   </div>
   <div class='ocr_carea' id='block_1_8' title="bbox 2109 471 3713 3033">
    <p class='ocr_par' dir='ltr' id='par_1_9' title="bbox 2109 471 3713 3033">
     <span class='ocr_line' id='line_1_33' title="bbox 2113 471 3713 552; baseline -0.007 -17"><span class='ocrx_word' id='word_1_257' title='bbox 2113 490 2225 536; x_wconf 74' lang='lat' dir='ltr'>tuto</span> <span class='ocrx_word' id='word_1_258' title='bbox 2254 489 2346 534; x_wconf 74' lang='lat' dir='ltr'>tua</span> <span class='ocrx_word' id='word_1_259' title='bbox 2403 478 2625 552; x_wconf 73' lang='lat' dir='ltr'>(Manli.</span> <span class='ocrx_word' id='word_1_260' title='bbox 2657 495 2792 544; x_wconf 81' lang='lat' dir='ltr'>xxii,</span> <span class='ocrx_word' id='word_1_261' title='bbox 2829 478 2942 549; x_wconf 81' lang='lat'>57).</span> <span class='ocrx_word' id='word_1_262' title='bbox 2978 476 3110 533; x_wconf 90' lang='lat' dir='ltr'>ltem</span> <span class='ocrx_word' id='word_1_263' title='bbox 3143 495 3157 530; x_wconf 73' lang='grc' dir='ltr'>ε</span> <span class='ocrx_word' id='word_1_264' title='bbox 3189 474 3476 529; x_wconf 74' lang='lat' dir='ltr'>Dominum</span> <span class='ocrx_word' id='word_1_265' title='bbox 3522 471 3713 526; x_wconf 66' lang='lat' dir='ltr'>Deum</span> 
     </span>
     <span class='ocr_line' id='line_1_34' title="bbox 2111 564 3707 647; baseline -0.005 -21"><span class='ocrx_word' id='word_1_266' title='bbox 2111 581 2259 647; x_wconf 69' lang='lat' dir='ltr'>tuum</span> <span class='ocrx_word' id='word_1_267' title='bbox 2310 571 2582 639; x_wconf 75' lang='lat' dir='ltr'>adorabis,</span> <span class='ocrx_word' id='word_1_268' title='bbox 2632 579 2683 626; x_wconf 83' lang='lat' dir='ltr'>et</span> <span class='ocrx_word' id='word_1_269' title='bbox 2711 570 2796 625; x_wconf 67' lang='lat' dir='ltr'>iun·</span> <span class='ocrx_word' id='word_1_270' title='bbox 2841 569 2943 625; x_wconf 81' lang='lat' dir='ltr'>soli</span> <span class='ocrx_word' id='word_1_271' title='bbox 2963 573 3156 625; x_wconf 70' lang='lat' dir='ltr'>servies</span> <span class='ocrx_word' id='word_1_272' title='bbox 3209 565 3433 638; x_wconf 65' lang='lat' dir='ltr'>(Hateri.</span> <span class='ocrx_word' id='word_1_273' title='bbox 3465 580 3549 631; x_wconf 84' lang='lat' dir='ltr'>iv,</span> <span class='ocrx_word' id='word_1_274' title='bbox 3589 564 3707 632; x_wconf 86' lang='grc'><strong>10).</strong></span> 
     </span>
     <span class='ocr_line' id='line_1_35' title="bbox 2109 657 3710 734; baseline -0.006 -16"><span class='ocrx_word' id='word_1_275' title='bbox 2109 663 2292 731; x_wconf 81' lang='lat' dir='ltr'>Quare</span> <span class='ocrx_word' id='word_1_276' title='bbox 2345 663 2424 718; x_wconf 91' lang='lat' dir='ltr'>illi</span> <span class='ocrx_word' id='word_1_277' title='bbox 2464 663 2567 719; x_wconf 90' lang='lat' dir='ltr'>soli</span> <span class='ocrx_word' id='word_1_278' title='bbox 2609 681 2624 719; x_wconf 74' lang='grc' dir='ltr'><strong>ε</strong></span> <span class='ocrx_word' id='word_1_279' title='bbox 2666 662 2806 719; x_wconf 81' lang='lat' dir='ltr'>Audi</span> <span class='ocrx_word' id='word_1_280' title='bbox 2853 660 3205 734; x_wconf 78' lang='lat' dir='ltr'>Evangelium</span> <span class='ocrx_word' id='word_1_281' title='bbox 3238 677 3252 690; x_wconf 94' lang='lat'><strong>·</strong></span> <span class='ocrx_word' id='word_1_282' title='bbox 3294 657 3466 713; x_wconf 67' lang='lat' dir='ltr'>Nemo</span> <span class='ocrx_word' id='word_1_283' title='bbox 3520 666 3710 727; x_wconf 70' lang='lat' dir='ltr'>potest</span> 
     </span>
     <span class='ocr_line' id='line_1_36' title="bbox 2118 749 3711 821; baseline -0.003 -14"><span class='ocrx_word' id='word_1_284' title='bbox 2118 753 2321 808; x_wconf 75' lang='lat' dir='ltr'>dnobus</span> <span class='ocrx_word' id='word_1_285' title='bbox 2342 754 2575 809; x_wconf 72' lang='lat' dir='ltr'>dominis</span> <span class='ocrx_word' id='word_1_286' title='bbox 2606 756 2818 810; x_wconf 77' lang='lat' dir='ltr'>servire.</span> <span class='ocrx_word' id='word_1_287' title='bbox 2851 752 2983 808; x_wconf 83' lang='lat' dir='ltr'>Item</span> <span class='ocrx_word' id='word_1_288' title='bbox 3010 773 3024 808; x_wconf 90' lang='lat'><strong>:</strong></span> <span class='ocrx_word' id='word_1_289' title='bbox 3053 751 3177 806; x_wconf 82' lang='lat' dir='ltr'>Non</span> <span class='ocrx_word' id='word_1_290' title='bbox 3190 752 3412 821; x_wconf 75' lang='lat' dir='ltr'>potestis</span> <span class='ocrx_word' id='word_1_291' title='bbox 3444 749 3561 803; x_wconf 80' lang='lat' dir='ltr'>Deo</span> <span class='ocrx_word' id='word_1_292' title='bbox 3592 765 3711 802; x_wconf 73' lang='lat' dir='ltr'>ser-</span> 
     </span>
     <span class='ocr_line' id='line_1_37' title="bbox 2112 842 3710 919; baseline -0.003 -18"><span class='ocrx_word' id='word_1_293' title='bbox 2112 848 2220 901; x_wconf 83' lang='lat' dir='ltr'>uire</span> <span class='ocrx_word' id='word_1_294' title='bbox 2241 857 2291 902; x_wconf 82' lang='lat' dir='ltr'>et</span> <span class='ocrx_word' id='word_1_295' title='bbox 2324 864 2640 903; x_wconf 79' lang='lat' dir='ltr'>mammonoe</span> <span class='ocrx_word' id='word_1_296' title='bbox 2669 847 2891 919; x_wconf 75' lang='lat' dir='ltr'>(Manli.</span> <span class='ocrx_word' id='word_1_297' title='bbox 2919 862 2995 913; x_wconf 81' lang='lat' dir='ltr'>vi,</span> <span class='ocrx_word' id='word_1_298' title='bbox 3019 845 3135 919; x_wconf 69' lang='lat'><strong>24).</strong></span> <span class='ocrx_word' id='word_1_299' title='bbox 3163 842 3271 900; x_wconf 88' lang='lat' dir='ltr'>Uni</span> <span class='ocrx_word' id='word_1_300' title='bbox 3297 858 3431 916; x_wconf 78' lang='lat' dir='ltr'>ergo</span> <span class='ocrx_word' id='word_1_301' title='bbox 3451 859 3520 898; x_wconf 85' lang='lat' dir='ltr'>ac</span> <span class='ocrx_word' id='word_1_302' title='bbox 3549 843 3710 897; x_wconf 83' lang='lat' dir='ltr'>trino</span> 
     </span>
     <span class='ocr_line' id='line_1_38' title="bbox 2114 938 3704 1010; baseline -0.003 -15"><span class='ocrx_word' id='word_1_303' title='bbox 2114 942 2225 998; x_wconf 87' lang='lat' dir='ltr'>Deo</span> <span class='ocrx_word' id='word_1_304' title='bbox 2249 942 2554 998; x_wconf 85' lang='lat' dir='ltr'>serviamus</span> <span class='ocrx_word' id='word_1_305' title='bbox 2582 942 2809 998; x_wconf 89' lang='lat' dir='ltr'>colendo</span> <span class='ocrx_word' id='word_1_306' title='bbox 2840 941 2995 996; x_wconf 92' lang='lat' dir='ltr'>illum</span> <span class='ocrx_word' id='word_1_307' title='bbox 3041 940 3147 996; x_wconf 79' lang='lat' dir='ltr'>ilde</span> <span class='ocrx_word' id='word_1_308' title='bbox 3191 948 3353 1010; x_wconf 90' lang='lat' dir='ltr'>atque</span> <span class='ocrx_word' id='word_1_309' title='bbox 3395 938 3704 994; x_wconf 72' lang='lat' dir='ltr'>charitate.</span> 
     </span>
     <span class='ocr_line' id='line_1_39' title="bbox 2115 1025 3708 1105; baseline -0.005 -18"><span class='ocrx_word' id='word_1_310' title='bbox 2115 1031 2247 1089; x_wconf 80' lang='lat' dir='ltr'>Fide</span> <span class='ocrx_word' id='word_1_311' title='bbox 2272 1032 2341 1088; x_wconf 88' lang='lat' dir='ltr'>ad</span> <span class='ocrx_word' id='word_1_312' title='bbox 2375 1032 2612 1099; x_wconf 82' lang='lat' dir='ltr'>Patrem,</span> <span class='ocrx_word' id='word_1_313' title='bbox 2638 1048 2734 1105; x_wconf 91' lang='lat' dir='ltr'>spe</span> <span class='ocrx_word' id='word_1_314' title='bbox 2768 1031 2835 1088; x_wconf 91' lang='lat' dir='ltr'>ad</span> <span class='ocrx_word' id='word_1_315' title='bbox 2873 1030 3094 1099; x_wconf 89' lang='lat' dir='ltr'>Filium,</span> <span class='ocrx_word' id='word_1_316' title='bbox 3123 1029 3387 1086; x_wconf 86' lang='lat' dir='ltr'>charitate</span> <span class='ocrx_word' id='word_1_317' title='bbox 3416 1026 3486 1082; x_wconf 89' lang='lat' dir='ltr'>ad</span> <span class='ocrx_word' id='word_1_318' title='bbox 3508 1025 3708 1097; x_wconf 84' lang='lat' dir='ltr'>Spiri-</span> 
     </span>
     <span class='ocr_line' id='line_1_40' title="bbox 2119 1120 3710 1199; baseline -0.005 -16"><span class='ocrx_word' id='word_1_319' title='bbox 2119 1139 2235 1183; x_wconf 86' lang='lat' dir='ltr'>tum</span> <span class='ocrx_word' id='word_1_320' title='bbox 2265 1136 2516 1184; x_wconf 86' lang='lat' dir='ltr'>sanctum</span> <span class='ocrx_word' id='word_1_321' title='bbox 2538 1126 2754 1199; x_wconf 78' lang='lat' dir='ltr'>religati</span> <span class='ocrx_word' id='word_1_322' title='bbox 2780 1124 3041 1196; x_wconf 76' lang='lat' dir='ltr'>religione</span> <span class='ocrx_word' id='word_1_323' title='bbox 3078 1122 3311 1181; x_wconf 84' lang='lat' dir='ltr'>sincera.</span> <span class='ocrx_word' id='word_1_324' title='bbox 3337 1121 3612 1177; x_wconf 88' lang='lat' dir='ltr'>Colamus</span> <span class='ocrx_word' id='word_1_325' title='bbox 3636 1120 3710 1175; x_wconf 88' lang='lat' dir='ltr'>il-</span> 
     </span>
     <span class='ocr_line' id='line_1_41' title="bbox 2113 1213 3702 1290; baseline -0.006 -14"><span class='ocrx_word' id='word_1_326' title='bbox 2113 1221 2228 1276; x_wconf 88' lang='lat' dir='ltr'>lum</span> <span class='ocrx_word' id='word_1_327' title='bbox 2272 1228 2383 1276; x_wconf 89' lang='lat' dir='ltr'>tres</span> <span class='ocrx_word' id='word_1_328' title='bbox 2420 1219 2759 1290; x_wconf 85' lang='lat' dir='ltr'>patriarchas</span> <span class='ocrx_word' id='word_1_329' title='bbox 2790 1234 2805 1271; x_wconf 90' lang='lat'>:</span> <span class='ocrx_word' id='word_1_330' title='bbox 2837 1217 3134 1284; x_wconf 81' lang='lat' dir='ltr'>Abraham,</span> <span class='ocrx_word' id='word_1_331' title='bbox 3180 1214 3334 1272; x_wconf 90' lang='lat' dir='ltr'>lsaac</span> <span class='ocrx_word' id='word_1_332' title='bbox 3370 1224 3427 1271; x_wconf 89' lang='lat' dir='ltr'>et</span> <span class='ocrx_word' id='word_1_333' title='bbox 3474 1213 3702 1280; x_wconf 79' lang='lat' dir='ltr'>Jacob;</span> 
     </span>
     <span class='ocr_line' id='line_1_42' title="bbox 2114 1305 3707 1384; baseline -0.006 -14"><span class='ocrx_word' id='word_1_334' title='bbox 2114 1323 2227 1370; x_wconf 80' lang='lat' dir='ltr'>tres</span> <span class='ocrx_word' id='word_1_335' title='bbox 2251 1312 2429 1384; x_wconf 87' lang='lat' dir='ltr'>justos</span> <span class='ocrx_word' id='word_1_336' title='bbox 2455 1331 2469 1367; x_wconf 89' lang='lat'><strong>:</strong></span> <span class='ocrx_word' id='word_1_337' title='bbox 2501 1309 2636 1379; x_wconf 85' lang='lat' dir='ltr'>Noe,</span> <span class='ocrx_word' id='word_1_338' title='bbox 2670 1310 2854 1368; x_wconf 84' lang='lat' dir='ltr'>Daniel</span> <span class='ocrx_word' id='word_1_339' title='bbox 2876 1318 2932 1366; x_wconf 93' lang='lat' dir='ltr'>et</span> <span class='ocrx_word' id='word_1_340' title='bbox 2969 1307 3105 1377; x_wconf 82' lang='lat' dir='ltr'>Job;</span> <span class='ocrx_word' id='word_1_341' title='bbox 3137 1317 3243 1364; x_wconf 84' lang='lat' dir='ltr'>tres</span> <span class='ocrx_word' id='word_1_342' title='bbox 3269 1322 3426 1379; x_wconf 78' lang='lat' dir='ltr'>reges</span> <span class='ocrx_word' id='word_1_343' title='bbox 3458 1305 3707 1375; x_wconf 72' lang='lat' dir='ltr'>:Daviti‚</span> 
     </span>
     <span class='ocr_line' id='line_1_43' title="bbox 2114 1400 3703 1474; baseline 0 -14"><span class='ocrx_word' id='word_1_344' title='bbox 2114 1405 2430 1472; x_wconf 83' lang='lat' dir='ltr'>Ezechiam,</span> <span class='ocrx_word' id='word_1_345' title='bbox 2478 1402 2714 1471; x_wconf 87' lang='lat' dir='ltr'>Josiam;</span> <span class='ocrx_word' id='word_1_346' title='bbox 2764 1412 2876 1460; x_wconf 85' lang='lat' dir='ltr'>tres</span> <span class='ocrx_word' id='word_1_347' title='bbox 2920 1417 3165 1474; x_wconf 87' lang='lat' dir='ltr'>pueros:</span> <span class='ocrx_word' id='word_1_348' title='bbox 3197 1401 3494 1468; x_wconf 82' lang='lat' dir='ltr'>Ananiam,</span> <span class='ocrx_word' id='word_1_349' title='bbox 3549 1400 3703 1460; x_wconf 72' lang='lat' dir='ltr'>Aza-</span> 
     </span>
     <span class='ocr_line' id='line_1_44' title="bbox 2116 1490 3706 1565; baseline -0.004 -10"><span class='ocrx_word' id='word_1_350' title='bbox 2116 1500 2276 1565; x_wconf 88' lang='lat' dir='ltr'>riam,</span> <span class='ocrx_word' id='word_1_351' title='bbox 2300 1496 2608 1564; x_wconf 77' lang='lat' dir='ltr'>Misaelem;</span> <span class='ocrx_word' id='word_1_352' title='bbox 2642 1504 2753 1551; x_wconf 89' lang='lat' dir='ltr'>tres</span> <span class='ocrx_word' id='word_1_353' title='bbox 2781 1495 2923 1551; x_wconf 82' lang='lat' dir='ltr'>tilios</span> <span class='ocrx_word' id='word_1_354' title='bbox 2972 1492 3290 1550; x_wconf 74' lang='lat' dir='ltr'>Matbathiae</span> <span class='ocrx_word' id='word_1_355' title='bbox 3322 1490 3563 1549; x_wconf 72' lang='lat' dir='ltr'>:ludam</span> <span class='ocrx_word' id='word_1_356' title='bbox 3586 1492 3706 1549; x_wconf 67' lang='lat' dir='ltr'>Ma-</span> 
     </span>
     <span class='ocr_line' id='line_1_45' title="bbox 2118 1581 3699 1654; baseline -0.006 -7"><span class='ocrx_word' id='word_1_357' title='bbox 2118 1590 2421 1654; x_wconf 81' lang='lat' dir='ltr'>cbabaeum,</span> <span class='ocrx_word' id='word_1_358' title='bbox 2452 1586 2724 1644; x_wconf 79' lang='lat' dir='ltr'>Jonatlian</span> <span class='ocrx_word' id='word_1_359' title='bbox 2753 1595 2809 1642; x_wconf 90' lang='lat' dir='ltr'>et</span> <span class='ocrx_word' id='word_1_360' title='bbox 2854 1584 3173 1652; x_wconf 80' lang='lat' dir='ltr'>Simonem3</span> <span class='ocrx_word' id='word_1_361' title='bbox 3212 1593 3327 1640; x_wconf 87' lang='lat' dir='ltr'>tres</span> <span class='ocrx_word' id='word_1_362' title='bbox 3367 1581 3654 1653; x_wconf 82' lang='lat' dir='ltr'>apostolos</span> <span class='ocrx_word' id='word_1_363' title='bbox 3684 1601 3699 1636; x_wconf 92' lang='lat'>:</span> 
     </span>
     <span class='ocr_line' id='line_1_46' title="bbox 2117 1675 3704 1748; baseline -0.004 -13"><span class='ocrx_word' id='word_1_364' title='bbox 2117 1678 2357 1748; x_wconf 84' lang='lat' dir='ltr'>Petrum,</span> <span class='ocrx_word' id='word_1_365' title='bbox 2390 1678 2674 1745; x_wconf 74' lang='lat' dir='ltr'>«Iacobum,</span> <span class='ocrx_word' id='word_1_366' title='bbox 2721 1676 2985 1735; x_wconf 78' lang='lat' dir='ltr'>Jnannem</span> <span class='ocrx_word' id='word_1_367' title='bbox 3011 1692 3042 1732; x_wconf 87' lang='lat' dir='ltr'>a</span> <span class='ocrx_word' id='word_1_368' title='bbox 3071 1675 3308 1733; x_wconf 90' lang='lat' dir='ltr'>Domino</span> <span class='ocrx_word' id='word_1_369' title='bbox 3348 1675 3403 1731; x_wconf 91' lang='lat' dir='ltr'>in</span> <span class='ocrx_word' id='word_1_370' title='bbox 3454 1684 3704 1730; x_wconf 79' lang='lat' dir='ltr'>montem</span> 
     </span>
     <span class='ocr_line' id='line_1_47' title="bbox 2120 1768 3704 1845; baseline -0.004 -16"><span class='ocrx_word' id='word_1_371' title='bbox 2120 1780 2438 1843; x_wconf 86' lang='lat' dir='ltr'>assumptos</span> <span class='ocrx_word' id='word_1_372' title='bbox 2467 1771 2754 1845; x_wconf 77' lang='lat' dir='ltr'>diligenter</span> <span class='ocrx_word' id='word_1_373' title='bbox 2783 1769 3068 1836; x_wconf 85' lang='lat' dir='ltr'>imitando,</span> <span class='ocrx_word' id='word_1_374' title='bbox 3100 1778 3154 1825; x_wconf 88' lang='lat' dir='ltr'>et</span> <span class='ocrx_word' id='word_1_375' title='bbox 3174 1769 3393 1824; x_wconf 90' lang='lat' dir='ltr'>illorum</span> <span class='ocrx_word' id='word_1_376' title='bbox 3418 1768 3704 1838; x_wconf 84' lang='lat' dir='ltr'>exemplo.</span> 
     </span>
     <span class='ocr_line' id='line_1_48' title="bbox 2119 1857 3706 1932; baseline -0.004 -12"><span class='ocrx_word' id='word_1_377' title='bbox 2119 1863 2584 1921; x_wconf 70' lang='lat' dir='ltr'>Colamus·illu1n</span> <span class='ocrx_word' id='word_1_378' title='bbox 2610 1862 2810 1928; x_wconf 86' lang='lat' dir='ltr'>sobrie,</span> <span class='ocrx_word' id='word_1_379' title='bbox 2835 1861 2982 1932; x_wconf 83' lang='lat' dir='ltr'>juste</span> <span class='ocrx_word' id='word_1_380' title='bbox 3013 1875 3079 1916; x_wconf 90' lang='lat' dir='ltr'>ac</span> <span class='ocrx_word' id='word_1_381' title='bbox 3106 1859 3194 1930; x_wconf 92' lang='lat' dir='ltr'>pie</span> <span class='ocrx_word' id='word_1_382' title='bbox 3227 1858 3461 1914; x_wconf 78' lang='lat' dir='ltr'>vivendo</span> <span class='ocrx_word' id='word_1_383' title='bbox 3484 1874 3499 1910; x_wconf 76' lang='grc' dir='ltr'>ε</span> <span class='ocrx_word' id='word_1_384' title='bbox 3527 1857 3590 1912; x_wconf 88' lang='lat' dir='ltr'>in</span> <span class='ocrx_word' id='word_1_385' title='bbox 3614 1873 3706 1913; x_wconf 84' lang='lat' dir='ltr'>so-</span> 
     </span>
     <span class='ocr_line' id='line_1_49' title="bbox 2119 1948 3706 2025; baseline -0.005 -14"><span class='ocrx_word' id='word_1_386' title='bbox 2119 1955 2348 2011; x_wconf 87' lang='lat' dir='ltr'>brietate</span> <span class='ocrx_word' id='word_1_387' title='bbox 2388 1954 2624 2021; x_wconf 86' lang='lat' dir='ltr'>Patrem,</span> <span class='ocrx_word' id='word_1_388' title='bbox 2657 1953 2712 2009; x_wconf 93' lang='lat' dir='ltr'>in</span> <span class='ocrx_word' id='word_1_389' title='bbox 2732 1953 2945 2025; x_wconf 85' lang='lat' dir='ltr'>justitia</span> <span class='ocrx_word' id='word_1_390' title='bbox 2964 1950 3184 2016; x_wconf 80' lang='lat' dir='ltr'>Filium,</span> <span class='ocrx_word' id='word_1_391' title='bbox 3230 1951 3284 2005; x_wconf 92' lang='lat' dir='ltr'>in</span> <span class='ocrx_word' id='word_1_392' title='bbox 3312 1948 3514 2020; x_wconf 83' lang='lat' dir='ltr'>pietate</span> <span class='ocrx_word' id='word_1_393' title='bbox 3538 1964 3706 2004; x_wconf 76' lang='lat' dir='ltr'>vene-</span> 
     </span>
     <span class='ocr_line' id='line_1_50' title="bbox 2122 2042 3705 2118; baseline -0.003 -16"><span class='ocrx_word' id='word_1_394' title='bbox 2122 2048 2296 2104; x_wconf 88' lang='lat' dir='ltr'>rando</span> <span class='ocrx_word' id='word_1_395' title='bbox 2327 2046 2589 2118; x_wconf 90' lang='lat' dir='ltr'>Spiritum</span> <span class='ocrx_word' id='word_1_396' title='bbox 2626 2056 2897 2103; x_wconf 80' lang='lat' dir='ltr'>sanctum.</span> <span class='ocrx_word' id='word_1_397' title='bbox 2921 2043 3184 2100; x_wconf 85' lang='lat' dir='ltr'>Colamus</span> <span class='ocrx_word' id='word_1_398' title='bbox 3232 2043 3387 2099; x_wconf 88' lang='lat' dir='ltr'>illum</span> <span class='ocrx_word' id='word_1_399' title='bbox 3422 2042 3705 2098; x_wconf 87' lang='lat' dir='ltr'>audiendo</span> 
     </span>
     <span class='ocr_line' id='line_1_51' title="bbox 2124 2135 3703 2208; baseline -0.004 -13"><span class='ocrx_word' id='word_1_400' title='bbox 2124 2140 2349 2196; x_wconf 85' lang='lat' dir='ltr'>verbum</span> <span class='ocrx_word' id='word_1_401' title='bbox 2383 2139 2530 2196; x_wconf 89' lang='lat' dir='ltr'>illius</span> <span class='ocrx_word' id='word_1_402' title='bbox 2574 2139 2912 2206; x_wconf 85' lang='lat' dir='ltr'>obedienter,</span> <span class='ocrx_word' id='word_1_403' title='bbox 2941 2138 3322 2208; x_wconf 81' lang='lat' dir='ltr'>intelligenter,</span> <span class='ocrx_word' id='word_1_404' title='bbox 3363 2144 3419 2190; x_wconf 89' lang='lat' dir='ltr'>et</span> <span class='ocrx_word' id='word_1_405' title='bbox 3442 2135 3703 2201; x_wconf 85' lang='lat' dir='ltr'>libenter,</span> 
     </span>
     <span class='ocr_line' id='line_1_52' title="bbox 2122 2228 3703 2300; baseline -0.006 -10"><span class='ocrx_word' id='word_1_406' title='bbox 2122 2231 2650 2290; x_wconf 79' lang='lat' dir='ltr'>sivedelectabiliter.</span> <span class='ocrx_word' id='word_1_407' title='bbox 2677 2229 2992 2287; x_wconf 79' lang='lat' dir='ltr'>obedientia</span> <span class='ocrx_word' id='word_1_408' title='bbox 3001 2230 3238 2297; x_wconf 87' lang='lat' dir='ltr'>Patrem,</span> <span class='ocrx_word' id='word_1_409' title='bbox 3252 2229 3347 2300; x_wconf 92' lang='lat' dir='ltr'>qui</span> <span class='ocrx_word' id='word_1_410' title='bbox 3369 2228 3703 2284; x_wconf 83' lang='lat' dir='ltr'>reverendus</span> 
     </span>
     <span class='ocr_line' id='line_1_53' title="bbox 2122 2321 3695 2396; baseline -0.004 -14"><span class='ocrx_word' id='word_1_411' title='bbox 2122 2334 2224 2394; x_wconf 89' lang='lat' dir='ltr'>est,</span> <span class='ocrx_word' id='word_1_412' title='bbox 2256 2324 2608 2396; x_wconf 78' lang='lat' dir='ltr'>intelligentia</span> <span class='ocrx_word' id='word_1_413' title='bbox 2634 2323 2855 2393; x_wconf 84' lang='lat' dir='ltr'>Filium,</span> <span class='ocrx_word' id='word_1_414' title='bbox 2882 2324 2978 2395; x_wconf 92' lang='lat' dir='ltr'>qui</span> <span class='ocrx_word' id='word_1_415' title='bbox 3016 2323 3279 2395; x_wconf 88' lang='lat' dir='ltr'>sapientia</span> <span class='ocrx_word' id='word_1_416' title='bbox 3302 2331 3408 2389; x_wconf 88' lang='lat' dir='ltr'>est,</span> <span class='ocrx_word' id='word_1_417' title='bbox 3445 2335 3511 2376; x_wconf 85' lang='lat' dir='ltr'>ac</span> <span class='ocrx_word' id='word_1_418' title='bbox 3540 2321 3695 2376; x_wconf 86' lang='lat' dir='ltr'>dele-</span> 
     </span>
     <span class='ocr_line' id='line_1_54' title="bbox 2126 2413 3699 2485; baseline -0.007 -9"><span class='ocrx_word' id='word_1_419' title='bbox 2126 2418 2362 2476; x_wconf 88' lang='lat' dir='ltr'>ctatione</span> <span class='ocrx_word' id='word_1_420' title='bbox 2388 2418 2751 2475; x_wconf 88' lang='lat' dir='ltr'>libentissima</span> <span class='ocrx_word' id='word_1_421' title='bbox 2780 2415 3094 2473; x_wconf 83' lang='lat' dir='ltr'>venerando</span> <span class='ocrx_word' id='word_1_422' title='bbox 3126 2413 3391 2485; x_wconf 88' lang='lat' dir='ltr'>Spiritum</span> <span class='ocrx_word' id='word_1_423' title='bbox 3417 2421 3699 2478; x_wconf 83' lang='lat' dir='ltr'>sanctum,</span> 
     </span>
     <span class='ocr_line' id='line_1_55' title="bbox 2126 2503 3698 2583; baseline -0.005 -17"><span class='ocrx_word' id='word_1_424' title='bbox 2126 2510 2224 2583; x_wconf 89' lang='lat' dir='ltr'>qui</span> <span class='ocrx_word' id='word_1_425' title='bbox 2252 2520 2454 2567; x_wconf 83' lang='lat' dir='ltr'>aeterna</span> <span class='ocrx_word' id='word_1_426' title='bbox 2502 2509 2656 2565; x_wconf 81' lang='lat' dir='ltr'>verbi</span> <span class='ocrx_word' id='word_1_427' title='bbox 2678 2508 2771 2564; x_wconf 89' lang='lat' dir='ltr'>Dei</span> <span class='ocrx_word' id='word_1_428' title='bbox 2806 2507 3040 2564; x_wconf 84' lang='lat' dir='ltr'>dulcedo</span> <span class='ocrx_word' id='word_1_429' title='bbox 3069 2516 3173 2562; x_wconf 89' lang='lat' dir='ltr'>est.</span> <span class='ocrx_word' id='word_1_430' title='bbox 3226 2506 3488 2561; x_wconf 82' lang='lat' dir='ltr'>Colamus</span> <span class='ocrx_word' id='word_1_431' title='bbox 3518 2503 3698 2569; x_wconf 90' lang='lat' dir='ltr'>illum,</span> 
     </span>
     <span class='ocr_line' id='line_1_56' title="bbox 2128 2595 3702 2673; baseline -0.005 -16"><span class='ocrx_word' id='word_1_432' title='bbox 2128 2602 2212 2657; x_wconf 90' lang='lat' dir='ltr'>sic</span> <span class='ocrx_word' id='word_1_433' title='bbox 2239 2601 2533 2673; x_wconf 89' lang='lat' dir='ltr'>loquendo,</span> <span class='ocrx_word' id='word_1_434' title='bbox 2565 2599 2787 2657; x_wconf 83' lang='lat' dir='ltr'>verbum</span> <span class='ocrx_word' id='word_1_435' title='bbox 2813 2597 2933 2663; x_wconf 89' lang='lat' dir='ltr'>Dei,</span> <span class='ocrx_word' id='word_1_436' title='bbox 2957 2606 3020 2654; x_wconf 89' lang='lat' dir='ltr'>ut</span> <span class='ocrx_word' id='word_1_437' title='bbox 3046 2611 3384 2663; x_wconf 76' lang='lat' dir='ltr'>moveamuS,</span> <span class='ocrx_word' id='word_1_438' title='bbox 3410 2605 3475 2650; x_wconf 93' lang='lat' dir='ltr'>ut</span> <span class='ocrx_word' id='word_1_439' title='bbox 3497 2595 3702 2650; x_wconf 77' lang='lat' dir='ltr'>docea-</span> 
     </span>
     <span class='ocr_line' id='line_1_57' title="bbox 2131 2684 3702 2759; baseline -0.007 -10"><span class='ocrx_word' id='word_1_440' title='bbox 2131 2708 2276 2759; x_wconf 85' lang='lat' dir='ltr'>mus,</span> <span class='ocrx_word' id='word_1_441' title='bbox 2310 2701 2369 2748; x_wconf 94' lang='lat' dir='ltr'>ut</span> <span class='ocrx_word' id='word_1_442' title='bbox 2399 2692 2729 2748; x_wconf 86' lang='lat' dir='ltr'>delectemus</span> <span class='ocrx_word' id='word_1_443' title='bbox 2778 2688 3081 2745; x_wconf 87' lang='lat' dir='ltr'>auditorem</span> <span class='ocrx_word' id='word_1_444' title='bbox 3128 2695 3415 2752; x_wconf 89' lang='lat' dir='ltr'>attentum,</span> <span class='ocrx_word' id='word_1_445' title='bbox 3442 2684 3702 2750; x_wconf 86' lang='lat' dir='ltr'>docilem,</span> 
     </span>
     <span class='ocr_line' id='line_1_58' title="bbox 2128 2774 3700 2850; baseline -0.007 -11"><span class='ocrx_word' id='word_1_446' title='bbox 2128 2783 2446 2839; x_wconf 82' lang='lat' dir='ltr'>benevolum</span> <span class='ocrx_word' id='word_1_447' title='bbox 2471 2780 2763 2850; x_wconf 88' lang='lat' dir='ltr'>reddendo,</span> <span class='ocrx_word' id='word_1_448' title='bbox 2785 2790 3050 2841; x_wconf 88' lang='lat' dir='ltr'>attentum</span> <span class='ocrx_word' id='word_1_449' title='bbox 3070 2779 3242 2847; x_wconf 82' lang='lat' dir='ltr'>Patri,</span> <span class='ocrx_word' id='word_1_450' title='bbox 3270 2777 3503 2834; x_wconf 86' lang='lat' dir='ltr'>docilem</span> <span class='ocrx_word' id='word_1_451' title='bbox 3533 2774 3700 2838; x_wconf 79' lang='lat' dir='ltr'>Filio,</span> 
     </span>
     <span class='ocr_line' id='line_1_59' title="bbox 2127 2868 3707 2946; baseline -0.007 -15"><span class='ocrx_word' id='word_1_452' title='bbox 2127 2875 2447 2931; x_wconf 78' lang='lat' dir='ltr'>benevolum</span> <span class='ocrx_word' id='word_1_453' title='bbox 2480 2873 2709 2946; x_wconf 88' lang='lat' dir='ltr'>Spiritui</span> <span class='ocrx_word' id='word_1_454' title='bbox 2736 2883 2927 2929; x_wconf 85' lang='lat' dir='ltr'>sancto</span> <span class='ocrx_word' id='word_1_455' title='bbox 2948 2871 3206 2928; x_wconf 85' lang='lat' dir='ltr'>exhibere</span> <span class='ocrx_word' id='word_1_456' title='bbox 3250 2870 3528 2927; x_wconf 50' lang='lat' dir='ltr'>studentes</span> <span class='ocrx_word' id='word_1_457' title='bbox 3558 2868 3707 2921; x_wconf 82' lang='lat' dir='ltr'>inter</span> 
     </span>
     <span class='ocr_line' id='line_1_60' title="bbox 2131 2959 3704 3033; baseline -0.006 -10"><span class='ocrx_word' id='word_1_458' title='bbox 2131 2966 2458 3033; x_wconf 88' lang='lat' dir='ltr'>audiendum</span> <span class='ocrx_word' id='word_1_459' title='bbox 2489 2965 2585 3021; x_wconf 89' lang='lat' dir='ltr'>Dei</span> <span class='ocrx_word' id='word_1_460' title='bbox 2615 2966 2863 3021; x_wconf 77' lang='lat' dir='ltr'>verbum.</span> <span class='ocrx_word' id='word_1_461' title='bbox 2885 2962 3145 3021; x_wconf 90' lang='lat' dir='ltr'>Colamus</span> <span class='ocrx_word' id='word_1_462' title='bbox 3175 2963 3326 3019; x_wconf 91' lang='lat' dir='ltr'>illum</span> <span class='ocrx_word' id='word_1_463' title='bbox 3351 2968 3511 3018; x_wconf 86' lang='lat' dir='ltr'>caute</span> <span class='ocrx_word' id='word_1_464' title='bbox 3540 2959 3704 3015; x_wconf 74' lang='lat' dir='ltr'>inve-</span> 
     </span>
    </p>
   </div>
   <div class='ocr_carea' id='block_1_9' title="bbox 456 3052 3707 3140">
    <p class='ocr_par' dir='ltr' id='par_1_10' title="bbox 456 3052 3707 3140">
     <span class='ocr_line' id='line_1_61' title="bbox 456 3052 3707 3140; baseline -0.003 -25"><span class='ocrx_word' id='word_1_465' title='bbox 456 3073 620 3115; x_wconf 88' lang='lat' dir='ltr'>scuro</span> <span class='ocrx_word' id='word_1_466' title='bbox 665 3057 988 3130; x_wconf 78' lang='lat' dir='ltr'>investigata</span> <span class='ocrx_word' id='word_1_467' title='bbox 1040 3058 1132 3114; x_wconf 82' lang='lat' dir='ltr'>vix</span> <span class='ocrx_word' id='word_1_468' title='bbox 1193 3058 1442 3126; x_wconf 88' lang='lat' dir='ltr'>elucent,</span> <span class='ocrx_word' id='word_1_469' title='bbox 1496 3056 1592 3113; x_wconf 86' lang='lat' dir='ltr'>sed</span> <span class='ocrx_word' id='word_1_470' title='bbox 1643 3056 1700 3113; x_wconf 91' lang='lat' dir='ltr'>in</span> <span class='ocrx_word' id='word_1_471' title='bbox 1746 3056 2027 3128; x_wconf 87' lang='lat' dir='ltr'>prophetis</span> <span class='ocrx_word' id='word_1_472' title='bbox 2053 3080 2097 3140; x_wconf 76' lang='lat' dir='ltr'>C</span> <span class='ocrx_word' id='word_1_473' title='bbox 2132 3057 2383 3131; x_wconf 79' lang='lat' dir='ltr'>stigando</span> <span class='ocrx_word' id='word_1_474' title='bbox 2430 3067 2485 3115; x_wconf 86' lang='lat' dir='ltr'>et</span> <span class='ocrx_word' id='word_1_475' title='bbox 2542 3057 2911 3129; x_wconf 80' lang='lat' dir='ltr'>intelligendo,</span> <span class='ocrx_word' id='word_1_476' title='bbox 2971 3072 3094 3127; x_wconf 64' lang='lat' dir='ltr'>quaa</span> <span class='ocrx_word' id='word_1_477' title='bbox 3122 3055 3193 3112; x_wconf 90' lang='lat' dir='ltr'>sit</span> <span class='ocrx_word' id='word_1_478' title='bbox 3228 3055 3483 3110; x_wconf 77' lang='lat' dir='ltr'>voluntas</span> <span class='ocrx_word' id='word_1_479' title='bbox 3526 3052 3707 3123; x_wconf 80' lang='lat' dir='ltr'>ipsius</span> 
     </span>
    </p>
   </div>
   <div class='ocr_carea' id='block_1_10' title="bbox 456 3147 2041 4421">
    <p class='ocr_par' dir='ltr' id='par_1_11' title="bbox 456 3147 2041 4421">
     <span class='ocr_line' id='line_1_62' title="bbox 456 3147 2032 3221; baseline -0.001 -16"><span class='ocrx_word' id='word_1_480' title='bbox 456 3150 639 3221; x_wconf 81' lang='lat' dir='ltr'>aptius</span> <span class='ocrx_word' id='word_1_481' title='bbox 661 3149 871 3207; x_wconf 87' lang='lat' dir='ltr'>clarent</span> <span class='ocrx_word' id='word_1_482' title='bbox 891 3165 1120 3207; x_wconf 65' lang='lat' dir='ltr'>summai</span> <span class='ocrx_word' id='word_1_483' title='bbox 1140 3148 1422 3207; x_wconf 85' lang='lat' dir='ltr'>Trinitatis</span> <span class='ocrx_word' id='word_1_484' title='bbox 1443 3148 1776 3214; x_wconf 85' lang='lat' dir='ltr'>testimonia,</span> <span class='ocrx_word' id='word_1_485' title='bbox 1803 3147 1898 3204; x_wconf 90' lang='lat' dir='ltr'>ubi</span> <span class='ocrx_word' id='word_1_486' title='bbox 1919 3163 2032 3204; x_wconf 90' lang='lat' dir='ltr'>ma-</span> 
     </span>
     <span class='ocr_line' id='line_1_63' title="bbox 457 3238 2031 3312; baseline -0.001 -15"><span class='ocrx_word' id='word_1_487' title='bbox 457 3238 657 3298; x_wconf 75' lang='lat' dir='ltr'>nifeste</span> <span class='ocrx_word' id='word_1_488' title='bbox 676 3242 994 3312; x_wconf 82' lang='lat' dir='ltr'>agnoscitur</span> <span class='ocrx_word' id='word_1_489' title='bbox 1017 3239 1200 3310; x_wconf 84' lang='lat' dir='ltr'>Pater,</span> <span class='ocrx_word' id='word_1_490' title='bbox 1227 3240 1387 3312; x_wconf 85' lang='lat' dir='ltr'>cujus</span> <span class='ocrx_word' id='word_1_491' title='bbox 1408 3255 1547 3312; x_wconf 89' lang='lat' dir='ltr'>puer</span> <span class='ocrx_word' id='word_1_492' title='bbox 1572 3240 1736 3296; x_wconf 88' lang='lat' dir='ltr'>nobis</span> <span class='ocrx_word' id='word_1_493' title='bbox 1760 3248 1945 3307; x_wconf 88' lang='lat' dir='ltr'>natus,</span> <span class='ocrx_word' id='word_1_494' title='bbox 1975 3248 2031 3295; x_wconf 91' lang='lat' dir='ltr'>et</span> 
     </span>
     <span class='ocr_line' id='line_1_64' title="bbox 459 3322 2032 3405; baseline -0.003 -15"><span class='ocrx_word' id='word_1_495' title='bbox 459 3332 620 3405; x_wconf 86' lang='lat' dir='ltr'>cujus</span> <span class='ocrx_word' id='word_1_496' title='bbox 651 3322 1012 3391; x_wconf 79' lang='lat' dir='ltr'>Filius-nobis</span> <span class='ocrx_word' id='word_1_497' title='bbox 1038 3333 1199 3389; x_wconf 88' lang='lat' dir='ltr'>datus</span> <span class='ocrx_word' id='word_1_498' title='bbox 1222 3332 1506 3401; x_wconf 88' lang='lat' dir='ltr'>asseritur,</span> <span class='ocrx_word' id='word_1_499' title='bbox 1535 3332 1630 3404; x_wconf 91' lang='lat' dir='ltr'>qui</span> <span class='ocrx_word' id='word_1_500' title='bbox 1661 3339 1716 3388; x_wconf 90' lang='lat' dir='ltr'>et</span> <span class='ocrx_word' id='word_1_501' title='bbox 1748 3329 1859 3387; x_wconf 89' lang='lat' dir='ltr'>illic</span> <span class='ocrx_word' id='word_1_502' title='bbox 1878 3331 1948 3388; x_wconf 90' lang='lat' dir='ltr'>de</span> <span class='ocrx_word' id='word_1_503' title='bbox 1972 3346 2032 3386; x_wconf 89' lang='lat' dir='ltr'>se</span> 
     </span>
     <span class='ocr_line' id='line_1_65' title="bbox 460 3422 2031 3499; baseline -0.003 -17"><span class='ocrx_word' id='word_1_504' title='bbox 460 3426 705 3499; x_wconf 90' lang='lat' dir='ltr'>loquitur</span> <span class='ocrx_word' id='word_1_505' title='bbox 736 3444 750 3480; x_wconf 90' lang='lat'>:</span> <span class='ocrx_word' id='word_1_506' title='bbox 784 3423 1019 3498; x_wconf 72' lang='lat' dir='ltr'>Spiritus</span> <span class='ocrx_word' id='word_1_507' title='bbox 1058 3425 1276 3481; x_wconf 83' lang='lat' dir='ltr'>Domini</span> <span class='ocrx_word' id='word_1_508' title='bbox 1314 3442 1470 3497; x_wconf 79' lang='lat' dir='ltr'>super</span> <span class='ocrx_word' id='word_1_509' title='bbox 1500 3440 1598 3492; x_wconf 82' lang='lat' dir='ltr'>me,</span> <span class='ocrx_word' id='word_1_510' title='bbox 1642 3434 1856 3497; x_wconf 82' lang='lat' dir='ltr'>propter</span> <span class='ocrx_word' id='word_1_511' title='bbox 1891 3422 2031 3494; x_wconf 74' lang='lat' dir='ltr'>qnod</span> 
     </span>
     <span class='ocr_line' id='line_1_66' title="bbox 462 3517 2033 3591; baseline -0.003 -17"><span class='ocrx_word' id='word_1_512' title='bbox 462 3521 619 3574; x_wconf 78' lang='lat' dir='ltr'>unxit</span> <span class='ocrx_word' id='word_1_513' title='bbox 654 3535 755 3574; x_wconf 82' lang='lat' dir='ltr'>me.</span> <span class='ocrx_word' id='word_1_514' title='bbox 791 3519 877 3573; x_wconf 75' lang='lat' dir='ltr'>Aa</span> <span class='ocrx_word' id='word_1_515' title='bbox 924 3517 1388 3591; x_wconf 77' lang='lat' dir='ltr'>evanqelizamium</span> <span class='ocrx_word' id='word_1_516' title='bbox 1429 3518 1719 3574; x_wconf 70' lang='lat' dir='ltr'>mansuetis</span> <span class='ocrx_word' id='word_1_517' title='bbox 1761 3518 1905 3573; x_wconf 83' lang='lat' dir='ltr'>misit</span> <span class='ocrx_word' id='word_1_518' title='bbox 1954 3530 2033 3570; x_wconf 80' lang='lat' dir='ltr'>me</span> 
     </span>
     <span class='ocr_line' id='line_1_67' title="bbox 466 3610 2034 3685; baseline 0 -18"><span class='ocrx_word' id='word_1_519' title='bbox 466 3612 619 3683; x_wconf 61' lang='lat' dir='ltr'>(Lac,</span> <span class='ocrx_word' id='word_1_520' title='bbox 651 3628 725 3681; x_wconf 82' lang='lat' dir='ltr'>iv,</span> <span class='ocrx_word' id='word_1_521' title='bbox 760 3613 872 3685; x_wconf 90' lang='grc'><strong>18).</strong></span> <span class='ocrx_word' id='word_1_522' title='bbox 909 3611 1050 3670; x_wconf 81' lang='lat' dir='ltr'>Ecce</span> <span class='ocrx_word' id='word_1_523' title='bbox 1077 3614 1132 3669; x_wconf 92' lang='lat' dir='ltr'>in</span> <span class='ocrx_word' id='word_1_524' title='bbox 1169 3614 1452 3685; x_wconf 87' lang='lat' dir='ltr'>prophetia</span> <span class='ocrx_word' id='word_1_525' title='bbox 1484 3627 1714 3669; x_wconf 64' lang='lat' dir='ltr'>summas</span> <span class='ocrx_word' id='word_1_526' title='bbox 1749 3610 2034 3667; x_wconf 84' lang='lat' dir='ltr'>Trinitatis</span> 
     </span>
     <span class='ocr_line' id='line_1_68' title="bbox 464 3702 2034 3774; baseline -0.003 -12"><span class='ocrx_word' id='word_1_527' title='bbox 464 3705 613 3762; x_wconf 85' lang='lat' dir='ltr'>clara</span> <span class='ocrx_word' id='word_1_528' title='bbox 631 3705 983 3761; x_wconf 84' lang='lat' dir='ltr'>inveniuntur</span> <span class='ocrx_word' id='word_1_529' title='bbox 1009 3707 1250 3774; x_wconf 89' lang='lat' dir='ltr'>nomina,</span> <span class='ocrx_word' id='word_1_530' title='bbox 1273 3707 1384 3764; x_wconf 91' lang='lat' dir='ltr'>imo</span> <span class='ocrx_word' id='word_1_531' title='bbox 1406 3721 1579 3761; x_wconf 89' lang='lat' dir='ltr'>unum</span> <span class='ocrx_word' id='word_1_532' title='bbox 1604 3720 1804 3761; x_wconf 88' lang='lat' dir='ltr'>nomen</span> <span class='ocrx_word' id='word_1_533' title='bbox 1831 3702 2034 3772; x_wconf 89' lang='lat' dir='ltr'>Patris,</span> 
     </span>
     <span class='ocr_line' id='line_1_69' title="bbox 465 3796 2034 3868; baseline -0.003 -15"><span class='ocrx_word' id='word_1_534' title='bbox 465 3807 522 3853; x_wconf 91' lang='lat' dir='ltr'>et</span> <span class='ocrx_word' id='word_1_535' title='bbox 548 3796 692 3865; x_wconf 88' lang='lat' dir='ltr'>Filii,</span> <span class='ocrx_word' id='word_1_536' title='bbox 722 3806 776 3853; x_wconf 90' lang='lat' dir='ltr'>et</span> <span class='ocrx_word' id='word_1_537' title='bbox 830 3796 1066 3868; x_wconf 86' lang='lat' dir='ltr'>Spiritus</span> <span class='ocrx_word' id='word_1_538' title='bbox 1107 3797 1303 3865; x_wconf 89' lang='lat' dir='ltr'>sancti,</span> <span class='ocrx_word' id='word_1_539' title='bbox 1342 3797 1470 3868; x_wconf 88' lang='lat' dir='ltr'>quia</span> <span class='ocrx_word' id='word_1_540' title='bbox 1523 3804 1636 3853; x_wconf 88' lang='lat' dir='ltr'>tres</span> <span class='ocrx_word' id='word_1_541' title='bbox 1682 3810 1851 3852; x_wconf 89' lang='lat' dir='ltr'>unum</span> <span class='ocrx_word' id='word_1_542' title='bbox 1884 3803 2034 3851; x_wconf 90' lang='lat' dir='ltr'>sunt.</span> 
     </span>
     <span class='ocr_line' id='line_1_70' title="bbox 468 3886 2033 3963; baseline -0.001 -19"><span class='ocrx_word' id='word_1_543' title='bbox 468 3886 624 3944; x_wconf 88' lang='lat' dir='ltr'>Unde</span> <span class='ocrx_word' id='word_1_544' title='bbox 646 3888 700 3946; x_wconf 90' lang='lat' dir='ltr'>in</span> <span class='ocrx_word' id='word_1_545' title='bbox 729 3887 1023 3961; x_wconf 84' lang='lat' dir='ltr'>Evangelio</span> <span class='ocrx_word' id='word_1_546' title='bbox 1052 3904 1321 3963; x_wconf 83' lang='lat' dir='ltr'>apparens</span> <span class='ocrx_word' id='word_1_547' title='bbox 1350 3888 1404 3944; x_wconf 92' lang='lat' dir='ltr'>in</span> <span class='ocrx_word' id='word_1_548' title='bbox 1431 3903 1597 3948; x_wconf 84' lang='lat' dir='ltr'>carne</span> <span class='ocrx_word' id='word_1_549' title='bbox 1621 3888 1824 3944; x_wconf 81' lang='lat' dir='ltr'>veritas</span> <span class='ocrx_word' id='word_1_550' title='bbox 1850 3886 1986 3943; x_wconf 89' lang='lat' dir='ltr'>dicit</span> <span class='ocrx_word' id='word_1_551' title='bbox 2019 3905 2033 3942; x_wconf 74' lang='grc' dir='ltr'>ε</span> 
     </span>
     <span class='ocr_line' id='line_1_71' title="bbox 468 3977 2034 4054; baseline -0.001 -21"><span class='ocrx_word' id='word_1_552' title='bbox 468 3978 585 4052; x_wconf 75' lang='lat' dir='ltr'>qu</span> <span class='ocrx_word' id='word_1_553' title='bbox 624 3990 677 4037; x_wconf 75' lang='lat' dir='ltr'>et</span> <span class='ocrx_word' id='word_1_554' title='bbox 719 3980 885 4040; x_wconf 82' lang='lat' dir='ltr'>Pater</span> <span class='ocrx_word' id='word_1_555' title='bbox 911 3999 1074 4039; x_wconf 76' lang='lat' dir='ltr'>unum</span> <span class='ocrx_word' id='word_1_556' title='bbox 1127 3999 1308 4038; x_wconf 79' lang='lat' dir='ltr'>sumus</span> <span class='ocrx_word' id='word_1_557' title='bbox 1358 3980 1540 4054; x_wconf 74' lang='lat' dir='ltr'>(Ioan-</span> <span class='ocrx_word' id='word_1_558' title='bbox 1587 3997 1643 4049; x_wconf 84' lang='lat' dir='ltr'>x,</span> <span class='ocrx_word' id='word_1_559' title='bbox 1696 3977 1974 4051; x_wconf 77' lang='lat' dir='ltr'>50).1tem</span> <span class='ocrx_word' id='word_1_560' title='bbox 2019 3995 2034 4031; x_wconf 77' lang='lat' dir='ltr'>t</span> 
     </span>
     <span class='ocr_line' id='line_1_72' title="bbox 471 4070 2037 4146; baseline -0.001 -20"><span class='ocrx_word' id='word_1_561' title='bbox 471 4071 671 4128; x_wconf 81' lang='lat' dir='ltr'>Enntes</span> <span class='ocrx_word' id='word_1_562' title='bbox 696 4075 753 4128; x_wconf 80' lang='lat' dir='ltr'>in</span> <span class='ocrx_word' id='word_1_563' title='bbox 773 4075 1031 4130; x_wconf 76' lang='lat' dir='ltr'>muitdum</span> <span class='ocrx_word' id='word_1_564' title='bbox 1050 4076 1347 4135; x_wconf 78' lang='lat' dir='ltr'>universum</span> <span class='ocrx_word' id='word_1_565' title='bbox 1373 4074 1659 4146; x_wconf 80' lang='lat' dir='ltr'>proedicate</span> <span class='ocrx_word' id='word_1_566' title='bbox 1690 4070 2037 4143; x_wconf 75' lang='lat' dir='ltr'>Evanqelium</span> 
     </span>
     <span class='ocr_line' id='line_1_73' title="bbox 470 4163 2036 4240; baseline -0.002 -21"><span class='ocrx_word' id='word_1_567' title='bbox 470 4168 616 4221; x_wconf 84' lang='lat' dir='ltr'>omni</span> <span class='ocrx_word' id='word_1_568' title='bbox 646 4175 945 4233; x_wconf 82' lang='lat' dir='ltr'>creatnroe,·</span> <span class='ocrx_word' id='word_1_569' title='bbox 980 4168 1071 4240; x_wconf 85' lang='lat' dir='ltr'>qni</span> <span class='ocrx_word' id='word_1_570' title='bbox 1097 4167 1398 4233; x_wconf 82' lang='lat' dir='ltr'>crediderit,</span> <span class='ocrx_word' id='word_1_571' title='bbox 1420 4174 1471 4222; x_wconf 85' lang='lat' dir='ltr'>et</span> <span class='ocrx_word' id='word_1_572' title='bbox 1518 4166 1819 4235; x_wconf 69' lang='lat' dir='ltr'>baptizatus</span> <span class='ocrx_word' id='word_1_573' title='bbox 1853 4163 2036 4234; x_wconf 74' lang='lat' dir='ltr'>suerit,</span> 
     </span>
     <span class='ocr_line' id='line_1_74' title="bbox 471 4254 2040 4331; baseline -0.003 -17"><span class='ocrx_word' id='word_1_574' title='bbox 471 4257 650 4314; x_wconf 76' lang='lat' dir='ltr'>salvus</span> <span class='ocrx_word' id='word_1_575' title='bbox 676 4259 777 4315; x_wconf 80' lang='lat' dir='ltr'>erit</span> <span class='ocrx_word' id='word_1_576' title='bbox 821 4258 1015 4331; x_wconf 79' lang='lat' dir='ltr'>(Marc.</span> <span class='ocrx_word' id='word_1_577' title='bbox 1041 4275 1153 4325; x_wconf 81' lang='lat' dir='ltr'>xvi,</span> <span class='ocrx_word' id='word_1_578' title='bbox 1185 4258 1296 4330; x_wconf 79' lang='lat'><strong>15).</strong></span> <span class='ocrx_word' id='word_1_579' title='bbox 1327 4257 1506 4330; x_wconf 86' lang='lat' dir='ltr'>Atque</span> <span class='ocrx_word' id='word_1_580' title='bbox 1542 4265 1603 4322; x_wconf 89' lang='lat' dir='ltr'>ut</span> <span class='ocrx_word' id='word_1_581' title='bbox 1643 4256 1828 4327; x_wconf 85' lang='lat' dir='ltr'>regula</span> <span class='ocrx_word' id='word_1_582' title='bbox 1860 4254 2040 4324; x_wconf 86' lang='lat' dir='ltr'>bapti-</span> 
     </span>
     <span class='ocr_line' id='line_1_75' title="bbox 475 4347 2041 4421; baseline -0.003 -16"><span class='ocrx_word' id='word_1_583' title='bbox 475 4351 633 4407; x_wconf 87' lang='lat' dir='ltr'>zandi</span> <span class='ocrx_word' id='word_1_584' title='bbox 678 4358 958 4409; x_wconf 90' lang='lat' dir='ltr'>constaret</span> <span class='ocrx_word' id='word_1_585' title='bbox 984 4350 1139 4411; x_wconf 88' lang='lat' dir='ltr'>tirma</span> <span class='ocrx_word' id='word_1_586' title='bbox 1165 4359 1219 4406; x_wconf 89' lang='lat' dir='ltr'>et</span> <span class='ocrx_word' id='word_1_587' title='bbox 1255 4349 1495 4421; x_wconf 78' lang='lat' dir='ltr'>perfecta</span> <span class='ocrx_word' id='word_1_588' title='bbox 1534 4368 1549 4405; x_wconf 73' lang='grc' dir='ltr'>ι</span> <span class='ocrx_word' id='word_1_589' title='bbox 1583 4347 1916 4420; x_wconf 81' lang='lat' dir='ltr'>lte,.inquit,</span> <span class='ocrx_word' id='word_1_590' title='bbox 1939 4347 2041 4401; x_wconf 84' lang='lat' dir='ltr'>do-</span> 
     </span>
    </p>
   </div>
   <div class='ocr_carea' id='block_1_11' title="bbox 2130 3145 3710 4425">
    <p class='ocr_par' dir='ltr' id='par_1_12' title="bbox 2130 3145 3710 4425">
     <span class='ocr_line' id='line_1_76' title="bbox 2130 3145 3703 3219; baseline -0.006 -11"><span class='ocrx_word' id='word_1_591' title='bbox 2130 3151 2260 3208; x_wconf 89' lang='lat' dir='ltr'>trini</span> <span class='ocrx_word' id='word_1_592' title='bbox 2295 3148 2389 3206; x_wconf 85' lang='lat' dir='ltr'>Dei</span> <span class='ocrx_word' id='word_1_593' title='bbox 2425 3149 2590 3217; x_wconf 89' lang='lat' dir='ltr'>bona,</span> <span class='ocrx_word' id='word_1_594' title='bbox 2622 3158 2677 3205; x_wconf 90' lang='lat' dir='ltr'>et</span> <span class='ocrx_word' id='word_1_595' title='bbox 2708 3148 3069 3219; x_wconf 78' lang='lat' dir='ltr'>beneplacens</span> <span class='ocrx_word' id='word_1_596' title='bbox 3090 3159 3144 3203; x_wconf 91' lang='lat' dir='ltr'>et</span> <span class='ocrx_word' id='word_1_597' title='bbox 3170 3145 3408 3219; x_wconf 72' lang='lat' dir='ltr'>perfecta</span> <span class='ocrx_word' id='word_1_598' title='bbox 3435 3163 3450 3199; x_wconf 74' lang='grc' dir='ltr'>ι</span> <span class='ocrx_word' id='word_1_599' title='bbox 3480 3146 3626 3201; x_wconf 87' lang='lat' dir='ltr'>bona</span> <span class='ocrx_word' id='word_1_600' title='bbox 3647 3146 3703 3199; x_wconf 91' lang='lat' dir='ltr'>in</span> 
     </span>
     <span class='ocr_line' id='line_1_77' title="bbox 2132 3236 3703 3312; baseline -0.005 -12"><span class='ocrx_word' id='word_1_601' title='bbox 2132 3244 2282 3301; x_wconf 83' lang='lat' dir='ltr'>cultu</span> <span class='ocrx_word' id='word_1_602' title='bbox 2334 3240 2537 3311; x_wconf 83' lang='lat' dir='ltr'>Patris,</span> <span class='ocrx_word' id='word_1_603' title='bbox 2573 3240 2930 3312; x_wconf 89' lang='lat' dir='ltr'>beneplacens</span> <span class='ocrx_word' id='word_1_604' title='bbox 2954 3239 3012 3294; x_wconf 87' lang='lat' dir='ltr'>in</span> <span class='ocrx_word' id='word_1_605' title='bbox 3036 3238 3185 3295; x_wconf 88' lang='lat' dir='ltr'>cultu</span> <span class='ocrx_word' id='word_1_606' title='bbox 3212 3237 3358 3305; x_wconf 83' lang='lat' dir='ltr'>Filii,</span> <span class='ocrx_word' id='word_1_607' title='bbox 3382 3236 3626 3309; x_wconf 77' lang='lat' dir='ltr'>perlecta</span> <span class='ocrx_word' id='word_1_608' title='bbox 3649 3237 3703 3292; x_wconf 86' lang='lat' dir='ltr'>in</span> 
     </span>
     <span class='ocr_line' id='line_1_78' title="bbox 2134 3332 3706 3409; baseline -0.004 -16"><span class='ocrx_word' id='word_1_609' title='bbox 2134 3339 2285 3394; x_wconf 86' lang='lat' dir='ltr'>cultu</span> <span class='ocrx_word' id='word_1_610' title='bbox 2337 3335 2575 3409; x_wconf 88' lang='lat' dir='ltr'>Spiritus</span> <span class='ocrx_word' id='word_1_611' title='bbox 2623 3336 2818 3392; x_wconf 86' lang='lat' dir='ltr'>sancti.</span> <span class='ocrx_word' id='word_1_612' title='bbox 2843 3333 3105 3389; x_wconf 89' lang='lat' dir='ltr'>Colamus</span> <span class='ocrx_word' id='word_1_613' title='bbox 3134 3332 3284 3388; x_wconf 88' lang='lat' dir='ltr'>illum</span> <span class='ocrx_word' id='word_1_614' title='bbox 3318 3332 3546 3388; x_wconf 87' lang='lat' dir='ltr'>rationis</span> <span class='ocrx_word' id='word_1_615' title='bbox 3569 3333 3706 3387; x_wconf 82' lang='lat' dir='ltr'>ima-</span> 
     </span>
     <span class='ocr_line' id='line_1_79' title="bbox 2134 3422 3703 3499; baseline -0.003 -18"><span class='ocrx_word' id='word_1_616' title='bbox 2134 3428 2249 3499; x_wconf 80' lang='lat' dir='ltr'>gini</span> <span class='ocrx_word' id='word_1_617' title='bbox 2292 3428 2361 3483; x_wconf 92' lang='lat' dir='ltr'>ab</span> <span class='ocrx_word' id='word_1_618' title='bbox 2405 3426 2526 3498; x_wconf 92' lang='lat' dir='ltr'>ipso</span> <span class='ocrx_word' id='word_1_619' title='bbox 2555 3426 2713 3483; x_wconf 88' lang='lat' dir='ltr'>uobis</span> <span class='ocrx_word' id='word_1_620' title='bbox 2760 3425 3042 3494; x_wconf 83' lang='lat' dir='ltr'>impressae</span> <span class='ocrx_word' id='word_1_621' title='bbox 3090 3422 3335 3479; x_wconf 87' lang='lat' dir='ltr'>addendo</span> <span class='ocrx_word' id='word_1_622' title='bbox 3387 3422 3703 3493; x_wconf 85' lang='lat' dir='ltr'>bipartitam</span> 
     </span>
     <span class='ocr_line' id='line_1_80' title="bbox 2134 3512 3707 3586; baseline -0.004 -11"><span class='ocrx_word' id='word_1_623' title='bbox 2134 3516 2544 3575; x_wconf 88' lang='lat' dir='ltr'>similitudinem</span> <span class='ocrx_word' id='word_1_624' title='bbox 2591 3515 2871 3586; x_wconf 63' lang='lat' dir='ltr'>sapientiai</span> <span class='ocrx_word' id='word_1_625' title='bbox 2898 3530 2963 3570; x_wconf 88' lang='lat' dir='ltr'>ac</span> <span class='ocrx_word' id='word_1_626' title='bbox 3008 3513 3271 3569; x_wconf 89' lang='lat' dir='ltr'>bonitatis</span> <span class='ocrx_word' id='word_1_627' title='bbox 3298 3512 3441 3583; x_wconf 84' lang='lat' dir='ltr'>ejus,</span> <span class='ocrx_word' id='word_1_628' title='bbox 3474 3522 3536 3567; x_wconf 90' lang='lat' dir='ltr'>ut</span> <span class='ocrx_word' id='word_1_629' title='bbox 3563 3513 3707 3568; x_wconf 88' lang='lat' dir='ltr'>sicut</span> 
     </span>
     <span class='ocr_line' id='line_1_81' title="bbox 2135 3603 3706 3677; baseline -0.003 -12"><span class='ocrx_word' id='word_1_630' title='bbox 2135 3610 2491 3666; x_wconf 84' lang='lat' dir='ltr'>immutabilis</span> <span class='ocrx_word' id='word_1_631' title='bbox 2514 3608 2571 3664; x_wconf 92' lang='lat' dir='ltr'>in</span> <span class='ocrx_word' id='word_1_632' title='bbox 2611 3608 2771 3664; x_wconf 89' lang='lat' dir='ltr'>nobis</span> <span class='ocrx_word' id='word_1_633' title='bbox 2796 3607 3027 3663; x_wconf 89' lang='lat' dir='ltr'>rationis</span> <span class='ocrx_word' id='word_1_634' title='bbox 3061 3607 3244 3677; x_wconf 81' lang='lat' dir='ltr'>imago‘</span> <span class='ocrx_word' id='word_1_635' title='bbox 3276 3603 3494 3660; x_wconf 82' lang='lat' dir='ltr'>Patrem</span> <span class='ocrx_word' id='word_1_636' title='bbox 3518 3605 3576 3658; x_wconf 90' lang='lat' dir='ltr'>in</span> <span class='ocrx_word' id='word_1_637' title='bbox 3605 3621 3706 3660; x_wconf 88' lang='lat' dir='ltr'>no-</span> 
     </span>
     <span class='ocr_line' id='line_1_82' title="bbox 2136 3698 3708 3774; baseline -0.006 -13"><span class='ocrx_word' id='word_1_638' title='bbox 2136 3704 2222 3761; x_wconf 88' lang='lat' dir='ltr'>bis</span> <span class='ocrx_word' id='word_1_639' title='bbox 2248 3702 2524 3774; x_wconf 85' lang='lat' dir='ltr'>exprimit,</span> <span class='ocrx_word' id='word_1_640' title='bbox 2555 3701 2697 3772; x_wconf 90' lang='lat' dir='ltr'>apud</span> <span class='ocrx_word' id='word_1_641' title='bbox 2726 3716 2889 3772; x_wconf 90' lang='lat' dir='ltr'>quem</span> <span class='ocrx_word' id='word_1_642' title='bbox 2921 3715 3032 3757; x_wconf 92' lang='lat' dir='ltr'>non</span> <span class='ocrx_word' id='word_1_643' title='bbox 3061 3708 3145 3755; x_wconf 91' lang='lat' dir='ltr'>est</span> <span class='ocrx_word' id='word_1_644' title='bbox 3167 3698 3572 3764; x_wconf 87' lang='lat' dir='ltr'>transmutatio,</span> <span class='ocrx_word' id='word_1_645' title='bbox 3609 3714 3708 3752; x_wconf 81' lang='lat' dir='ltr'>nec</span> 
     </span>
     <span class='ocr_line' id='line_1_83' title="bbox 2135 3787 3710 3861; baseline -0.008 -8"><span class='ocrx_word' id='word_1_646' title='bbox 2135 3794 2535 3853; x_wconf 75' lang='lat' dir='ltr'>vicissitudinis</span> <span class='ocrx_word' id='word_1_647' title='bbox 2562 3793 2950 3850; x_wconf 87' lang='lat' dir='ltr'>obumbratio:</span> <span class='ocrx_word' id='word_1_648' title='bbox 2983 3792 3057 3846; x_wconf 91' lang='lat' dir='ltr'>ita</span> <span class='ocrx_word' id='word_1_649' title='bbox 3090 3788 3354 3861; x_wconf 79' lang='lat' dir='ltr'>sapientia</span> <span class='ocrx_word' id='word_1_650' title='bbox 3405 3787 3635 3853; x_wconf 83' lang='lat' dir='ltr'>Filium,</span> <span class='ocrx_word' id='word_1_651' title='bbox 3658 3797 3710 3841; x_wconf 88' lang='lat' dir='ltr'>et</span> 
     </span>
     <span class='ocr_line' id='line_1_84' title="bbox 2136 3881 3707 3955; baseline -0.008 -9"><span class='ocrx_word' id='word_1_652' title='bbox 2136 3890 2354 3947; x_wconf 90' lang='lat' dir='ltr'>bonitas</span> <span class='ocrx_word' id='word_1_653' title='bbox 2378 3889 2436 3943; x_wconf 89' lang='lat' dir='ltr'>in</span> <span class='ocrx_word' id='word_1_654' title='bbox 2460 3886 2620 3943; x_wconf 89' lang='lat' dir='ltr'>nobis</span> <span class='ocrx_word' id='word_1_655' title='bbox 2641 3886 2910 3955; x_wconf 85' lang='lat' dir='ltr'>exprimat</span> <span class='ocrx_word' id='word_1_656' title='bbox 2938 3881 3201 3954; x_wconf 85' lang='lat' dir='ltr'>Spiritum</span> <span class='ocrx_word' id='word_1_657' title='bbox 3237 3890 3510 3937; x_wconf 87' lang='lat' dir='ltr'>sanctum.</span> <span class='ocrx_word' id='word_1_658' title='bbox 3543 3881 3707 3935; x_wconf 79' lang='lat' dir='ltr'>Cola-</span> 
     </span>
     <span class='ocr_line' id='line_1_85' title="bbox 2140 3972 3707 4047; baseline -0.007 -8"><span class='ocrx_word' id='word_1_659' title='bbox 2140 3998 2265 4039; x_wconf 91' lang='lat' dir='ltr'>mus</span> <span class='ocrx_word' id='word_1_660' title='bbox 2289 3982 2443 4037; x_wconf 91' lang='lat' dir='ltr'>illum</span> <span class='ocrx_word' id='word_1_661' title='bbox 2473 3978 2762 4035; x_wconf 87' lang='lat' dir='ltr'>dilectione</span> <span class='ocrx_word' id='word_1_662' title='bbox 2788 3976 3025 4047; x_wconf 80' lang='lat' dir='ltr'>gemina,</span> <span class='ocrx_word' id='word_1_663' title='bbox 3061 3991 3184 4047; x_wconf 83' lang='lat' dir='ltr'>quae</span> <span class='ocrx_word' id='word_1_664' title='bbox 3212 3974 3286 4031; x_wconf 91' lang='lat' dir='ltr'>sit</span> <span class='ocrx_word' id='word_1_665' title='bbox 3314 3972 3494 4040; x_wconf 79' lang='lat' dir='ltr'>fortis,</span> <span class='ocrx_word' id='word_1_666' title='bbox 3525 3988 3707 4039; x_wconf 81' lang='lat' dir='ltr'>cauta,</span> 
     </span>
     <span class='ocr_line' id='line_1_86' title="bbox 2140 4069 3709 4138; baseline -0.008 -4"><span class='ocrx_word' id='word_1_667' title='bbox 2140 4078 2337 4133; x_wconf 90' lang='lat' dir='ltr'>dulcis.</span> <span class='ocrx_word' id='word_1_668' title='bbox 2369 4074 2548 4131; x_wconf 85' lang='lat' dir='ltr'>Fortis</span> <span class='ocrx_word' id='word_1_669' title='bbox 2576 4080 2636 4127; x_wconf 94' lang='lat' dir='ltr'>ut</span> <span class='ocrx_word' id='word_1_670' title='bbox 2677 4086 2829 4126; x_wconf 89' lang='lat' dir='ltr'>mors</span> <span class='ocrx_word' id='word_1_671' title='bbox 2851 4070 2919 4125; x_wconf 88' lang='lat' dir='ltr'>ad</span> <span class='ocrx_word' id='word_1_672' title='bbox 2955 4070 3218 4123; x_wconf 84' lang='lat' dir='ltr'>lionorcm</span> <span class='ocrx_word' id='word_1_673' title='bbox 3249 4077 3485 4138; x_wconf 83' lang='lat' dir='ltr'>paternae</span> <span class='ocrx_word' id='word_1_674' title='bbox 3526 4069 3709 4123; x_wconf 88' lang='lat' dir='ltr'>omni·</span> 
     </span>
     <span class='ocr_line' id='line_1_87' title="bbox 2140 4160 3704 4244; baseline -0.009 -16"><span class='ocrx_word' id='word_1_675' title='bbox 2140 4172 2415 4244; x_wconf 82' lang='lat' dir='ltr'>potentiae,</span> <span class='ocrx_word' id='word_1_676' title='bbox 2443 4178 2600 4225; x_wconf 88' lang='lat' dir='ltr'>cauta</span> <span class='ocrx_word' id='word_1_677' title='bbox 2635 4168 2690 4221; x_wconf 91' lang='lat' dir='ltr'>in</span> <span class='ocrx_word' id='word_1_678' title='bbox 2713 4164 3019 4222; x_wconf 83' lang='lat' dir='ltr'>devitandis</span> <span class='ocrx_word' id='word_1_679' title='bbox 3062 4163 3221 4220; x_wconf 89' lang='lat' dir='ltr'>malis</span> <span class='ocrx_word' id='word_1_680' title='bbox 3242 4164 3308 4218; x_wconf 89' lang='lat' dir='ltr'>ad</span> <span class='ocrx_word' id='word_1_681' title='bbox 3332 4164 3592 4219; x_wconf 85' lang='lat' dir='ltr'>bonorem</span> <span class='ocrx_word' id='word_1_682' title='bbox 3617 4160 3704 4215; x_wconf 78' lang='lat' dir='ltr'>Fi-</span> 
     </span>
     <span class='ocr_line' id='line_1_88' title="bbox 2141 4253 3708 4335; baseline -0.008 -14"><span class='ocrx_word' id='word_1_683' title='bbox 2141 4266 2224 4327; x_wconf 88' lang='lat' dir='ltr'>lii,</span> <span class='ocrx_word' id='word_1_684' title='bbox 2256 4264 2351 4335; x_wconf 92' lang='lat' dir='ltr'>qui</span> <span class='ocrx_word' id='word_1_685' title='bbox 2374 4271 2459 4318; x_wconf 90' lang='lat' dir='ltr'>est</span> <span class='ocrx_word' id='word_1_686' title='bbox 2480 4259 2767 4332; x_wconf 87' lang='lat' dir='ltr'>sapientia,</span> <span class='ocrx_word' id='word_1_687' title='bbox 2794 4256 2971 4314; x_wconf 89' lang='lat' dir='ltr'>dulcis</span> <span class='ocrx_word' id='word_1_688' title='bbox 2995 4258 3048 4313; x_wconf 93' lang='lat' dir='ltr'>in</span> <span class='ocrx_word' id='word_1_689' title='bbox 3076 4256 3436 4327; x_wconf 88' lang='lat' dir='ltr'>adimplendis</span> <span class='ocrx_word' id='word_1_690' title='bbox 3458 4255 3621 4311; x_wconf 87' lang='lat' dir='ltr'>bonis</span> <span class='ocrx_word' id='word_1_691' title='bbox 3644 4253 3708 4308; x_wconf 83' lang='lat' dir='ltr'>ad</span> 
     </span>
     <span class='ocr_line' id='line_1_89' title="bbox 2149 4350 3704 4425; baseline -0.007 -11"><span class='ocrx_word' id='word_1_692' title='bbox 2149 4360 2414 4414; x_wconf 88' lang='lat' dir='ltr'>bonorem</span> <span class='ocrx_word' id='word_1_693' title='bbox 2465 4352 2703 4425; x_wconf 84' lang='lat' dir='ltr'>Spiritus</span> <span class='ocrx_word' id='word_1_694' title='bbox 2730 4353 2926 4418; x_wconf 87' lang='lat' dir='ltr'>sancti,</span> <span class='ocrx_word' id='word_1_695' title='bbox 2957 4351 3049 4421; x_wconf 92' lang='lat' dir='ltr'>qui</span> <span class='ocrx_word' id='word_1_696' title='bbox 3084 4358 3170 4407; x_wconf 88' lang='lat' dir='ltr'>est</span> <span class='ocrx_word' id='word_1_697' title='bbox 3223 4359 3422 4406; x_wconf 83' lang='lat' dir='ltr'>aeterna</span> <span class='ocrx_word' id='word_1_698' title='bbox 3472 4350 3704 4405; x_wconf 78' lang='lat' dir='ltr'>bonitas.</span> 
     </span>
    </p>
   </div>
   <div class='ocr_carea' id='block_1_12' title="bbox 473 4434 3707 4515">
    <p class='ocr_par' dir='ltr' id='par_1_13' title="bbox 473 4434 3707 4515">
     <span class='ocr_line' id='line_1_90' title="bbox 473 4434 3707 4515; baseline -0.005 0"><span class='ocrx_word' id='word_1_699' title='bbox 473 4449 581 4496; x_wconf 58' lang='lat'>0⁶5⁶</span> <span class='ocrx_word' id='word_1_700' title='bbox 608 4457 786 4501; x_wconf 61' lang='lat' dir='ltr'>‘’mn“</span> <span class='ocrx_word' id='word_1_701' title='bbox 836 4451 1009 4513; x_wconf 71' lang='lat'>90²²⁸⁶⁸</span> <span class='ocrx_word' id='word_1_702' title='bbox 1036 4440 1362 4513; x_wconf 61' lang='lat' dir='ltr'>bssp‘fwnm</span> <span class='ocrx_word' id='word_1_703' title='bbox 1399 4457 1487 4496; x_wconf 72' lang='lat'>⁶⁰⁸</span> <span class='ocrx_word' id='word_1_704' title='bbox 1521 4440 1576 4496; x_wconf 64' lang='lat'>5¹⁸</span> <span class='ocrx_word' id='word_1_705' title='bbox 1601 4440 1807 4502; x_wconf 66' lang='lat' dir='ltr'>²1⁰me</span> <span class='ocrx_word' id='word_1_706' title='bbox 1832 4437 2038 4504; x_wconf 61' lang='lat' dir='ltr'>Palm,</span> <span class='ocrx_word' id='word_1_707' title='bbox 2074 4434 2117 4487; x_wconf 84' lang='grc' dir='ltr'>Ῑ)</span> <span class='ocrx_word' id='word_1_708' title='bbox 2148 4451 2408 4506; x_wconf 83' lang='lat' dir='ltr'>Colanius</span> <span class='ocrx_word' id='word_1_709' title='bbox 2440 4447 2643 4502; x_wconf 88' lang='lat' dir='ltr'>trinum</span> <span class='ocrx_word' id='word_1_710' title='bbox 2700 4444 2871 4500; x_wconf 90' lang='lat' dir='ltr'>Deum</span> <span class='ocrx_word' id='word_1_711' title='bbox 2902 4444 3185 4515; x_wconf 65' lang='lat' dir='ltr'>praeterita}</span> <span class='ocrx_word' id='word_1_712' title='bbox 3226 4443 3351 4499; x_wconf 79' lang='lat' dir='ltr'>vitae</span> <span class='ocrx_word' id='word_1_713' title='bbox 3394 4442 3707 4498; x_wconf 85' lang='lat' dir='ltr'>memoriam</span> 
     </span>
    </p>
   </div>
   <div class='ocr_carea' id='block_1_13' title="bbox 474 4529 2056 5809">
    <p class='ocr_par' dir='ltr' id='par_1_14' title="bbox 474 4529 2046 4974">
     <span class='ocr_line' id='line_1_91' title="bbox 474 4529 2042 4605; baseline -0.002 -17"><span class='ocrx_word' id='word_1_714' title='bbox 474 4542 525 4588; x_wconf 81' lang='lat' dir='ltr'>et</span> <span class='ocrx_word' id='word_1_715' title='bbox 549 4531 705 4600; x_wconf 79' lang='lat' dir='ltr'>Filii,</span> <span class='ocrx_word' id='word_1_716' title='bbox 730 4541 780 4589; x_wconf 79' lang='lat' dir='ltr'>et</span> <span class='ocrx_word' id='word_1_717' title='bbox 823 4531 1058 4604; x_wconf 79' lang='lat' dir='ltr'>Spiritus</span> <span class='ocrx_word' id='word_1_718' title='bbox 1091 4534 1263 4592; x_wconf 79' lang='lat' dir='ltr'>sancti</span> <span class='ocrx_word' id='word_1_719' title='bbox 1298 4531 1516 4605; x_wconf 74' lang='lat' dir='ltr'>(Manli.</span> <span class='ocrx_word' id='word_1_720' title='bbox 1559 4548 1755 4599; x_wconf 79' lang='lat' dir='ltr'>xxviii,</span> <span class='ocrx_word' id='word_1_721' title='bbox 1783 4531 1895 4601; x_wconf 88' lang='grc'><strong>19).</strong></span> <span class='ocrx_word' id='word_1_722' title='bbox 1924 4529 2042 4592; x_wconf 84' lang='lat' dir='ltr'>Non</span> 
     </span>
     <span class='ocr_line' id='line_1_92' title="bbox 476 4623 2046 4698; baseline -0.001 -17"><span class='ocrx_word' id='word_1_723' title='bbox 476 4626 557 4681; x_wconf 84' lang='lat' dir='ltr'>ait</span> <span class='ocrx_word' id='word_1_724' title='bbox 587 4644 600 4683; x_wconf 87' lang='grc'>;</span> <span class='ocrx_word' id='word_1_725' title='bbox 633 4624 689 4681; x_wconf 92' lang='lat' dir='ltr'>in</span> <span class='ocrx_word' id='word_1_726' title='bbox 720 4623 1062 4694; x_wconf 85' lang='lat' dir='ltr'>nominibus,</span> <span class='ocrx_word' id='word_1_727' title='bbox 1103 4642 1171 4682; x_wconf 90' lang='lat' dir='ltr'>ne</span> <span class='ocrx_word' id='word_1_728' title='bbox 1211 4625 1496 4698; x_wconf 88' lang='lat' dir='ltr'>pluralitas</span> <span class='ocrx_word' id='word_1_729' title='bbox 1529 4625 1755 4680; x_wconf 85' lang='lat' dir='ltr'>deornm</span> <span class='ocrx_word' id='word_1_730' title='bbox 1780 4623 1835 4679; x_wconf 93' lang='lat' dir='ltr'>in</span> <span class='ocrx_word' id='word_1_731' title='bbox 1869 4623 2046 4679; x_wconf 87' lang='lat' dir='ltr'>tribus</span> 
     </span>
     <span class='ocr_line' id='line_1_93' title="bbox 482 4714 2044 4790; baseline -0.003 -16"><span class='ocrx_word' id='word_1_732' title='bbox 482 4718 891 4790; x_wconf 51' lang='lat' dir='ltr'>intelligeretur,</span> <span class='ocrx_word' id='word_1_733' title='bbox 923 4718 1011 4774; x_wconf 61' lang='lat' dir='ltr'>anri</span> <span class='ocrx_word' id='word_1_734' title='bbox 1043 4722 1095 4770; x_wconf 77' lang='lat' dir='ltr'>in</span> <span class='ocrx_word' id='word_1_735' title='bbox 1147 4720 1369 4786; x_wconf 66' lang='grc' dir='ltr'>ιιιιηιὶιιε,</span> <span class='ocrx_word' id='word_1_736' title='bbox 1421 4718 1519 4786; x_wconf 89' lang='lat' dir='ltr'>ait,</span> <span class='ocrx_word' id='word_1_737' title='bbox 1572 4717 1777 4783; x_wconf 82' lang='lat' dir='ltr'>Patris,</span> <span class='ocrx_word' id='word_1_738' title='bbox 1804 4727 1854 4772; x_wconf 82' lang='lat' dir='ltr'>et</span> <span class='ocrx_word' id='word_1_739' title='bbox 1889 4714 2044 4781; x_wconf 80' lang='lat' dir='ltr'>Filii,</span> 
     </span>
     <span class='ocr_line' id='line_1_94' title="bbox 482 4807 2046 4878; baseline 0.001 -16"><span class='ocrx_word' id='word_1_740' title='bbox 482 4824 530 4866; x_wconf 70' lang='grc' dir='ltr'>ει</span> <span class='ocrx_word' id='word_1_741' title='bbox 558 4810 782 4878; x_wconf 62' lang='lat' dir='ltr'>Spiritus</span> <span class='ocrx_word' id='word_1_742' title='bbox 810 4814 999 4870; x_wconf 68' lang='lat' dir='ltr'>atriti-li.</span> <span class='ocrx_word' id='word_1_743' title='bbox 1039 4822 1095 4866; x_wconf 81' lang='grc' dir='ltr'>ιιι</span> <span class='ocrx_word' id='word_1_744' title='bbox 1123 4828 1287 4874; x_wconf 67' lang='lat' dir='ltr'>tinum</span> <span class='ocrx_word' id='word_1_745' title='bbox 1307 4809 1476 4870; x_wconf 84' lang='lat' dir='ltr'>Deum</span> <span class='ocrx_word' id='word_1_746' title='bbox 1513 4811 1715 4867; x_wconf 78' lang='lat' dir='ltr'>tritium</span> <span class='ocrx_word' id='word_1_747' title='bbox 1739 4810 1916 4865; x_wconf 76' lang='lat' dir='ltr'>sciant</span> <span class='ocrx_word' id='word_1_748' title='bbox 1943 4807 2046 4865; x_wconf 74' lang='lat' dir='ltr'>sibi</span> 
     </span>
     <span class='ocr_line' id='line_1_95' title="bbox 482 4903 2044 4974; baseline -0.001 -16"><span class='ocrx_word' id='word_1_749' title='bbox 482 4906 786 4970; x_wconf 52' lang='lat' dir='ltr'>minutium,</span> <span class='ocrx_word' id='word_1_750' title='bbox 810 4906 899 4974; x_wconf 78' lang='lat' dir='ltr'>qui</span> <span class='ocrx_word' id='word_1_751' title='bbox 931 4914 1207 4970; x_wconf 63' lang='lat' dir='ltr'>:it-„ceplmn</span> <span class='ocrx_word' id='word_1_752' title='bbox 1240 4919 1456 4959; x_wconf 74' lang='lat' dir='ltr'>servare</span> <span class='ocrx_word' id='word_1_753' title='bbox 1484 4904 1674 4959; x_wconf 81' lang='lat' dir='ltr'>volunt</span> <span class='ocrx_word' id='word_1_754' title='bbox 1693 4903 2044 4972; x_wconf 79' lang='lat' dir='ltr'>baptismum.</span> 
     </span>
    </p>

    <p class='ocr_par' dir='ltr' id='par_1_15' title="bbox 482 4994 2056 5809">
     <span class='ocr_line' id='line_1_96' title="bbox 550 4994 2048 5066; baseline -0.003 -13"><span class='ocrx_word' id='word_1_755' title='bbox 550 4994 594 5054; x_wconf 83' lang='lat' dir='ltr'>O</span> <span class='ocrx_word' id='word_1_756' title='bbox 622 5014 832 5050; x_wconf 69' lang='lat' dir='ltr'>sarrinia</span> <span class='ocrx_word' id='word_1_757' title='bbox 879 4998 1135 5058; x_wconf 63' lang='lat' dir='ltr'>Trinitas„</span> <span class='ocrx_word' id='word_1_758' title='bbox 1171 4996 1442 5066; x_wconf 74' lang='lat' dir='ltr'>quomodo</span> <span class='ocrx_word' id='word_1_759' title='bbox 1489 4994 1598 5053; x_wconf 87' lang='lat' dir='ltr'>eris</span> <span class='ocrx_word' id='word_1_760' title='bbox 1623 4994 1871 5061; x_wconf 86' lang='lat' dir='ltr'>colenda,</span> <span class='ocrx_word' id='word_1_761' title='bbox 1903 5008 2048 5066; x_wconf 81' lang='lat' dir='ltr'>quae,</span> 
     </span>
     <span class='ocr_line' id='line_1_97' title="bbox 486 5088 2051 5161; baseline 0.003 -18"><span class='ocrx_word' id='word_1_762' title='bbox 486 5091 626 5143; x_wconf 69' lang='lat' dir='ltr'>sirint</span> <span class='ocrx_word' id='word_1_763' title='bbox 674 5091 879 5143; x_wconf 71' lang='lat' dir='ltr'>dictum</span> <span class='ocrx_word' id='word_1_764' title='bbox 931 5099 1031 5155; x_wconf 54' lang='lat' dir='ltr'>est,</span> <span class='ocrx_word' id='word_1_765' title='bbox 1087 5091 1135 5143; x_wconf 82' lang='lat' dir='ltr'>in</span> <span class='ocrx_word' id='word_1_766' title='bbox 1191 5088 1409 5159; x_wconf 58' lang='lat' dir='ltr'>speculo</span> <span class='ocrx_word' id='word_1_767' title='bbox 1457 5099 1748 5156; x_wconf 62' lang='lat' dir='ltr'>creaturae,</span> <span class='ocrx_word' id='word_1_768' title='bbox 1800 5098 1964 5161; x_wconf 88' lang='lat' dir='ltr'>atque</span> <span class='ocrx_word' id='word_1_769' title='bbox 1993 5091 2051 5147; x_wconf 89' lang='lat' dir='ltr'>in</span> 
     </span>
     <span class='ocr_line' id='line_1_98' title="bbox 482 5181 2052 5255; baseline 0.003 -20"><span class='ocrx_word' id='word_1_770' title='bbox 482 5187 770 5247; x_wconf 53' lang='lat' dir='ltr'>:vitiliginum</span> <span class='ocrx_word' id='word_1_771' title='bbox 818 5183 1111 5255; x_wconf 57' lang='lat' dir='ltr'>Seriphum</span> <span class='ocrx_word' id='word_1_772' title='bbox 1143 5181 1484 5251; x_wconf 65' lang='lat' dir='ltr'>agnosceris?</span> <span class='ocrx_word' id='word_1_773' title='bbox 1510 5181 1669 5250; x_wconf 81' lang='lat' dir='ltr'>Puto,</span> <span class='ocrx_word' id='word_1_774' title='bbox 1701 5182 1813 5242; x_wconf 76' lang='lat' dir='ltr'>imo</span> <span class='ocrx_word' id='word_1_775' title='bbox 1850 5183 2052 5240; x_wconf 77' lang='lat' dir='ltr'>firmis·</span> 
     </span>
     <span class='ocr_line' id='line_1_99' title="bbox 488 5274 2051 5346; baseline 0.002 -19"><span class='ocrx_word' id='word_1_776' title='bbox 488 5279 622 5331; x_wconf 65' lang='lat' dir='ltr'>sitite</span> <span class='ocrx_word' id='word_1_777' title='bbox 650 5279 834 5339; x_wconf 68' lang='grc' dir='ltr'>[τι-ῡύῡ,</span> <span class='ocrx_word' id='word_1_778' title='bbox 867 5295 927 5331; x_wconf 74' lang='lat' dir='ltr'>ni:</span> <span class='ocrx_word' id='word_1_779' title='bbox 955 5279 1257 5331; x_wconf 69' lang='lat' dir='ltr'>nullan-mis</span> <span class='ocrx_word' id='word_1_780' title='bbox 1289 5274 1499 5341; x_wconf 74' lang='lat' dir='ltr'>dubim,</span> <span class='ocrx_word' id='word_1_781' title='bbox 1543 5276 1671 5346; x_wconf 75' lang='lat' dir='ltr'>quia</span> <span class='ocrx_word' id='word_1_782' title='bbox 1696 5275 1777 5331; x_wconf 81' lang='lat' dir='ltr'>Sic</span> <span class='ocrx_word' id='word_1_783' title='bbox 1808 5284 1861 5331; x_wconf 79' lang='lat' dir='ltr'>te</span> <span class='ocrx_word' id='word_1_784' title='bbox 1883 5290 2051 5345; x_wconf 82' lang='lat' dir='ltr'>opor·-</span> 
     </span>
     <span class='ocr_line' id='line_1_100' title="bbox 490 5365 2056 5438; baseline 0.004 -19"><span class='ocrx_word' id='word_1_785' title='bbox 490 5377 562 5419; x_wconf 69' lang='grc' dir='ltr'>ιυι</span> <span class='ocrx_word' id='word_1_786' title='bbox 614 5367 738 5427; x_wconf 58' lang='lat' dir='ltr'>ruli,</span> <span class='ocrx_word' id='word_1_787' title='bbox 778 5367 919 5419; x_wconf 60' lang='lat' dir='ltr'>sii-nt</span> <span class='ocrx_word' id='word_1_788' title='bbox 971 5367 1163 5419; x_wconf 67' lang='grc' dir='ltr'>ὶιιιιῑιιηιι</span> <span class='ocrx_word' id='word_1_789' title='bbox 1205 5365 1517 5438; x_wconf 72' lang='lat' dir='ltr'>praedicaris</span> <span class='ocrx_word' id='word_1_790' title='bbox 1570 5365 1853 5432; x_wconf 87' lang='lat' dir='ltr'>colendus,</span> <span class='ocrx_word' id='word_1_791' title='bbox 1877 5365 1970 5421; x_wconf 87' lang='lat' dir='ltr'>ubi</span> <span class='ocrx_word' id='word_1_792' title='bbox 1999 5375 2056 5426; x_wconf 87' lang='lat' dir='ltr'>et</span> 
     </span>
     <span class='ocr_line' id='line_1_101' title="bbox 487 5459 2056 5533; baseline 0.001 -18"><span class='ocrx_word' id='word_1_793' title='bbox 487 5459 812 5515; x_wconf 84' lang='lat' dir='ltr'>monstraris</span> <span class='ocrx_word' id='word_1_794' title='bbox 842 5459 1240 5531; x_wconf 80' lang='lat' dir='ltr'>agnoscendus.</span> <span class='ocrx_word' id='word_1_795' title='bbox 1269 5459 1338 5516; x_wconf 85' lang='lat' dir='ltr'>Et</span> <span class='ocrx_word' id='word_1_796' title='bbox 1363 5470 1418 5517; x_wconf 90' lang='lat' dir='ltr'>tu</span> <span class='ocrx_word' id='word_1_797' title='bbox 1449 5459 1670 5533; x_wconf 88' lang='lat' dir='ltr'>quidem</span> <span class='ocrx_word' id='word_1_798' title='bbox 1713 5460 1916 5517; x_wconf 72' lang='lat' dir='ltr'>videris</span> <span class='ocrx_word' id='word_1_799' title='bbox 1943 5459 2056 5517; x_wconf 91' lang='lat' dir='ltr'>illic</span> 
     </span>
     <span class='ocr_line' id='line_1_102' title="bbox 487 5546 2056 5622; baseline 0.003 -22"><span class='ocrx_word' id='word_1_800' title='bbox 487 5546 547 5601; x_wconf 91' lang='lat' dir='ltr'>in</span> <span class='ocrx_word' id='word_1_801' title='bbox 583 5549 888 5620; x_wconf 77' lang='lat' dir='ltr'>aenigmate,</span> <span class='ocrx_word' id='word_1_802' title='bbox 922 5551 1017 5608; x_wconf 87' lang='lat' dir='ltr'>sed</span> <span class='ocrx_word' id='word_1_803' title='bbox 1045 5551 1281 5622; x_wconf 88' lang='lat' dir='ltr'>qualiter</span> <span class='ocrx_word' id='word_1_804' title='bbox 1302 5551 1382 5609; x_wconf 88' lang='lat' dir='ltr'>sis</span> <span class='ocrx_word' id='word_1_805' title='bbox 1413 5550 1694 5620; x_wconf 88' lang='lat' dir='ltr'>colendus,</span> <span class='ocrx_word' id='word_1_806' title='bbox 1719 5566 1828 5607; x_wconf 87' lang='lat' dir='ltr'>non</span> <span class='ocrx_word' id='word_1_807' title='bbox 1862 5552 2056 5611; x_wconf 82' lang='lat' dir='ltr'>tamin</span> 
     </span>
     <span class='ocr_line' id='line_1_103' title="bbox 490 5636 2056 5720; baseline 0.005 -28"><span class='ocrx_word' id='word_1_808' title='bbox 490 5636 792 5720; x_wconf 74' lang='lat' dir='ltr'>:enigmatis</span> <span class='ocrx_word' id='word_1_809' title='bbox 818 5641 1169 5709; x_wconf 85' lang='lat' dir='ltr'>obscuritate,</span> <span class='ocrx_word' id='word_1_810' title='bbox 1221 5659 1385 5712; x_wconf 90' lang='lat' dir='ltr'>qnam</span> <span class='ocrx_word' id='word_1_811' title='bbox 1427 5644 1484 5698; x_wconf 90' lang='lat' dir='ltr'>in</span> <span class='ocrx_word' id='word_1_812' title='bbox 1507 5650 1615 5699; x_wconf 84' lang='lat' dir='ltr'>tuae</span> <span class='ocrx_word' id='word_1_813' title='bbox 1638 5643 1778 5700; x_wconf 88' lang='lat' dir='ltr'>lucis</span> <span class='ocrx_word' id='word_1_814' title='bbox 1811 5644 2056 5700; x_wconf 86' lang='lat' dir='ltr'>claritate</span> 
     </span>
     <span class='ocr_line' id='line_1_104' title="bbox 490 5722 2054 5809; baseline 0.008 -29"><span class='ocrx_word' id='word_1_815' title='bbox 490 5722 723 5797; x_wconf 74' lang='lat' dir='ltr'>videtur,</span> <span class='ocrx_word' id='word_1_816' title='bbox 755 5732 845 5791; x_wconf 86' lang='lat' dir='ltr'>ubi</span> <span class='ocrx_word' id='word_1_817' title='bbox 882 5732 1078 5797; x_wconf 85' lang='lat' dir='ltr'>dicitur</span> <span class='ocrx_word' id='word_1_818' title='bbox 1112 5755 1125 5790; x_wconf 90' lang='lat'>:</span> <span class='ocrx_word' id='word_1_819' title='bbox 1156 5734 1354 5809; x_wconf 66' lang='lat' dir='ltr'>Diliges</span> <span class='ocrx_word' id='word_1_820' title='bbox 1398 5736 1683 5794; x_wconf 79' lang='lat' dir='ltr'>Dominum</span> <span class='ocrx_word' id='word_1_821' title='bbox 1707 5736 1873 5794; x_wconf 81' lang='lat' dir='ltr'>Deum</span> <span class='ocrx_word' id='word_1_822' title='bbox 1907 5749 2054 5803; x_wconf 80' lang='lat' dir='ltr'>tunm</span> 
     </span>
    </p>
   </div>
   <div class='ocr_carea' id='block_1_14' title="bbox 2147 4535 3718 5808">
    <p class='ocr_par' dir='ltr' id='par_1_16' title="bbox 2147 4535 3718 5808">
     <span class='ocr_line' id='line_1_105' title="bbox 2148 4535 3710 4614; baseline -0.005 -15"><span class='ocrx_word' id='word_1_823' title='bbox 2148 4561 2245 4614; x_wconf 86' lang='lat' dir='ltr'>per</span> <span class='ocrx_word' id='word_1_824' title='bbox 2292 4538 2629 4614; x_wconf 82' lang='lat' dir='ltr'>poenitentiae</span> <span class='ocrx_word' id='word_1_825' title='bbox 2674 4539 2911 4593; x_wconf 88' lang='lat' dir='ltr'>lamenta</span> <span class='ocrx_word' id='word_1_826' title='bbox 2941 4535 3301 4606; x_wconf 79' lang='lat' dir='ltr'>purificando,</span> <span class='ocrx_word' id='word_1_827' title='bbox 3327 4536 3610 4605; x_wconf 88' lang='lat' dir='ltr'>praesentis</span> <span class='ocrx_word' id='word_1_828' title='bbox 3633 4535 3710 4591; x_wconf 73' lang='lat' dir='ltr'>al*-</span> 
     </span>
     <span class='ocr_line' id='line_1_106' title="bbox 2147 4625 3712 4693; baseline -0.006 -3"><span class='ocrx_word' id='word_1_829' title='bbox 2147 4633 2439 4690; x_wconf 70' lang='lat' dir='ltr'>lectionem</span> <span class='ocrx_word' id='word_1_830' title='bbox 2469 4629 2536 4687; x_wconf 93' lang='lat' dir='ltr'>de</span> <span class='ocrx_word' id='word_1_831' title='bbox 2558 4629 2782 4686; x_wconf 85' lang='lat' dir='ltr'>terrain</span> <span class='ocrx_word' id='word_1_832' title='bbox 2808 4627 3008 4683; x_wconf 79' lang='lat' dir='ltr'>coelum</span> <span class='ocrx_word' id='word_1_833' title='bbox 3036 4626 3287 4693; x_wconf 82' lang='lat' dir='ltr'>levando,</span> <span class='ocrx_word' id='word_1_834' title='bbox 3315 4625 3512 4680; x_wconf 77' lang='lat' dir='ltr'>iuturae</span> <span class='ocrx_word' id='word_1_835' title='bbox 3538 4625 3712 4681; x_wconf 83' lang='lat' dir='ltr'>luten-</span> 
     </span>
     <span class='ocr_line' id='line_1_107' title="bbox 2150 4717 3711 4792; baseline -0.005 -13"><span class='ocrx_word' id='word_1_836' title='bbox 2150 4727 2352 4781; x_wconf 90' lang='lat' dir='ltr'>tionem</span> <span class='ocrx_word' id='word_1_837' title='bbox 2379 4720 2612 4792; x_wconf 90' lang='lat' dir='ltr'>simplici</span> <span class='ocrx_word' id='word_1_838' title='bbox 2644 4718 2859 4790; x_wconf 90' lang='lat' dir='ltr'>pietatis</span> <span class='ocrx_word' id='word_1_839' title='bbox 2886 4719 3047 4774; x_wconf 89' lang='lat' dir='ltr'>oculo</span> <span class='ocrx_word' id='word_1_840' title='bbox 3078 4717 3454 4783; x_wconf 87' lang='lat' dir='ltr'>illuminando,</span> <span class='ocrx_word' id='word_1_841' title='bbox 3482 4725 3543 4771; x_wconf 91' lang='lat' dir='ltr'>ut</span> <span class='ocrx_word' id='word_1_842' title='bbox 3567 4717 3711 4771; x_wconf 76' lang='lat' dir='ltr'>vide-</span> 
     </span>
     <span class='ocr_line' id='line_1_108' title="bbox 2149 4809 3712 4879; baseline -0.007 -4"><span class='ocrx_word' id='word_1_843' title='bbox 2149 4820 2276 4875; x_wconf 89' lang='lat' dir='ltr'>licet</span> <span class='ocrx_word' id='word_1_844' title='bbox 2312 4815 2577 4872; x_wconf 90' lang='lat' dir='ltr'>memoria</span> <span class='ocrx_word' id='word_1_845' title='bbox 2632 4812 2920 4869; x_wconf 85' lang='lat' dir='ltr'>candidata</span> <span class='ocrx_word' id='word_1_846' title='bbox 2947 4812 3183 4879; x_wconf 86' lang='lat' dir='ltr'>Patrem,</span> <span class='ocrx_word' id='word_1_847' title='bbox 3214 4809 3427 4866; x_wconf 78' lang='lat' dir='ltr'>affectio</span> <span class='ocrx_word' id='word_1_848' title='bbox 3478 4809 3712 4866; x_wconf 86' lang='lat' dir='ltr'>coelestis</span> 
     </span>
     <span class='ocr_line' id='line_1_109' title="bbox 2152 4901 3714 4976; baseline -0.006 -11"><span class='ocrx_word' id='word_1_849' title='bbox 2152 4911 2279 4967; x_wconf 89' lang='lat' dir='ltr'>inde</span> <span class='ocrx_word' id='word_1_850' title='bbox 2303 4922 2535 4964; x_wconf 87' lang='lat' dir='ltr'>nascens</span> <span class='ocrx_word' id='word_1_851' title='bbox 2574 4903 2774 4959; x_wconf 86' lang='lat' dir='ltr'>Filium</span> <span class='ocrx_word' id='word_1_852' title='bbox 2807 4903 3166 4976; x_wconf 82' lang='lat' dir='ltr'>unigenitum,</span> <span class='ocrx_word' id='word_1_853' title='bbox 3196 4901 3290 4975; x_wconf 90' lang='lat' dir='ltr'>qui</span> <span class='ocrx_word' id='word_1_854' title='bbox 3320 4902 3389 4958; x_wconf 89' lang='lat' dir='ltr'>de</span> <span class='ocrx_word' id='word_1_855' title='bbox 3410 4901 3552 4958; x_wconf 85' lang='lat' dir='ltr'>coelo</span> <span class='ocrx_word' id='word_1_856' title='bbox 3571 4901 3714 4956; x_wconf 75' lang='lat' dir='ltr'>venit</span> 
     </span>
     <span class='ocr_line' id='line_1_110' title="bbox 2152 4991 3709 5072; baseline -0.007 -16"><span class='ocrx_word' id='word_1_857' title='bbox 2152 5011 2207 5056; x_wconf 91' lang='lat' dir='ltr'>et</span> <span class='ocrx_word' id='word_1_858' title='bbox 2231 5016 2399 5072; x_wconf 88' lang='lat' dir='ltr'>super</span> <span class='ocrx_word' id='word_1_859' title='bbox 2424 5015 2617 5057; x_wconf 89' lang='lat' dir='ltr'>omnes</span> <span class='ocrx_word' id='word_1_860' title='bbox 2643 5007 2750 5064; x_wconf 88' lang='lat' dir='ltr'>est,</span> <span class='ocrx_word' id='word_1_861' title='bbox 2773 4997 2840 5052; x_wconf 88' lang='lat' dir='ltr'>de</span> <span class='ocrx_word' id='word_1_862' title='bbox 2867 4995 3135 5051; x_wconf 88' lang='lat' dir='ltr'>ambobus</span> <span class='ocrx_word' id='word_1_863' title='bbox 3182 4993 3504 5065; x_wconf 84' lang='lat' dir='ltr'>procedens,</span> <span class='ocrx_word' id='word_1_864' title='bbox 3535 4991 3709 5046; x_wconf 80' lang='lat' dir='ltr'>inten-</span> 
     </span>
     <span class='ocr_line' id='line_1_111' title="bbox 2155 5084 3710 5163; baseline -0.008 -13"><span class='ocrx_word' id='word_1_865' title='bbox 2155 5097 2231 5150; x_wconf 78' lang='lat' dir='ltr'>tio</span> <span class='ocrx_word' id='word_1_866' title='bbox 2282 5092 2512 5163; x_wconf 83' lang='lat' dir='ltr'>simplex</span> <span class='ocrx_word' id='word_1_867' title='bbox 2546 5101 2599 5146; x_wconf 90' lang='lat' dir='ltr'>et</span> <span class='ocrx_word' id='word_1_868' title='bbox 2640 5106 2775 5161; x_wconf 86' lang='lat' dir='ltr'>pura</span> <span class='ocrx_word' id='word_1_869' title='bbox 2828 5087 3091 5160; x_wconf 82' lang='lat' dir='ltr'>glorificet</span> <span class='ocrx_word' id='word_1_870' title='bbox 3137 5084 3401 5157; x_wconf 91' lang='lat' dir='ltr'>Spiritum</span> <span class='ocrx_word' id='word_1_871' title='bbox 3442 5091 3710 5140; x_wconf 86' lang='lat' dir='ltr'>sanctum.</span> 
     </span>
     <span class='ocr_line' id='line_1_112' title="bbox 2152 5178 3715 5254; baseline -0.008 -10"><span class='ocrx_word' id='word_1_872' title='bbox 2152 5188 2411 5245; x_wconf 88' lang='lat' dir='ltr'>Colamus</span> <span class='ocrx_word' id='word_1_873' title='bbox 2440 5186 2590 5240; x_wconf 88' lang='lat' dir='ltr'>illum</span> <span class='ocrx_word' id='word_1_874' title='bbox 2617 5181 2945 5254; x_wconf 83' lang='lat' dir='ltr'>cogitatione</span> <span class='ocrx_word' id='word_1_875' title='bbox 2975 5179 3197 5247; x_wconf 89' lang='lat' dir='ltr'>munda,</span> <span class='ocrx_word' id='word_1_876' title='bbox 3224 5178 3498 5235; x_wconf 88' lang='lat' dir='ltr'>locutione</span> <span class='ocrx_word' id='word_1_877' title='bbox 3538 5188 3715 5244; x_wconf 75' lang='lat' dir='ltr'>cauta,</span> 
     </span>
     <span class='ocr_line' id='line_1_113' title="bbox 2153 5267 3715 5351; baseline -0.01 -15"><span class='ocrx_word' id='word_1_878' title='bbox 2153 5278 2469 5351; x_wconf 87' lang='lat' dir='ltr'>operatione</span> <span class='ocrx_word' id='word_1_879' title='bbox 2497 5274 2751 5345; x_wconf 81' lang='lat' dir='ltr'>benigna.</span> <span class='ocrx_word' id='word_1_880' title='bbox 2800 5270 2994 5328; x_wconf 88' lang='lat' dir='ltr'>Colant</span> <span class='ocrx_word' id='word_1_881' title='bbox 3030 5285 3156 5325; x_wconf 89' lang='lat' dir='ltr'>eum</span> <span class='ocrx_word' id='word_1_882' title='bbox 3188 5269 3243 5323; x_wconf 90' lang='lat' dir='ltr'>in</span> <span class='ocrx_word' id='word_1_883' title='bbox 3274 5269 3445 5324; x_wconf 87' lang='lat' dir='ltr'>cboro</span> <span class='ocrx_word' id='word_1_884' title='bbox 3471 5267 3715 5322; x_wconf 79' lang='lat' dir='ltr'>virorum</span> 
     </span>
     <span class='ocr_line' id='line_1_114' title="bbox 2156 5360 3715 5439; baseline -0.008 -13"><span class='ocrx_word' id='word_1_885' title='bbox 2156 5387 2335 5437; x_wconf 89' lang='lat' dir='ltr'>senes,</span> <span class='ocrx_word' id='word_1_886' title='bbox 2361 5368 2587 5439; x_wconf 80' lang='lat' dir='ltr'>juvenes</span> <span class='ocrx_word' id='word_1_887' title='bbox 2610 5374 2667 5422; x_wconf 90' lang='lat' dir='ltr'>et</span> <span class='ocrx_word' id='word_1_888' title='bbox 2700 5364 2877 5437; x_wconf 91' lang='lat' dir='ltr'>pueri,</span> <span class='ocrx_word' id='word_1_889' title='bbox 2907 5377 3071 5436; x_wconf 87' lang='lat' dir='ltr'>atque</span> <span class='ocrx_word' id='word_1_890' title='bbox 3098 5364 3154 5418; x_wconf 93' lang='lat' dir='ltr'>in</span> <span class='ocrx_word' id='word_1_891' title='bbox 3180 5362 3350 5418; x_wconf 89' lang='lat' dir='ltr'>choro</span> <span class='ocrx_word' id='word_1_892' title='bbox 3367 5360 3715 5425; x_wconf 73' lang='lat' dir='ltr'>seminarum,</span> 
     </span>
     <span class='ocr_line' id='line_1_115' title="bbox 2157 5453 3718 5531; baseline -0.005 -14"><span class='ocrx_word' id='word_1_893' title='bbox 2157 5462 2314 5517; x_wconf 90' lang='lat' dir='ltr'>turba</span> <span class='ocrx_word' id='word_1_894' title='bbox 2337 5469 2658 5531; x_wconf 86' lang='lat' dir='ltr'>martyrum,</span> <span class='ocrx_word' id='word_1_895' title='bbox 2681 5457 3085 5528; x_wconf 75' lang='lat' dir='ltr'>virginumque,</span> <span class='ocrx_word' id='word_1_896' title='bbox 3116 5470 3182 5510; x_wconf 87' lang='lat' dir='ltr'>ac</span> <span class='ocrx_word' id='word_1_897' title='bbox 3211 5453 3486 5525; x_wconf 84' lang='lat' dir='ltr'>simplices</span> <span class='ocrx_word' id='word_1_898' title='bbox 3508 5453 3718 5524; x_wconf 88' lang='lat' dir='ltr'>puellu-</span> 
     </span>
     <span class='ocr_line' id='line_1_116' title="bbox 2155 5543 3718 5620; baseline -0.006 -11"><span class='ocrx_word' id='word_1_899' title='bbox 2155 5554 2222 5609; x_wconf 82' lang='lat' dir='ltr'>1ae</span> <span class='ocrx_word' id='word_1_900' title='bbox 2251 5551 2373 5608; x_wconf 74' lang='lat' dir='ltr'>voci</span> <span class='ocrx_word' id='word_1_901' title='bbox 2392 5548 2693 5607; x_wconf 88' lang='lat' dir='ltr'>concordes</span> <span class='ocrx_word' id='word_1_902' title='bbox 2727 5548 2942 5620; x_wconf 89' lang='lat' dir='ltr'>pudicis</span> <span class='ocrx_word' id='word_1_903' title='bbox 2971 5548 3024 5603; x_wconf 89' lang='lat' dir='ltr'>iu</span> <span class='ocrx_word' id='word_1_904' title='bbox 3056 5545 3429 5612; x_wconf 88' lang='lat' dir='ltr'>concentibus,</span> <span class='ocrx_word' id='word_1_905' title='bbox 3458 5552 3521 5600; x_wconf 88' lang='lat' dir='ltr'>ut</span> <span class='ocrx_word' id='word_1_906' title='bbox 3550 5543 3603 5599; x_wconf 91' lang='lat' dir='ltr'>in</span> <span class='ocrx_word' id='word_1_907' title='bbox 3634 5560 3718 5600; x_wconf 84' lang='lat' dir='ltr'>se-</span> 
     </span>
     <span class='ocr_line' id='line_1_117' title="bbox 2155 5635 3715 5710; baseline -0.004 -12"><span class='ocrx_word' id='word_1_908' title='bbox 2155 5643 2317 5698; x_wconf 88' lang='lat' dir='ltr'>nibus</span> <span class='ocrx_word' id='word_1_909' title='bbox 2346 5649 2399 5696; x_wconf 90' lang='lat' dir='ltr'>et</span> <span class='ocrx_word' id='word_1_910' title='bbox 2426 5640 2689 5697; x_wconf 85' lang='lat' dir='ltr'>matronis</span> <span class='ocrx_word' id='word_1_911' title='bbox 2734 5637 2943 5710; x_wconf 88' lang='lat' dir='ltr'>antiqui</span> <span class='ocrx_word' id='word_1_912' title='bbox 2976 5637 3186 5693; x_wconf 83' lang='lat' dir='ltr'>dierum</span> <span class='ocrx_word' id='word_1_913' title='bbox 3227 5651 3364 5692; x_wconf 80' lang='lat' dir='ltr'>cana</span> <span class='ocrx_word' id='word_1_914' title='bbox 3408 5635 3715 5703; x_wconf 73' lang='lat' dir='ltr'>maturitas,</span> 
     </span>
     <span class='ocr_line' id='line_1_118' title="bbox 2158 5727 3717 5808; baseline -0.003 -18"><span class='ocrx_word' id='word_1_915' title='bbox 2158 5735 2212 5791; x_wconf 90' lang='lat' dir='ltr'>in</span> <span class='ocrx_word' id='word_1_916' title='bbox 2232 5733 2524 5808; x_wconf 77' lang='lat' dir='ltr'>juvenibus</span> <span class='ocrx_word' id='word_1_917' title='bbox 2566 5742 2619 5790; x_wconf 88' lang='lat' dir='ltr'>et</span> <span class='ocrx_word' id='word_1_918' title='bbox 2651 5731 2947 5805; x_wconf 79' lang='lat' dir='ltr'>virginibus</span> <span class='ocrx_word' id='word_1_919' title='bbox 2989 5729 3161 5787; x_wconf 84' lang='lat' dir='ltr'>nostri</span> <span class='ocrx_word' id='word_1_920' title='bbox 3190 5727 3488 5787; x_wconf 77' lang='lat' dir='ltr'>Salvatoris</span> <span class='ocrx_word' id='word_1_921' title='bbox 3512 5736 3568 5786; x_wconf 86' lang='lat' dir='ltr'>et</span> <span class='ocrx_word' id='word_1_922' title='bbox 3589 5743 3717 5803; x_wconf 79' lang='lat' dir='ltr'>pru·</span> 
     </span>
    </p>
   </div>
  </div>
 </body>
</html>
