3817 6000
102 248 160 307 aar
438 248 718 307 couunnnaauun
736 250 770 307 rh
788 249 959 311 rsatuos.
978 286 1014 297 -
1033 255 1125 313 rans
1143 258 1163 313 r.
1176 257 1320 316 *esan
1340 260 1395 342 ru.
1694 272 1745 328 rae

100 358 254 432 Prophetae
269 368 314 417 est
331 360 360 417 iu
373 361 542 432 hocpsalmo
562 362 737 421 introducere
763 366 905 425 Christum
920 371 944 430 Α
958 369 1003 425 rid
1024 371 1132 443 negarit
1146 386 1204 441 ore,
1220 372 1299 444 cujus
1326 383 1416 432 tamen
1431 380 1537 437 auriens
1554 386 1745 451 permansum

98 453 261 510 murtam
280 451 430 511 humanam
448 463 575 511 naturam
591 453 682 511 Verho
698 455 751 514 sihi
770 456 848 517 unito
860 459 901 514 lo·
955 461 1047 530 eorde,
1061 463 1293 533 quemadmodum
1314 480 1330 522 a
1354 470 1461 540 magnis
1480 467 1607 529 Patribus
1618 484 1682 533 ante
1694 480 1746 534 noa

97 550 237 614 quererere
265 549 295 598 et
308 551 445 608 mantem,
471 552 502 599 ut
522 543 619 600 liheret
644 545 732 612 iilum,
758 548 903 617 nequando
954 552 1123 611 dictumest.
1140 553 1744 634 Constautrarpsiusaliquaruulumturhata

97 633 313 704 madesmei
327 633 452 706 maligni,
471 644 574 692 cruta
594 645 683 695 morte
709 638 855 699 resuscitet
870 639 903 695 il-
952 659 1016 702 oum
1027 646 1157 717 caepisset
1171 647 1257 720 mergi
1271 649 1408 721 passionis
1427 650 1747 726 hominicaetrmpestatc

97 725 184 793 luam
198 727 336 785 etdeiudc
358 728 548 785 ostendentem
577 729 630 786 suh
654 730 773 801 quadam
788 747 901 789 conces·
952 737 1151 805 saeuienteserl
1165 738 1275 797 dextera
1291 740 1529 815 divinircspectus
1544 746 1619 803 illum
1635 763 1746 805 couscr-

98 821 186 878 sione
205 821 396 894 improborum
423 821 641 890 damnationem,
655 833 683 882 et
692 826 830 896 iustorum
845 827 903 899 glo-
952 839 1044 896 rante,
1058 830 1179 889 charitas
1191 829 1265 889 Petri
1283 847 1338 888 non
1352 834 1470 902 excidit,
1487 836 1551 909 quia
1566 837 1693 899 Christus
1707 836 1745 895 illi

97 912 175 969 riam
193 930 228 972 es
241 914 444 973 retentatione
468 930 518 973 sua
542 926 749 988 proventuram,
769 931 796 977 et
818 922 900 979 etiam
952 934 1008 974 non
1026 930 1139 977 currerat
1152 922 1180 979 in
1197 921 1290 979 odium
1307 924 1350 980 rel
1364 924 1391 979 in
1413 925 1535 993 tautum,
1549 942 1706 1001 quanquam
1729 945 1746 985 a

97 1020 139 1061 ex
154 1005 224 1076 ipsis
239 1005 454 1078 malignantibus
472 1021 552 1078 posse
564 1008 699 1080 quosdam
712 1012 843 1083 consequi
854 1028 902 1069 ue·
952 1011 1126 1071 conlessioue
1138 1014 1225 1085 ipsius
1236 1017 1354 1073 tenuerit
1364 1016 1516 1077 silentium.
1533 1018 1667 1079 Perhunc
1679 1037 1745 1094 ergo

97 1098 194 1165 nima,
207 1097 232 1156 si
248 1098 376 1154 csrrrersi
394 1110 506 1170 agerent
522 1099 711 1170 poenitentiam
951 1107 1067 1164 alterum
1083 1104 1174 1174 Chori,
1185 1108 1311 1165 uidelicet
1322 1124 1372 1182 per
1385 1111 1540 1181 apostolum
1553 1110 1665 1171 Petrum
1678 1128 1744 1171 eon-

140 1188 253 1248 Titulus
263 1189 347 1261 hujus
363 1190 462 1262 psalmi
475 1203 519 1248 est
530 1190 683 1265 (Venalis
951 1198 1044 1257 silium
1071 1197 1149 1256 tuda
1173 1215 1205 1256 ac
1231 1198 1389 1259 turmarum
1412 1202 1576 1263 infatuatum
1601 1213 1651 1274 est,
1679 1208 1746 1277 quia

97 1316 129 1355 ur
145 1316 231 1357 mauu
250 1316 366 1357 asinum
384 1318 475 1369 nrrrn,
490 1319 562 1367 puna
578 1320 712 1361 carraria
732 1321 832 1363 horino
851 1323 901 1364 nno
950 1288 1053 1348 (ἶὴῐῑῑῑῑ
1079 1305 1191 1358 ¹¹⁰¹¹¹⁸¹h
1222 1292 1295 1362 quud
1321 1294 1495 1366 iminium
1519 1296 1673 1363 mmmm·
1697 1312 1745 1367 W

310 1387 406 1428 manas
423 1388 501 1428 cnusr
518 1390 582 1430 rann
601 1391 698 1431 rsursr.
951 1381 1041 1451 ipsum
1051 1380 1194 1438 dilatatum
1205 1392 1257 1451 est,
1270 1385 1481 1454 cooperantibus
1492 1386 1530 1441 illi
1541 1388 1684 1458 apostolis,
1697 1389 1744 1460 qui

138 1462 363 1523 hesensariruh
379 1464 462 1537 hujus
482 1466 574 1537 magni
603 1465 698 1525 Patres
724 1469 899 1527 dissentiunt.
950 1472 1033 1529 ctiam
1047 1488 1096 1543 per
1106 1488 1206 1530 nomen
1232 1474 1744 1549 Chusiaptedcsignantur,quiaom·

96 1553 173 1613 Nam
188 1557 286 1615 heatus
299 1556 482 1630 Augustinus,
495 1561 539 1618 cui
552 1562 695 1620 consensit
705 1561 899 1633 Cassiodorus,
951 1579 1011 1632 nes,
1023 1564 1118 1621 relicto
1132 1563 1252 1631 Christo,
1269 1563 1404 1636 lugientes
1422 1574 1449 1622 et
1462 1581 1492 1622 se
1510 1565 1660 1637 discipulos
1684 1567 1744 1638 cius

96 1648 233 1718 affirmat,
256 1650 285 1706 in
304 1651 358 1709 hoe
373 1652 453 1710 titulo
478 1653 551 1724 tangi
563 1653 716 1724 historiam,
728 1670 790 1727 quau
802 1656 901 1729 legitur
950 1668 1007 1708 non
1031 1654 1200 1724 prolitentes,
1217 1655 1364 1712 amicitiam
1377 1663 1404 1711 ιι
1421 1656 1594 1714 dilectionem
1610 1657 1697 1728 ipsius
1713 1658 1743 1712 in

96 1740 130 1805 in
145 1743 353 1802 secundolihro
363 1744 479 1818 ltegum,
491 1746 537 1804 uhi
549 1746 837 1807 hahemusmanileste
850 1765 901 1807 no·
916 1720 938 1777 B
951 1744 1061 1805 silentio
1072 1753 1229 1802 tenuerunt.
1255 1744 1289 1799 Et
1306 1745 1368 1803 litet
1388 1746 1415 1802 in
1431 1746 1539 1803 silentio
1552 1762 1603 1817 suo
1623 1756 1745 1804 tacerent

95 1850 170 1891 near
185 1835 279 1905 Cissi,
294 1838 342 1909 quai
368 1855 431 1896 cunr
453 1837 539 1897 Dauid
564 1840 674 1913 lugiens
688 1842 853 1901 nonnionem
870 1844 901 1900 o·
951 1836 986 1895 ah
996 1843 1090 1907 aperta
1105 1835 1208 1891 Christi
1226 1834 1400 1893 consessione
1414 1876 1422 1905 ,
1439 1844 1531 1893 tamen
1546 1836 1628 1893 rerha
1639 1838 1743 1895 oratio-

95 1926 174 1983 liurn
188 1943 269 1989 suum
287 1930 322 1986 de
335 1930 445 1991 ciritate
462 1931 559 2001 exiret,
574 1933 690 1990 consilio
709 1933 797 2005 ipsius
814 1935 901 1992 hauto
950 1928 1005 1997 nis,
1019 1936 1047 1985 et
1060 1927 1124 1984 honi
1139 1927 1246 1985 consilii
1267 1936 1347 1984 crant
1373 1928 1401 1982 in
1427 1928 1509 1984 radia
1532 1931 1744 1987 resurrectionis

95 2018 190 2075 cessit
199 2019 227 2075 in
243 2030 348 2091 partem
365 2020 497 2091 hhsalon,
513 2031 544 2079 ut
553 2040 615 2094 quae
631 2025 704 2082 illias
719 2027 862 2083 moliretur
873 2028 901 2084 in
950 2022 1166 2095 exspectatione,
1176 2037 1238 2094 qum
1249 2021 1380 2081 nimirum
1392 2022 1419 2078 in
1433 2022 1517 2078 corde
1530 2021 1602 2078 Petri
1615 2031 1674 2079 erat
1689 2021 1744 2079 lar-

95 2119 227 2181 patrum,
250 2111 405 2184 exploraret
432 2123 461 2171 ιι
490 2116 670 2173 renuntiaret.
702 2116 780 2175 hedit
809 2129 901 2177 autern
950 2115 1077 2184 sentior,
1102 2123 1248 2187 postquam
1273 2114 1475 2187 denegatione
1503 2130 1605 2193 amare
1622 2114 1743 2171 llererat.

95 2203 267 2276 scutrophet
290 2206 343 2263 hoc
365 2208 522 2277 consilium,
547 2218 578 2265 ut
598 2208 717 2267 hhsalon
732 2212 902 2282 permitteret
951 2207 1025 2267 Sane
1037 2222 1132 2275 amare
1146 2207 1237 2265 lientis
1247 2205 1321 2264 Petri
1333 2207 1494 2278 poenitentia
1508 2207 1536 2263 in
1551 2208 1657 2279 psalmo
1671 2221 1745 2280 prm·

95 2302 210 2365 patrem
223 2309 305 2351 suum
320 2296 502 2368 improvisum
523 2300 620 2357 occidi.
639 2298 797 2357 ilueautem
812 2312 903 2375 muta·
950 2302 1037 2377 misso
1047 2315 1102 2361 non
1116 2299 1266 2370 incongrue
1282 2298 1436 2370 intelligitur
1462 2315 1601 2370 expressa,
1614 2301 1745 2372 quoniam

95 2396 164 2445 tam
177 2397 221 2445 cat
233 2389 351 2449 musilio
365 2388 459 2459 Clari,
476 2392 523 2464 qui
538 2402 565 2448 et
581 2393 727 2451 consilium
739 2395 901 2467 achitophel
950 2394 1046 2465 etipse
1061 2399 1188 2455 oraverat
1205 2406 1255 2463 pro
1270 2400 1377 2459 octavo,
1394 2406 1444 2460 pro
1459 2391 1503 2447 die
1516 2391 1641 2448 uidelicet
1652 2407 1745 2448 resur·

95 2477 260 2545 infatuavit,
286 2489 315 2537 et
340 2481 391 2553 ipsi
415 2481 502 2539 haam
520 2494 626 2543 secreto
640 2486 790 2555 mandarit,
815 2496 846 2544 ut
869 2487 902 2544 de
950 2483 1092 2551 rectionis,
1105 2498 1140 2540 ns
1158 2481 1275 2543 homino
1304 2496 1386 2552 quom
1412 2491 1557 2553 negaverat
1573 2492 1743 2553 resurgente,

96 2568 307 2639 animantius
320 2569 436 2642 sugeret,
451 2580 479 2628 et
502 2588 533 2631 se
554 2589 675 2647 suosque
686 2586 818 2633 servaret.
847 2578 902 2635 Pro
951 2579 1011 2650 ipse
1023 2577 1058 2637 de
1070 2575 1215 2647 negatione
1226 2589 1276 2630 soa
1287 2576 1481 2646 corriperetur,
1496 2583 1523 2632 ct
1540 2583 1702 2647 argueretur
1716 2575 1743 2631 iu

96 2660 189 2717 verua
214 2661 297 2734 hujus
318 2661 412 2732 Cissi,
427 2666 726 2737 quihusetconsilium
740 2669 902 2742 Achitophel
951 2668 1046 2725 lurore
1059 2675 1106 2725 aut
1122 2668 1173 2723 ira.
1204 2664 1297 2737 Usque
1309 2666 1380 2722 adeo
1404 2681 1468 2722 raro
1486 2675 1612 2738 suscepta
1622 2676 1664 2722 est
1684 2667 1745 2739 ejus

96 2750 261 2822 inlatuarit,
275 2762 303 2811 ιι
315 2770 377 2826 qum
388 2758 445 2829 regi
456 2758 544 2813 Dnrid
556 2760 705 2830 nrarrdarit,
718 2770 816 2833 putant
828 2764 903 2821 hunc
951 2759 1123 2833 paenitenda,
1137 2769 1167 2815 ut
1177 2759 1274 2830 angelo
1290 2756 1499 2815 resurrectionis
1511 2766 1579 2813 tcetc
1593 2758 1668 2812 illum
1683 2773 1744 2828 spe·

96 2845 242 2918 malornm
261 2849 456 2906 cantanduma
471 2850 568 2920 haria,
584 2853 637 2910 suh
648 2854 739 2911 altiori
754 2864 845 2912 tamen
863 2856 903 2912 in·
951 2852 1057 2911 cialiter
1080 2851 1250 2919 nominante,
1268 2865 1301 2906 ac
1315 2848 1434 2906 homino
1450 2848 1490 2905 ilii
1504 2849 1680 2923 singulariter
1696 2864 1743 2920 ap·

98 2941 215 2999 tellcetu
236 2941 410 3015 assignantes
425 2942 459 3000 ad
480 2943 651 3017 allegoriam,
675 2962 737 3018 qne
750 2946 823 3005 dicta
837 2956 903 3005 sunt
952 2952 1076 3018 parente,
1094 2942 1121 3000 id
1139 2942 1237 3006 estdle
1253 2949 1363 3009 octaua,
1382 2940 1409 2995 in
1430 2940 1474 2997 die
1488 2939 1642 3010 homiuica,
1653 2939 1745 2995 omnis

98 3035 257 3092 matun
270 3035 425 3091 historiam.
914 3038 1063 3132 ctristitirr
1076 3036 1137 3108 ejus
1160 3036 1188 3091 iu
1212 3033 1334 3091 laetitiam
1352 3031 1435 3089 luerit
1451 3047 1596 3099 conversa,
1619 3031 1692 3103 quud
1718 3041 1745 3087 et

129 3126 898 3200 Chusieniminterpretatursiierrtiarrr;Jemiui,dearerm
952 3128 1058 3187 ‹mteris
1082 3126 1213 3199 apostolis
1238 3124 1365 3197 contigit,
1386 3124 1490 3196 quihus
1504 3124 1563 3195 ipse
1575 3122 1703 3180 Christus
1717 3123 1744 3178 in

100 3218 633 3292 Archirophcl,minasrurrimhhsalon,
645 3226 802 3294 patrispus.
815 3224 900 3297 igitur
950 3235 1030 3279 corna
1050 3234 1101 3276 sua
1114 3218 1243 3278 dixerat:
1266 3235 1276 3268 ι
1289 3215 1408 3292 Mundus
1424 3237 1433 3269 r
1451 3211 1562 3288 quidem
1582 3234 1592 3269 ι
1606 3215 1743 3290 gaudehit,

99 3319 135 3368 ιιι
146 3312 296 3383 mysticum
310 3325 424 3369 sensum
434 3327 584 3385 parumper
598 3324 755 3386 tangamus,
767 3315 897 3385 theron,
950 3324 1096 3371 vosautem
1102 3307 1514 3386 contristalrimini,sedtristitia
1526 3317 1614 3364 restra
1627 3315 1746 3363 certetur

98 3404 179 3476 quod
200 3404 395 3474 interpretatur
413 3406 501 3476 patris
524 3422 588 3478 pax,
614 3406 747 3476 Ahsalon,
775 3409 898 3480 inquam,
948 3405 1122 3479 ingaudium
1135 3402 1227 3476 (ioca.
1239 3418 1296 3471 arr,
1308 3399 1366 3473 to).
1383 3422 1392 3454 r
1413 3400 1497 3459 Churi
1508 3409 1611 3467 autem,
1624 3400 1683 3458 sive
1694 3399 1746 3457 Pe-

99 3496 220 3556 theses
233 3495 321 3552 hostis
341 3496 369 3551 in
394 3497 526 3570 mysterio
549 3507 591 3556 est
611 3497 696 3557 iudas
719 3502 859 3570 apostolus
873 3510 900 3556 et
950 3509 1010 3555 trus
1023 3497 1175 3570 apostolus,
1190 3495 1249 3554 sive
1262 3492 1745 3567 totusapostolorumcoetnsintclli-

98 3588 242 3657 diabolus,
257 3588 327 3647 laisa
339 3587 429 3647 Patris
441 3598 469 3646 et
481 3589 603 3663 llagistri
616 3607 679 3664 pax,
695 3609 777 3665 quem
792 3593 898 3661 osculo,
950 3598 1041 3663 gutur,
1054 3598 1086 3646 ut
1102 3588 1273 3660 assignatum
1288 3594 1340 3655 est,
1354 3586 1422 3643 hene
1435 3586 1537 3643 dicitur
1549 3585 1623 3642 lilius
1635 3582 1744 3652 demini,

99 3681 183 3754 pacis
193 3680 283 3754 signo,
295 3681 415 3751 tradidit,
432 3681 459 3737 in
470 3697 551 3754 quem
565 3681 682 3740 Satanas
692 3684 825 3752 introivit,
836 3701 900 3741 cum
950 3683 979 3740 id
992 3690 1036 3739 est
1051 3680 1123 3738 lilius
1135 3681 1265 3746 dexterae,
1281 3695 1326 3747 ne,
1350 3688 1461 3751 propter
1489 3678 1581 3749 lugam
1609 3685 1637 3733 et
1660 3676 1745 3731 silen-

100 3782 179 3832 esset
192 3788 266 3830 unus
282 3773 317 3831 de
334 3773 492 3843 duodecim,
507 3775 579 3832 sicut
594 3775 666 3832 idem
681 3773 798 3832 Satanas
813 3777 900 3849 agita·
951 3774 1020 3832 tium
1041 3774 1069 3830 in
1091 3772 1220 3844 passione
1243 3780 1373 3842 putentur
1397 3771 1431 3826 ad
1456 3771 1595 3836 sinistram
1625 3765 1747 3839 deputati

103 3863 146 3921 vit
163 3863 330 3922 theutonem
353 3874 449 3921 contra
464 3875 580 3938 patrem,
602 3882 664 3923 cum
680 3878 753 3924 essct
767 3868 836 3939 patri
859 3868 901 3923 di·
951 3884 1024 3924 esse.

101 3958 204 4014 herus.
218 3955 339 4013 Proinde
359 3964 388 4013 ot
407 3972 489 4029 poena
513 3958 599 4029 ipsius
611 3958 725 4030 justitie
749 3969 899 4017 amatorem
988 3959 1183 4018 Verumtamen
1196 3961 1262 4033 quia
1274 3960 1326 4016 istc
1343 3955 1436 4022 Chusi,
1450 3955 1522 4010 tilius
1532 3952 1632 4009 lernirri
1647 3952 1746 4008 dicitur

102 4047 224 4113 tumtum
244 4049 372 4117 deiectat,
386 4049 451 4121 quia
463 4049 569 4121 iudicio
586 4048 634 4106 liei
657 4058 748 4106 mente
760 4058 901 4120 captasse
952 4053 980 4108 in
995 4052 1086 4120 titnio,
1101 4060 1127 4107 et
1143 4049 1237 4119 Clausi,
1253 4050 1355 4121 dequo
1369 4048 1396 4103 in
1411 4046 1526 4104 historia
1549 4042 1653 4116 Regum
1680 4043 1747 4115 legi·

102 4142 259 4215 suspendit,
274 4143 302 4199 in
318 4158 374 4215 qao
388 4158 443 4199 non
453 4143 509 4213 jam
524 4142 645 4215 mysterii
660 4142 837 4213 protundum,
853 4142 901 4218 sed
951 4153 1006 4210 tur,
1020 4143 1094 4199 lilius
1105 4142 1218 4209 Arachi,
1233 4157 1287 4198 norr
1303 4139 1375 4198 llius
1387 4136 1487 4194 demini
1498 4136 1664 4209 appellatur:
1682 4138 1746 4191 hea-

104 4235 166 4306 ipsa
177 4233 217 4290 rei
227 4243 311 4305 geste
333 4234 493 4305 sumrlicies
505 4232 604 4290 iudam
615 4243 642 4290 ιι
653 4233 809 4291 hhsalonin
820 4243 901 4306 poertn
952 4245 997 4292 tus
1010 4233 1202 4307 Hieronymus,
1224 4233 1268 4289 cni
1281 4231 1418 4289 consentit
1428 4228 1581 4303 Remigius,
1596 4228 1682 4301 magis
1701 4243 1746 4288 as-

103 4326 277 4386 dsruonstrat
290 4335 353 4383 esse
368 4326 479 4398 pariles.
497 4324 565 4383 Nam
579 4335 607 4383 et
620 4328 672 4384 iste
683 4328 806 4399 pendens
818 4341 902 4398 quer·
952 4328 1018 4385 serit
1038 4327 1111 4383 hunc
1129 4326 1266 4397 psalmum
1286 4322 1480 4395 praetitulatum
1503 4321 1614 4378 nomine
1633 4320 1747 4378 alterius

104 4434 153 4486 cu,
164 4417 239 4475 mula
266 4420 311 4476 cui
329 4419 442 4476 sedehat
469 4428 688 4491 pertranseunte,
714 4421 840 4476 desertos
859 4420 901 4475 di·
917 4417 939 4472 ll
954 4418 1047 4489 Clusi,
1058 4417 1106 4490 qui
1117 4418 1151 4474 de
1162 4417 1236 4473 trihu
1252 4415 1395 4489 Beniamin
1408 4413 1493 4474 luisse
1508 4413 1684 4486 intelligatur.
1701 4413 1747 4470 llit

102 4525 176 4583 guas
190 4511 315 4583 protinus
328 4510 453 4582 sagitas,
470 4510 497 4567 id
509 4520 551 4568 est
562 4520 671 4567 aeternae
684 4513 783 4568 mortis
793 4520 901 4569 senten·
951 4511 1025 4567 enim
1046 4510 1106 4582 ipse
1133 4510 1229 4566 heatus
1251 4506 1435 4580 Hieronymus
1451 4504 1601 4576 :Plerique
1617 4504 1746 4562 cruditis·

104 4603 161 4658 tias
180 4602 209 4658 in
224 4603 319 4659 anima
333 4603 463 4674 suscepit.
483 4602 518 4659 th
540 4619 575 4660 ne
591 4619 687 4674 parurn
714 4612 804 4677 putes,
829 4605 903 4677 quod
952 4601 1344 4660 simiririarhitranturlrunc
1355 4599 1640 4672 psalmumruncesse
1652 4606 1747 4656 canta·

106 4711 182 4752 utras
196 4695 315 4758 Ahsalon
328 4698 410 4754 unius
422 4696 499 4753 indm
514 4695 631 4753 lormam
644 4698 804 4768 praetulerit,
820 4698 903 4756 alchi·
952 4708 1023 4765 tum,
1033 4694 1145 4767 quando
1161 4692 1243 4756 Clusi
1258 4693 1331 4749 lilius
1345 4688 1456 4757 hrachi,
1470 4690 1577 4746 amicus
1586 4687 1682 4745 David.
1698 4690 1748 4746 de-

105 4786 201 4862 tuphei
211 4801 324 4858 quoque
334 4787 509 4844 consiliarius
522 4788 583 4859 ejus
597 4803 649 4844 suo
661 4788 811 4859 suspendio
833 4789 904 4846 inte·
953 4788 1054 4845 struxit
1065 4786 1212 4843 consilium
1227 4775 1400 4854 hchitophel,
1411 4783 1482 4840 etad
1493 4796 1556 4838 eum
1570 4782 1681 4838 nuntios
1693 4782 1747 4837 mi-

105 4877 166 4946 riit,
189 4878 237 4950 qui
257 4878 410 4935 secundum
430 4879 472 4935 sui
492 4878 613 4936 nominis
640 4881 833 4951 proprietatem
851 4880 905 4935 ira·
953 4880 1193 4951 sit,utdeeremo
1207 4878 1322 4950 lugeret.
1349 4874 1607 4934 lerumsciendum
1630 4883 1673 4932 cst
1699 4890 1748 4934 eos

106 4975 159 5032 tris
180 4974 301 5044 ruinam,
323 4973 351 5032 id
373 4982 418 5031 est
443 4982 559 5032 mortem
586 4973 673 5030 Dauid
702 4974 848 5032 meditatus
875 4974 902 5031 in
953 4976 1074 5050 graviter
1097 4990 1200 5032 errare.
1224 4971 1358 5040 Primum,
1384 4967 1460 5044 quod
1483 4982 1583 5025 nomen
1607 4966 1690 5024 Chatti
1710 4967 1748 5023 ihi

106 5078 194 5134 praru
221 5063 349 5132 consilio,
377 5063 529 5124 infatuatus
563 5071 616 5134 est,
648 5065 767 5122 consilio
797 5066 903 5122 salubri
954 5067 1088 5140 scriptum
1102 5073 1145 5123 est
1159 5080 1208 5137 per
1221 5063 1348 5132 Sanam,
1362 5062 1408 5119 hic
1425 5076 1475 5134 per
1490 5059 1550 5116 Sin.
1560 5058 1664 5117 Deinde
1674 5058 1748 5130 quod

105 5154 201 5211 Cissi.
426 5209 429 5216 ,
955 5161 1000 5217 illc
1014 5159 1088 5217 iilius
1099 5158 1199 5216 sirachi
1209 5158 1319 5226 dicitur,
1334 5157 1380 5218 hic
1392 5155 1466 5214 lilius
1477 5152 1587 5210 leraiai.
1612 5152 1748 5209 praterea

143 5248 229 5307 Ctesi
246 5260 348 5321 autom,
363 5254 438 5326 quad
459 5253 654 5326 interpretatur
671 5254 823 5323 silentium,
848 5264 902 5312 tam
955 5251 1053 5320 hacid,
1070 5250 1120 5323 qui
1142 5258 1307 5324 preceperat
1327 5247 1409 5318 loah,
1419 5258 1445 5308 et
1461 5246 1567 5305 caeteris
1577 5242 1693 5301 ducibus
1706 5239 1749 5294 sli-

106 5343 221 5400 nuntiae
241 5361 324 5418 quam
345 5346 457 5403 lacto
445 5347 580 5418 significat
600 5347 755 5419 apostolum
779 5346 902 5404 Petrum
956 5360 1041 5404 cens:
1057 5339 1482 5415 ‹Parcitepuerohhsalonlll
1496 5338 1559 5410 lieg.
1576 5351 1654 5403 arnt,
1669 5333 1747 5403 liis

106 5431 275 5496 Sicutenim
291 5431 437 5524 ilieCdtusi
451 5440 572 5497 exterius
586 5440 703 5496 adhaesit
722 5440 863 5508 llhsaloni,
878 5448 906 5497 ιι
956 5454 1099 5509 nunquam
1109 5436 1144 5496 de
1160 5444 1248 5496 morte
1261 5435 1309 5496 hin
1321 5434 1499 5507 loqueretur
1492 5442 1529 5488 ιιι
1544 5430 1663 5487 dicens:
1679 5425 1750 5482 Corr-

250 5554 396 5587 ι
405 5529 520 5602 hrum,
542 5534 623 5605 cuius
647 5544 739 5591 tannen
767 5534 796 5590 in
822 5535 905 5591 cordo
956 5530 1163 5604 cepitdolorem,
1175 5526 1503 5600 grprpmtiniqurtotem
1519 5519 1749 5592 Laclmsslmm‘

284 5620 296 5669 '·
354 5615 437 5699 Ῐ“ιι
450 5623 754 5695 sisapostolusPctrus
768 5628 903 5683 malorum
956 5627 1083 5696 elegatur
1096 5640 1167 5690 eum,
1181 5621 1362 5677 etrrrrrdrtrn
1384 5621 1496 5690 foueam,
1511 5632 1591 5692 quam
1609 5615 1682 5688 (ecit,
1696 5628 1751 5666 ma·

108 5707 237 5772 societaii
249 5713 286 5775 tttl
309 5680 382 5773 »5¹3⁵«
392 5707 399 5722 '
409 5707 573 5791 'conjunctus
584 5717 724 5778 Christum
740 5737 833 5777 rerum
850 5720 904 5777 Dr·
959 5720 1032 5775 rime
1046 5717 1093 5787 qni
1108 5726 1194 5770 morte
1206 5711 1265 5784 rjus
1280 5710 1370 5766 audita
1388 5709 1495 5781 eiulans
1509 5708 1637 5766 clamarit
1653 5726 1659 5761 :
1679 5700 1751 5759 «lili
