3817 6000
199 185 266 243 titt

673 174 827 236 uultuotll
845 175 1042 235 Pumeostrt
1060 176 1337 238 uutcuuttsuuttu.

1762 187 1824 245 lii!

198 300 227 356 in
240 300 296 357 alto
310 312 392 368 supra
408 304 513 368 petram
528 303 605 352 stans
616 294 730 351 omnino
744 310 841 351 secura
855 304 907 361 est,
927 308 983 350 non
998 300 1021 357 Α
1035 295 1087 350 sub
1101 294 1152 351 alls
1166 295 1264 352 divinae
1274 296 1453 368 protectionis
1476 296 1585 354 delendi
1599 308 1650 354 aut
1671 298 1775 367 laseri,
1787 312 1822 357 at

197 394 286 452 solum
299 392 333 447 ab
352 392 464 447 incursu
479 390 593 456 inimici,
609 388 752 445 sedetiam
770 388 870 458 atacis
891 387 984 441 inimi·

198 488 225 541 ci
238 499 325 556 usque
338 483 419 549 adeo,
431 492 461 538 ut
479 482 560 537 etiam
575 479 661 553 fugiat
676 479 805 535 iuimicus
816 495 832 533 a
845 477 915 534 iacie
927 487 984 532 tur·

198 578 238 636 ris
248 577 340 649 hujus,
356 576 409 632 tale
419 574 487 646 quid
504 574 598 630 dicens
618 590 624 628 :
654 570 829 644 ‹Fugiamus
844 569 984 635 lsraelem,

199 669 332 725 Dominus
354 667 426 724 enim
452 675 618 738 pugnatpro
637 667 679 721 eis
701 675 797 720 contra
818 680 869 720 nas
883 663 983 737 (ucat.

198 776 255 828 xrs,
273 761 331 832 at).
353 780 362 814 r
376 758 470 831 Neque
483 758 555 814 enim
569 757 734 814 suffossione
747 756 807 813 laedi
819 764 909 831 potest
923 756 983 812 iun·

167 840 174 868 ²
198 855 356 911 dementum
383 852 444 923 ejus
459 852 487 905 in
506 858 582 922 petra
605 850 739 918 excisum,
756 864 806 905 nee
830 849 985 906 transcendi

197 956 289 1020 potest
299 946 444 1003 editicium
456 943 594 1015 adjutorio
606 941 738 999 ditissimi
751 941 884 998 altissime
894 941 986 998 suble·

198 1050 302 1108 uatum,
324 1048 351 1095 ει
371 1037 452 1093 niaris
475 1036 635 1101 exaltatum,
653 1035 691 1090 ita
716 1044 745 1090 ut
765 1035 802 1091 sit
823 1034 906 1090 turris
928 1044 985 1090 tam

198 1136 341 1191 immensae
361 1129 525 1198 altitudinis,
549 1145 632 1202 qnam
648 1129 789 1186 immensae
805 1128 985 1197 lentitudinis,

198 1227 298 1297 qnippe
310 1223 390 1296 cujus
400 1222 531 1279 tortitudo
543 1230 571 1278 et
580 1220 696 1277 altitudo
710 1231 752 1276 est
763 1220 821 1292 ipse
834 1219 916 1277 Deus.
930 1219 987 1276 lle·

197 1318 251 1373 rito
265 1331 329 1387 erga
347 1314 458 1386 diligam
471 1322 507 1378 te,
521 1312 647 1378 Domine,
663 1310 796 1367 tortitudo
808 1327 879 1379 mea,
895 1312 988 1367 llrma·

197 1417 319 1466 ruentum
338 1423 441 1473 meum,
459 1405 596 1477 refugium
614 1419 717 1472 meum,
732 1404 815 1460 turris
836 1419 906 1472 mea,
929 1414 988 1458 tur·

197 1502 236 1556 ria
253 1500 418 1572 tortitudinis
431 1499 552 1569 undique
571 1506 631 1555 tuta
642 1512 697 1552 non
711 1497 800 1553 solam
822 1496 856 1553 ab
868 1496 985 1563 assultu,

1036 400 1089 457 que
1103 385 1164 439 ideo
1174 387 1297 456 exposita
1308 397 1350 443 est
1362 388 1483 445 miseriis
1500 389 1642 456 omnibus,
1655 399 1687 445 ct
1703 400 1762 445 tam
1777 392 1824 447 ds

1035 494 1147 532 monum
1160 495 1243 550 quam
1255 478 1441 537 llomanomm
1453 483 1570 540 lacerata
1588 492 1631 540 est
1646 484 1793 556 unguibus
1803 496 1826 541 et

1036 569 1202 623 comminata
1216 568 1354 638 dentibus,
1368 570 1439 627 sicut
1450 572 1475 628 ci
1487 588 1535 642 per
1555 572 1668 646 lloyscu
1693 572 1826 633 marinus

1036 658 1126 715 luerat
1139 661 1322 717 comminatus
1334 661 1428 718 dicens
1444 679 1451 716 ε
1468 682 1478 715 c
1496 663 1596 720 Dentes
1607 665 1767 721 bestiarum
1782 667 1827 722 in·

1035 753 1141 809 mittam
1164 755 1191 809 in
1211 769 1260 810 eos
1274 770 1336 810 cunt
1358 752 1452 812 lurore
1474 756 1642 813 trahentium
1664 773 1755 829 super
1776 768 1825 814 ter·

1036 860 1095 901 ram
1108 854 1190 915 atque
1203 847 1382 916 serpentium.
1404 846 1483 905 Foris
1503 849 1621 905 vastabit
1637 865 1690 907 eos
1711 852 1825 922 gladius,

1035 946 1064 992 et
1077 937 1151 993 intus
1173 952 1258 1008 paror
1273 937 1364 1010 (Dect.
1381 956 1469 1008 xxxin,
1480 940 1526 1009 11,
1537 941 1596 1011 25).
1620 961 1630 994 s
1652 943 1692 997 Δι
1707 958 1763 1015 ego
1781 943 1827 1002 lic

1036 1030 1119 1086 clesia
1140 1031 1174 1086 de
1193 1031 1319 1102 gentibus
1329 1032 1357 1086 iu
1369 1033 1514 1088 uelamento
1526 1034 1634 1091 alarum
1646 1045 1762 1090 turcus
1771 1052 1828 1107 pra·

1037 1134 1120 1194 tegar,
1134 1137 1189 1178 non
1205 1123 1294 1179 salum
1310 1133 1340 1179 ut
1353 1125 1420 1179 nihil
1435 1125 1528 1181 damni
1539 1127 1639 1197 patiar,
1657 1129 1712 1183 sed
1722 1138 1751 1182 ει
1763 1129 1828 1183 mal-

1037 1223 1096 1272 tum
1114 1215 1183 1271 lucri
1196 1216 1309 1272 accedat
1320 1217 1389 1272 mihi
1404 1234 1437 1273 ex
1450 1219 1596 1276 occasione
1608 1221 1828 1278 tentationunct

1037 1308 1243 1365 tribulationum
1257 1309 1378 1366 subulas
1391 1320 1454 1366 tuas
1469 1310 1562 1384 lugere
1574 1322 1660 1384 atque
1672 1313 1713 1367 ibi
1721 1313 1827 1369 latitare

1036 1401 1220 1473 precibusque
1238 1402 1357 1460 assiduis
1369 1405 1591 1475 marepallorum
1607 1405 1737 1462 clamare
1760 1421 1829 1462 cc·-

1035 1493 1206 1562 pellentrum.
1221 1493 1258 1550 lbi
1275 1512 1285 1546 r
1309 1496 1483 1568 sicutpullus
1500 1496 1656 1554 hirundinis
1678 1497 1723 1555 sic
1735 1499 1822 1554 clama

198 1595 339 1654 sedetiam
357 1593 455 1663 afacr'c
470 1592 583 1647 inimici.
603 1591 718 1659 Quaado
734 1590 760 1645 in
783 1590 836 1647 hac
854 1598 929 1646 turre
949 1590 987 1645 al·
1037 1584 1083 1653 bo,
1102 1586 1256 1641 meditabor
1271 1596 1301 1642 at
1325 1588 1452 1644 columba
1465 1587 1536 1659 (lca.
1560 1606 1683 1657 rxrrru,
1697 1591 1747 1661 11)
1767 1607 1830 1662 sgr·

198 1689 303 1746 asstma
320 1687 438 1758 quisque
451 1686 538 1742 uaeris
551 1684 665 1748 nantas,
682 1683 727 1740 nte
744 1683 910 1742 statutarum
924 1698 985 1740 cre-
1001 1652 1165 1733 incrassa.

197 1782 245 1837 dat
264 1797 299 1834 :r
324 1776 385 1833 Non
408 1776 518 1832 timebis
539 1775 668 1831 atinrore
685 1783 831 1839 nocturno,
852 1789 868 1829 a
888 1773 986 1845 sagitta
1072 1768 1228 1842 Diapsalma
1250 1771 1296 1828 hic
1317 1772 1511 1846 interponitur,
1523 1789 1573 1845 pro
1592 1788 1650 1846 quo
1673 1775 1703 1829 in
1717 1772 1829 1830 llebm

197 1873 306 1928 volante
318 1885 367 1941 per·
379 1868 461 1936 diem,
477 1867 613 1939 anegutio
632 1866 840 1938 perambulante
854 1865 881 1921 in
909 1874 985 1922 tene-
1037 1863 1136 1937 legitur
1145 1880 1256 1935 temper,
1270 1865 1335 1935 quia
1351 1867 1398 1938 qni
1414 1867 1499 1923 semel
1518 1867 1682 1938 gustaverit,
1697 1882 1787 1936 quam
1799 1866 1830 1920 sit

196 1964 267 2033 bris,
284 1963 322 2019 ab
332 1964 443 2020 incursu
459 1970 486 2017 ct
504 1959 639 2017 damonia
660 1959 813 2016 meridiano
834 1959 921 2032 (Pral.
942 1976 987 2027 na,
1037 1957 1139 2014 bonum
1153 1967 1181 2013 et
1195 1973 1280 2013 suave
1292 1959 1397 2031 protegi
1411 1959 1463 2014 sub
1478 1959 1631 2014 uelamento
1645 1960 1762 2014 alarum
1776 1957 1829 2023 Dei,

197 2057 226 2124 t,
236 2055 275 2128 6).
292 2074 302 2108 r
318 2053 369 2111 llic
381 2054 463 2111 etiam
480 2054 507 2108 in
527 2053 634 2109 laudem
648 2053 692 2111 sui
703 2052 866 2124 protectoris
886 2052 987 2107 decan·
1036 2059 1134 2118 scrupea
1172 2048 1309 2105 desiderat
1343 2049 1503 2120 hujusmodi
1535 2049 1726 2105 uelamentum
1762 2052 1830 2105 inter

196 2159 257 2205 tare
277 2154 367 2219 potest
392 2162 399 2200 ε
427 2144 493 2201 Cum
521 2147 677 2201 anxiaretur
696 2160 849 2214 cormeum,
863 2144 892 2199 iu
911 2154 987 2215 petra
1036 2149 1120 2203 :estus
1134 2141 1353 2203 tribulationum.
1369 2143 1427 2199 Sub
1444 2159 1501 2215 quo
1516 2144 1671 2201 uelamento
1695 2153 1830 2216 preesset

192 2237 324 2294 exaltasti
337 2253 387 2293 mc.
398 2233 542 2291 Deduaiati
558 2251 610 2303 rue,
625 2235 689 2307 quia
706 2234 794 2304 factus
807 2251 834 2290 cr
846 2251 904 2306 apes
917 2250 985 2302 mea,
1037 2232 1133 2295 laudes
1144 2233 1296 2301 assiduare,
1319 2235 1362 2292 uel
1377 2237 1539 2292 continuare
1562 2237 1643 2292 dulce
1666 2237 1755 2293 habet
1776 2253 1830 2291 noa

197 2328 280 2383 tamir
303 2327 470 2399 tortitudinis
493 2327 594 2397 atcctc
617 2327 731 2395 inimici,
755 2327 887 2399 quoniam
902 2327 987 2384 lactes
1035 2322 1108 2385 tatso
1120 2324 1234 2380 edoctus
1249 2327 1449 2395 experimento,
1470 2328 1543 2398 quod
1557 2327 1645 2382 sicud
1662 2327 1755 2384 Βειιω
1769 2343 1830 2398 pro

194 2418 302 2477 inimici
325 2417 454 2475 lormidat
474 2416 573 2475 faciem
590 2419 673 2490 hujus
694 2418 778 2475 turris
802 2417 911 2484 Libani,
926 2434 988 2490 quac
1037 2423 1169 2489 tectorem
1187 2431 1268 2473 suum
1283 2417 1414 2474 clamaml
1430 2419 1530 2488 patnlae
1543 2429 1705 2475 suntaurcs
1719 2420 1831 2476 disint-

198 2510 312 2583 respicit
326 2518 420 2567 contra
437 2509 611 2576 Damascum,
626 2523 733 2581 suoque
757 2519 883 2587 respectu
910 2510 988 2583 lugat
1037 2505 1115 2575 Quod
1134 2507 1161 2563 in
1178 2508 1272 2566 multis
1285 2520 1395 2580 experta
1413 2525 1464 2582 ego
1477 2511 1598 2566 Ecclesia
1619 2511 1662 2567 rel
1678 2514 1830 2585 cgoccde

196 2602 341 2659 inimicum
353 2601 431 2673 iuxta
456 2601 523 2657 illud
542 2617 549 2652 ε
569 2619 579 2653 c
599 2598 734 2673 Exsurget
751 2598 835 2669 Deus,
857 2609 884 2657 et
905 2600 987 2658 dissi·
1033 2598 1277 2670 siasticapersona
1290 2608 1316 2656 te
1328 2598 1415 2656 Deum
1431 2611 1612 2672 protectorem
1633 2611 1661 2657 et
1685 2604 1830 2660 exaudito·

196 2702 295 2766 peutur
318 2693 421 2749 inimici
446 2693 516 2764 ejus,
537 2700 564 2748 et
577 2691 693 2765 lugiunt,
720 2692 767 2766 qui
789 2691 907 2753 oderunt
922 2709 985 2748 eum
1037 2706 1096 2747 rem
1111 2691 1382 2764 mcumgloriilcabo.

193 2785 368 2856 alacieeJus
385 2784 473 2857 (Paci.
489 2801 574 2850 usust,
593 2783 664 2852 1).»
1072 2780 1158 2841 Vens.
1185 2782 1212 2839 6.
1233 2780 1367 2849 Quoniam
1396 2785 1531 2840 exaudisti
1559 2786 1707 2840 oraticnem
1730 2803 1831 2842 maan.

231 2874 260 2931 lu
285 2873 399 2932 llcbraeo
422 2875 520 2945 legitur
537 2894 544 2929 ε
561 2873 650 2930 Fuisti
670 2890 727 2945 spes
742 2891 811 2944 mea,
824 2877 904 2931 turris
928 2892 986 2930 mu·
1036 2869 1115 2937 Quod
1128 2871 1157 2928 in
1170 2871 1267 2928 ellectu
1280 2881 1364 2942 patet,
1375 2874 1440 2944 quia
1451 2874 1548 2929 dedisti
1563 2875 1830 2945 haereditatum·

195 2967 329 3025 uilissima
343 2984 360 3023 u
380 2967 449 3039 {acic
468 2967 579 3023 inimici.
597 2964 665 3024 Vere
684 2968 765 3024 turris
778 2977 820 3026 est
840 2969 986 3024 munitissi·
998 3011 1020 3069 c
1036 2963 1259 3037 quibuscunque,
1272 2964 1320 3021 sed
1333 2967 1483 3022 timentibus
1497 2976 1753 3041 nomentanum
1767 2973 1829 3042 qui·

196 3079 252 3130 mc,
267 3077 329 3134 quat
341 3059 475 3117 aediticata
499 3068 619 3117 osteum
633 3060 845 3136 propugnaculis
862 3076 911 3133 per
930 3078 986 3134 mp-
1036 3058 1175 3115 busoraui
1188 3068 1215 3116 et
1235 3075 1295 3116 uro.
1316 3059 1430 3128 Dedisti,
1449 3062 1523 3128 dico,
1545 3063 1830 3136 praeteritotaeapore,

196 3155 312 3212 sterium
328 3153 477 3210 Dominicae
491 3154 859 3220 incarnationis,aeditteantc
871 3154 923 3211 sibi
934 3154 986 3211 do-
1036 3151 1078 3207 vel
1089 3152 1155 3222 quia
1168 3160 1256 3222 coepta
1267 3160 1310 3208 est
1324 3152 1352 3208 in
1364 3154 1529 3224 quibusdam
1543 3153 1657 3210 donatio
1671 3154 1760 3226 hujus
1776 3155 1832 3211 ht·

195 3258 273 3299 marn
293 3242 351 3300 siue
376 3243 474 3299 turrim
490 3244 625 3315 sapientia
640 3251 752 3312 aeterna,
774 3244 874 3316 inqua
899 3244 986 3300 multa
1035 3241 1169 3308 ruditatis,
1183 3244 1225 3298 sel
1247 3243 1313 3313 quia
1330 3244 1482 3300 certissime
1500 3243 1594 3300 latura
1614 3254 1643 3302 et
1661 3246 1830 3317 pandenda

197 3344 263 3391 sunt
281 3336 497 3407 propugnacula,
518 3345 545 3392 et
560 3335 634 3391 mille
648 3336 734 3409 clypei
754 3335 921 3406 pendentes
941 3352 983 3406 ea,
1034 3342 1079 3391 est
1092 3335 1144 3391 boc
1154 3336 1261 3402 ordine,
1277 3344 1308 3390 nt
1322 3336 1442 3408 primam
1458 3337 1614 3403 virtutibus,
1626 3346 1655 3394 et
1670 3338 1754 3394 bonis
1766 3353 1830 3394 mo-

197 3425 289 3484 omnis
319 3437 460 3483 armatura
483 3426 599 3483 lantum
624 3427 677 3499 ipsi
702 3427 845 3498 sapientire
865 3429 985 3485 militan-
1035 3429 1113 3486 ribus
1131 3429 1304 3486 illustrentur
1314 3431 1442 3488 timentes
1460 3441 1497 3498 te,
1509 3447 1542 3488 ac
1556 3432 1682 3488 deindca
1702 3432 1830 3488 claritate

197 3519 278 3587 Dum,
292 3525 320 3575 et
331 3520 359 3575 in
367 3519 543 3576 tabernaculo
552 3520 612 3591 ejus
626 3519 851 3588 inhabitantium,
860 3536 981 3593 quorum
1035 3522 1194 3578 meritorum
1216 3524 1328 3579 veniant
1348 3523 1382 3578 ad
1404 3523 1557 3579 claritatem
1575 3524 1755 3595 premiorum
1768 3535 1828 3581 taa-

197 3610 296 3668 castris
310 3620 338 3667 et
354 3625 405 3682 ego
415 3610 514 3667 sociari
525 3612 638 3683 cupiens
1033 3631 1118 3687 quam
1133 3631 1149 3671 a
1162 3623 1209 3673 tuo
1223 3617 1338 3687 bpiritu,
1352 3618 1483 3687 quoniam
1497 3627 1527 3674 tu

234 3702 317 3761 tras.
341 3704 368 3760 5.
389 3702 547 3758 inhabitato
570 3704 599 3760 iu
618 3703 788 3759 tabernaculo
809 3713 866 3770 tao,
892 3704 984 3770 Deus,
1070 3705 1152 3764 lans.
1174 3707 1200 3764 7.
1220 3708 1284 3764 Dica
1296 3725 1375 3781 super
1389 3709 1444 3765 dier
1455 3710 1524 3782 regis
1536 3710 1658 3781 adjicies,
1669 3727 1756 3766 uuor
1768 3711 1826 3783 rjus

197 3798 250 3864 uel,
266 3799 338 3855 sicut
353 3796 406 3853 alia
422 3795 565 3853 translatio
579 3795 662 3851 habet
687 3812 695 3848 z
720 3794 871 3867 lrrquiliuur
892 3810 938 3851 erc
956 3798 985 3851 iu
1033 3816 1115 3871 usque
1128 3801 1155 3854 iu
1169 3800 1239 3856 diem
1252 3801 1428 3873 generationis
1448 3811 1474 3857 et
1495 3803 1682 3875 generationis.
1710 3803 1775 3860 Dies
1786 3822 1826 3860 rs-

197 3887 368 3942 tabernacula
383 3897 427 3942 tuo
444 3888 473 3941 iu
494 3885 603 3942 saecuta.
618 3883 679 3941 Nan
698 3894 741 3942 est
757 3899 824 3957 ergo
842 3901 914 3941 uuus
932 3885 984 3940 lto·
1033 3892 1073 3961 gir
1085 3890 1198 3962 Christi,
1212 3892 1410 3965 solisjustitiae,
1432 3903 1505 3950 recte
1517 3894 1557 3950 illi
1577 3894 1719 3963 dicantur,
1729 3896 1777 3968 qui
1790 3896 1825 3952 de

196 3994 254 4043 mo,
271 3979 430 4050 quiclamat
442 3993 458 4033 a
470 3978 578 4047 finibus,
594 3979 660 4050 quia
673 3993 745 4034 uuus
757 3993 812 4033 iton
822 3987 912 4048 potest
922 3992 984 4034 esse
1034 3984 1178 4055 splendore
1188 3985 1274 4056 ipsius
1285 3985 1487 4044 formabuntur.
1503 3985 1572 4042 liam
1598 3998 1627 4044 et
1645 3988 1673 4044 ia
1696 3989 1825 4060 praesenti

196 4072 343 4144 inquilinus
357 4074 384 4127 in
399 4070 509 4142 recula,
522 4071 570 4128 sed
583 4086 638 4127 uua
650 4080 693 4128 est
701 4069 833 4139 Ecclesia,
847 4087 908 4143 quae
922 4071 984 4126 aliis
1033 4076 1208 4146 poenalitatis
1231 4086 1353 4150 tempore
1370 4080 1426 4136 dics
1441 4079 1510 4151 regis
1537 4078 1703 4147 formamur,
1722 4080 1826 4152 quibus

196 4163 401 4230 decedentibus,
423 4162 540 4234 aliisque
566 4162 776 4219 succedentibus
800 4178 887 4234 usque
905 4163 933 4218 iu
950 4165 984 4216 ii·
1033 4168 1094 4225 luce
1108 4169 1231 4227 veritatis
1256 4170 1382 4228 homines
1407 4170 1602 4239 informantur,
1617 4181 1646 4227 ct
1667 4172 1697 4227 ia
1731 4173 1825 4229 iatam

196 4272 259 4313 nem
274 4255 367 4314 saeculi
385 4255 492 4311 curretis
513 4253 621 4320 diebus,
635 4254 736 4325 quibus
755 4270 830 4311 nunc
854 4254 981 4321 militant,
1033 4261 1134 4317 saeculo
1149 4281 1159 4315 r
1176 4263 1235 4319 ates
1252 4260 1453 4328 formabuntur,
1478 4270 1507 4319 et
1521 4279 1602 4320 nemo
1616 4265 1643 4320 jn
1666 4264 1710 4320 eis
1733 4264 1825 4336 (put,

196 4349 225 4404 in
240 4347 416 4403 tabernaculo
430 4346 545 4410 habitat,
561 4354 617 4402 eta
638 4344 739 4401 linibus
751 4353 831 4402 terrae
850 4345 982 4403 adDe..m
999 4361 1165 4421 nexuum,
1180 4355 1224 4427 16)
1239 4374 1250 4408 s
1266 4355 1468 4413 informabitur.
1483 4376 1493 4409 c
1509 4356 1577 4429 Ego,
1593 4376 1603 4409 s
1617 4358 1716 4427 lnquit,
1734 4377 1745 4411 c
1764 4375 1825 4416 m

196 4441 306 4507 elmaat,
321 4438 415 4494 dloells
441 4456 449 4493 t
470 4436 631 4493 inhabitabo
652 4438 679 4491 t'u
703 4434 934 4493 tabernaculatuc
956 4440 985 4493 iu
1035 4449 1082 4504 lux
1097 4445 1291 4519 mundi(J⁰alt·
1306 4464 1366 4511 vsu,
1393 4448 1449 4519 12),
1476 4450 1613 4506 »iteum
1643 4448 1773 4516 Quamdiu
1797 4453 1824 4507 ἰι

194 4531 304 4588 aoecttlu.
319 4528 380 4588 Non
394 4529 555 4588 eradicabor
566 4545 614 4602 pel
627 4530 753 4587 aduersa.
770 4527 829 4586 Nou
847 4529 921 4587 euim
935 4547 985 4586 lta·
1034 4540 1138 4597 mundo
1152 4555 1225 4606 sum,
1253 4540 1300 4594 lux
1315 4555 1377 4598 sum
1401 4540 1496 4597 mundi
1520 4538 1611 4610 (Joatr.
1631 4556 1671 4608 ιι,
1703 4542 1742 4612 5).
1767 4541 1826 4596 ‚Et

196 4634 241 4680 tos
251 4638 328 4680 meos
342 4623 508 4700 colligerem,
524 4622 578 4680 nisi
593 4624 722 4695 usquein
736 4623 821 4679 linem
835 4623 927 4680 saecmi
938 4623 986 4679 ha·
1034 4632 1089 4700 his,
1104 4631 1151 4702 qut
1164 4646 1195 4688 sa
1214 4630 1276 4687 lnoe
1297 4629 1505 4687 illuminantur:
1524 4650 1534 4684 c
1550 4628 1628 4698 Ecce,
1649 4649 1659 4682 r
1684 4632 1734 4698 air,
1752 4655 1762 4686 ι
1777 4649 1827 4705 eg·

194 4717 313 4774 bitarem
328 4716 357 4771 in
372 4715 549 4772 tabernaculo
570 4725 626 4773 tuo.
644 4713 672 4771 ln
694 4732 750 4787 quo
773 4725 864 4772 umen
878 4715 984 4773 uiribus
1035 4722 1176 4780 uobiscum
1194 4737 1256 4779 sum
1269 4723 1398 4779 omatibus
1419 4722 1515 4780 diebus
1535 4738 1622 4795 usque
1645 4723 1679 4778 ad
1695 4738 1828 4782 cansam-

196 4810 266 4866 meis
281 4823 336 4864 trun
354 4806 488 4875 militabo,
500 4807 547 4865 sed
559 4818 682 4880 protegar
694 4808 729 4863 ab
748 4817 816 4866 aestu
840 4808 944 4874 saculi,
967 4825 984 4865 a
1032 4813 1182 4870 mationem
1189 4813 1281 4871 saeculi
1290 4813 1400 4884 (blattis.
1412 4829 1509 4881 rxrrtr,
1522 4813 1579 4884 20).
1593 4811 1660 4870 »Sic
1670 4813 1828 4872 formantur

195 4903 304 4960 lectore
320 4899 513 4965 tentationum,
533 4909 561 4955 et
572 4899 780 4957 tribulationum
797 4903 827 4955 iu
839 4901 983 4957 uctaauuta
1033 4904 1089 4959 dics
1101 4906 1170 4976 regia
1197 4920 1230 4962 ac
1241 4905 1307 4962 solis
1319 4904 1442 4977 justitiae,
1455 4905 1484 4961 in
1507 4907 1608 4977 quibus
1625 4906 1827 4964 amarlandus

195 4995 303 5050 alarum
323 5003 441 5049 tuarum.
461 4991 558 5048 Divina
578 4991 703 5049 deiratio
724 4992 983 5065 alisariumpullns
1033 5005 1075 5053 cst
1089 4997 1124 5053 ad
1136 4998 1195 5055 dies
1214 5010 1242 5055 et
1262 5015 1349 5056 arruns
1378 5007 1486 5056 memte
1500 5000 1571 5056 ritae.
1593 4998 1712 5056 Dudeet
1737 5001 1827 5057 dicit:

195 5096 306 5144 teneros
320 5095 368 5144 aut
385 5101 437 5143 ova
451 5101 500 5142 sua
520 5083 671 5142 locantium
698 5093 773 5143 reete
794 5096 980 5158 comparatur,
1036 5088 1205 5147 rhmbulate
1219 5091 1284 5147 duna
1296 5091 1384 5148 lucem
1396 5091 1513 5159 habetis,
1526 5100 1556 5148 ut
1565 5107 1620 5148 noa
1643 5093 1770 5150 ιεεεΙιιι
1780 5109 1829 5150 ras

195 5180 339 5251 quianon
365 5188 481 5236 onerant
499 5188 527 5235 et
548 5191 657 5232 omnem
685 5177 824 5235 lesionem
845 5189 982 5236 avertunt
1033 5184 1264 5254 comprehendant
1284 5181 1375 5257 (isar.
1394 5201 1444 5251 ru,
1466 5184 1553 5258 15).»
1583 5183 1692 5258 Siergo
1707 5188 1737 5243 ia
1767 5187 1830 5245 tu

195 5271 253 5332 liae
265 5273 444 5331 similitudine
466 5272 495 5328 in
515 5270 661 5345 Evangelio
684 5272 811 5329 Christus
831 5273 917 5329 utitur
940 5273 984 5328 di-
1033 5275 1206 5333 ambulamus
1220 5276 1325 5333 dierum
1339 5278 1422 5350 regis,
1444 5292 1515 5349 quos
1535 5278 1593 5348 ipse
1609 5293 1656 5333 rex
1682 5289 1713 5334 et
1726 5280 1774 5335 eol
1783 5280 1832 5352 j·-

194 5378 282 5424 oeus:
300 5361 482 5431 decusatum,
494 5361 657 5432 ierusalem,
673 5377 734 5434 qnae
745 5363 849 5419 occidis
862 5364 982 5435 propbe-
1033 5367 1115 5425 stitiae
1128 5369 1201 5426 nube
1214 5369 1388 5426 mortalitatis
1403 5370 1528 5427 obtectus
1551 5369 1674 5426 doctrim
1690 5382 1720 5428 et
1731 5387 1831 5429 esen·

194 5466 248 5522 tas,
259 5464 287 5511 et
302 5455 408 5526 lapidas
429 5470 487 5523 eos,
502 5456 550 5528 qai
565 5455 599 5510 ad
622 5465 648 5511 te
664 5455 741 5511 missi
762 5462 828 5510 sunt
849 5455 983 5525 :quoties
1032 5459 1085 5531 plis
1104 5460 1194 5518 claros
1207 5460 1281 5530 lecit,
1293 5462 1402 5533 adjiciet
1422 5462 1503 5520 nobis
1518 5462 1573 5518 dies
1596 5461 1742 5534 clariores,
1756 5481 1831 5544 qus

261 5546 455 5618 ’congregare
472 5547 543 5603 lllias
566 5555 629 5602 tuos
652 5546 704 5603 sub
725 5546 794 5612 alas,
822 5555 850 5603 ει
867 5546 981 5604 noluisti
1033 5550 1104 5607 idem
1118 5553 1205 5608 solet
1224 5568 1270 5609 rex
1290 5553 1404 5624 justitie
1426 5563 1518 5610 amota
1548 5554 1728 5614 mortalitatis
1754 5558 1833 5615 ube

299 5651 400 5707 amn,
419 5637 476 5709 tt).
497 5636 617 5694 »Noluit
636 5638 681 5695 illa
700 5647 806 5697 terrena
825 5637 978 5698 Jerusalem
1033 5642 1132 5701 format
1145 5644 1172 5699 iu
1188 5659 1295 5700 summa
1324 5644 1479 5703 Dit'initatis
1490 5646 1614 5704 claritate
1628 5649 1833 5720 seoeaiaeha,
