3817 6000
346 206 457 269 005

1305 205 1611 266 Genuum
1648 207 2042 266 PRAEpostrt
2085 209 2634 268 nmcussnspssnc.

3481 215 3588 272 001

345 331 469 390 Ιοεο
487 328 565 386 ait
588 326 849 394 Hilarius,
872 313 1166 383 ostendens
1199 327 1415 383 virtutis
1447 338 1502 383 et
1528 337 1736 384 naturae
1763 328 1919 385 simi-
1947 335 1993 390 A
2019 345 2179 401 qnam
2236 331 2461 386 mandas
2519 341 2675 399 esset,
2731 332 2871 400 apud
2936 343 2988 386 ιε
3048 330 3234 404 (fouit.
3301 331 3377 403 v).
3433 334 3591 403 Apud

343 421 629 480 litndincm
683 417 1171 484 indissociabilem,
1210 419 1483 490 praecipue
1527 419 1580 475 in
1641 417 1774 487 Deo,
1824 419 1918 475 ubi

339 514 489 572 sicut
525 512 643 582 ipse
669 510 767 578 ait,
808 527 828 561 ι
862 508 1166 565 similitudo
1190 509 1495 579 proprietas
1537 519 1641 576 est,
1668 511 1918 582 proprie-

343 621 429 666 tas
470 605 753 678 aequalitas
786 613 890 670 est,
942 603 1227 675 aequalitas
1275 602 1409 658 nihil
1438 603 1651 670 differt;
1687 622 1708 655 ι
1734 619 1919 674 aequa-

341 701 471 756 litas
494 711 674 756 autem
707 706 917 754 naturoe
939 712 1049 752 non
1074 706 1248 767 potest
1273 711 1396 751 esse
1427 695 1534 751 nisi
1560 712 1688 751 una.
1714 694 1918 752 Verum

341 793 499 857 alias,
527 800 587 848 ut
613 799 896 846 ostensum
923 796 1029 855 est,
1046 804 1215 860 agens
1258 789 1326 845 de
1352 790 1538 876 ,utrius
1585 803 1832 859 personae
1860 789 1917 845 in

339 882 609 940 Trinitate
636 882 851 939 duabus
879 883 1093 938 naturis
1137 883 1216 938 ita
1243 882 1582 938 demonstrat
1628 882 1696 938 ab
1747 883 1918 939 altera

341 986 542 1032 natura
596 973 897 1046 glorificata
960 973 1189 1029 alteram
1245 973 1439 1044 gloria,
1471 973 1613 1029 sieut
1653 973 1731 1028 ait
1778 972 1915 1045 ipse,

346 1086 371 1122 ο
411 1084 523 1124 nen
573 1066 926 1133 exteriorem,
953 1065 1050 1121 sed
1079 1065 1134 1119 in
1158 1080 1280 1121 sese
1311 1064 1423 1121 Deo
1444 1065 1783 1137 glorificante
1806 1065 1915 1123 ho-

339 1161 567 1228 minem,
598 1179 617 1213 i
654 1168 716 1216 ut
740 1159 812 1216 sit
838 1157 1135 1215 absurdum
1169 1158 1372 1230 fingere
1398 1158 1673 1217 hominem
1714 1157 1825 1214 Deo
1857 1157 1916 1213 in

338 1254 450 1311 alio
465 1253 650 1324 aliquo
677 1250 1041 1307 assimilatum
1069 1266 1234 1320 quam
1265 1250 1322 1305 in
1351 1264 1439 1315 eo,
1471 1251 1526 1305 in
1554 1266 1665 1321 quo
1694 1259 1751 1308 et
1788 1248 1918 1308 Ver-

338 1345 819 1406 bumPatrisPatri
844 1354 927 1401 est
948 1343 1232 1400 consimile
1243 1343 1476 1399 simulet
1498 1344 1725 1415 aequale,
1756 1343 1810 1398 in
1833 1344 1920 1399 di-

339 1439 467 1493 vina
488 1437 696 1494 scilicet
722 1436 962 1493 essentia
991 1451 1087 1491 seu
1107 1434 1280 1506 gloria
1303 1451 1398 1491 seu
1421 1436 1644 1502 virtute,
1674 1451 1770 1492 seu
1790 1452 1915 1491 orn-

340 1530 639 1601 nipotentia
670 1545 765 1585 seu
804 1529 1047 1586 bonitate
1067 1528 1153 1583 vel
1181 1528 1468 1600 sapientia,
1490 1544 1614 1599 quae
1640 1528 1826 1584 omnia
1856 1528 1914 1582 in

339 1620 454 1678 Deo
485 1636 654 1677 unum
692 1629 840 1689 sunt,
867 1623 978 1677 imo
1007 1637 1178 1678 unum
1215 1631 1364 1687 sunt,
1392 1620 1540 1691 quod
1567 1636 1735 1676 unum
1777 1620 1914 1676 sim·

337 1716 482 1787 plex,
535 1716 864 1772 immensum
912 1723 968 1772 et
1011 1723 1279 1771 aeternum
1331 1721 1507 1769 totum
1559 1721 1645 1770 est
1699 1713 1910 1770 homini

337 1816 622 1878 assumpto
663 1807 720 1862 in
760 1822 871 1863 una
905 1804 1187 1864 Trinitatis
1210 1819 1445 1878 persona
1467 1803 1654 1860 datum
1680 1820 1777 1876 per
1808 1819 1911 1860 no-

337 1914 486 1966 men,
511 1899 659 1970 quod
696 1907 781 1955 est
829 1914 998 1969 super
1040 1913 1205 1954 omne
1234 1913 1433 1953 nomen
1465 1895 1767 1969 [quodque]
1798 1897 1916 1952 exi-

339 1999 490 2046 stens
517 1990 571 2045 in
597 1990 883 2046 divinitate
921 1990 1024 2047 sibi
1058 1991 1187 2047 data
1222 1989 1547 2047 aeternaliter
1583 1989 1793 2058 habuit,
1817 1991 1916 2047 sed

337 2082 396 2137 in
424 2083 543 2152 ipso
576 2082 971 2139 incarnationis
1014 2083 1274 2156 mysterio
1298 2082 1665 2153 temporaliter
1684 2083 1910 2153 accepit,

336 2173 559 2245 quando
604 2174 721 2244 ipsa
764 2173 1020 2231 divinitas
1065 2190 1162 2246 per
1215 2175 1323 2230 boc
1373 2183 1458 2231 est
1501 2173 1709 2230 homini
1758 2173 1908 2240 data,

336 2267 486 2338 quod
542 2275 629 2324 est
691 2266 993 2336 incarnata,
1043 2284 1169 2326 cum
1241 2268 1476 2324 Verbum
1546 2283 1699 2336 caro,
1739 2267 1793 2324 id
1828 2277 1916 2324 est

335 2359 505 2419 homo
529 2359 732 2417 factum
763 2370 865 2418 est.
882 2360 1106 2433 Accepit
1131 2377 1263 2434 ergo
1288 2362 1405 2432 ipse
1429 2362 1615 2427 homo,
1638 2360 1783 2432 quod
1816 2359 1918 2416 ba-

335 2451 458 2509 buit
501 2450 668 2538 Deus,
700 2451 909 2509 scilicet
964 2460 1025 2508 ut
1074 2453 1147 2510 sit
1197 2455 1340 2510 Deus
1367 2454 1735 2524 omnipotens,
1764 2461 1915 2509 tanta

336 2543 644 2600 divinitatis
688 2553 743 2601 ct
782 2545 1195 2617 omnipotentiae
1234 2545 1613 2618 coaequalitate
1660 2560 1726 2601 ac
1759 2545 1916 2602 simi·

336 2636 591 2706 titudine,
634 2645 698 2692 ut
728 2635 888 2693 Verbi
914 2638 1270 2706 assumentis,
1292 2647 1346 2694 et
1374 2637 1614 2696 bominis
1648 2637 1915 2709 assumpti

337 2729 407 2788 ad
454 2727 627 2785 Deum
676 2727 895 2785 Patrem
941 2744 1170 2801 prorsus
1213 2728 1403 2786 eadem
1439 2730 1510 2786 sit
1538 2730 1822 2800 aequalitas
1859 2737 1916 2785 et

337 2822 662 2878 similitude.
690 2822 891 2890 Niriiipe
914 2830 975 2877 ut
994 2822 1176 2879 verbis
1201 2831 1421 2878 utamur
1445 2822 1911 2890 adversariorum,

341 2930 509 2966 unum
533 2926 585 2966 ει
610 2914 750 2966 idem
786 2929 925 2980 csse,
967 2914 1021 2969 in
1058 2930 1171 2986 quo
1203 2930 1332 2971 vere
1355 2916 1584 2986 aequalia
1612 2924 1760 2981 sunt,
1791 2931 1915 2987 quae

341 3006 557 3062 aliunde
589 3018 941 3065 εῡιιιιιιιιεεεε
964 3009 1213 3076 diversa,
1237 3025 1461 3067 necesse
1480 3020 1582 3066 εει.
1612 3011 1751 3069 Cum
1782 3027 1913 3085 ergo
1941 3050 1984 3110 C

341 3099 517 3151 Patris
557 3103 802 3171 ingeniti.
830 3115 886 3155 ει
912 3100 1036 3157 Filii
1064 3102 1187 3173 ejus
1229 3102 1495 3173 unigeniti
1531 3112 1587 3161 et
1626 3104 1915 3161 amborum

341 3191 469 3243 ilani
505 3191 774 3259 εἰιιιιιιιμιιι
834 3192 1071 3248 hominis
1095 3192 1199 3249 hoc
1222 3193 1367 3250 dono
1416 3196 1665 3267 concepti
1695 3204 1751 3252 et
1787 3211 1916 3253 san-

341 3283 581 3351 ctificati,
626 3295 790 3354 atquae:
842 3287 895 3339 in
947 3300 1115 3341 unam
1155 3302 1444 3358 personam
1503 3286 1787 3344 Trinitatis
1821 3304 1916 3345 as-

335 3375 542 3446 sumpti
587 3375 661 3432 sit
704 3392 812 3432 una
862 3374 1147 3445 Divinitas,
1200 3394 1310 3450 qua
1356 3387 1411 3435 ει
1457 3378 1621 3435 Pater
1663 3379 1829 3448 Deus,
1859 3389 1917 3437 et

344 3464 521 3524 Filius
545 3466 709 3534 Dens,
723 3479 779 3525 et
791 3467 1034 3540 Spiritus
1043 3479 1268 3527 sanctus
1287 3470 1452 3539 Deus,
1464 3480 1516 3528 ει
1533 3469 1736 3543 Spiritu
1754 3487 1918 3529 sanc·

342 3566 405 3613 to
424 3566 722 3629 conceptus
736 3559 904 3616 homo
930 3559 1072 3616 Deus
1089 3560 1421 3628 nominatur,
1446 3571 1591 3619 recte
1612 3562 1782 3619 dehis
1802 3578 1918 3620 om·

337 3650 504 3707 nibus
555 3666 663 3706 una
712 3650 999 3722 aequalitas
1043 3652 1388 3722 praedicatur,
1428 3668 1669 3724 quorum
1696 3670 1804 3710 una
1825 3656 1914 3711 div

339 3740 582 3799 vinitatis
601 3744 858 3813 essentia,
892 3744 978 3801 vel
1028 3754 1224 3801 natura
1260 3747 1612 3818 cognoscitur
1646 3756 1705 3805 et
1738 3750 1916 3808 virtus

338 3833 553 3890 eadem.

407 3924 624 3982 Etenim
672 3929 858 3987 carnis
904 3932 991 3988 vel
1033 3932 1390 3991 humanitatis
1421 3935 1664 4004 nomine,
1693 3950 1818 3992 cum
1845 3936 1915 3993 de

336 4016 512 4088 ipsius
543 4020 845 4092 divinitate,
872 4038 1037 4094 quam
1068 4025 1299 4095 accepit,
1335 4026 1535 4097 agitur,
1558 4033 1730 4084 totam
1777 4026 1913 4082 sul)-

338 4112 602 4168 stantiam
629 4113 948 4182 humanam,
997 4131 1121 4187 quae
1172 4128 1258 4173 est
1289 4117 1473 4174 anima
1523 4118 1827 4186 rationalis,
1858 4127 1916 4176 et

335 4218 467 4260 caro
514 4205 681 4261 simul
717 4206 931 4276 juncta,
966 4207 1341 4278 significamus
1377 4228 1391 4264 z
1421 4217 1484 4264 ut
1530 4210 1605 4265 ibi
1635 4228 1650 4266 z
1689 4209 1914 4266 Verbum

334 4312 462 4350 caro
502 4297 724 4366 sactum,
770 4297 823 4353 id
880 4308 965 4355 est
996 4300 1164 4355 homo
1205 4300 1409 4371 [actum
1442 4311 1541 4356 est.
1576 4300 1642 4357 Et
1674 4303 1913 4358 :videbit

1996 430 2091 485 -te,
2132 421 2330 492 inquit,
2356 438 2464 477 non
2487 423 2591 478 sub
2631 430 2704 488 tc,
2753 423 2901 495 quod
2939 432 3029 479 εει
3081 423 3136 478 in
3182 424 3405 480 dextera
3444 425 3595 497 sedis

2019 513 2415 585 magnitudinis
2437 556 2454 582 ‚
2525 515 2582 570 in
2642 530 2752 587 qua
2816 523 2903 572 est
2963 515 3320 586 coaequalitas
3368 517 3597 572 clarita-

2018 603 2110 659 tis.

2086 694 2291 751 Contra
2322 696 2428 752 hoc
2451 696 2638 766 objicit
2666 697 3012 755 adversarius
3054 717 3069 754 :
3096 698 3154 755 Si
3187 698 3441 758 Christus
3469 702 3598 772 glo-

2017 785 2100 842 ria
2128 787 2375 857 corporis
2405 788 2494 844 sui
2532 785 2681 842 Patri
2720 788 2948 859 aequalis
2972 797 3078 856 cst,
3105 797 3161 845 et
3202 790 3260 846 si
3293 806 3416 858 nos,
3448 793 3598 850 sicut

2019 887 2248 933 testatur
2298 877 2556 947 Hilarius,
2605 879 2783 935 eidem
2843 880 3030 953 gloriae
3082 882 3331 952 corporis
3383 882 3595 940 Christi

2018 966 2189 1024 futuri
2224 985 2419 1026 sumus
2446 968 2780 1039 conformes,
2817 970 2929 1026 Deo
2957 985 3058 1028 nos
3103 970 3320 1028 futuros
3351 975 3597 1044 aequales

2017 1059 2251 1131 qualiter
2286 1059 2394 1130 ipsi
2415 1061 2745 1128 inficientur,
2772 1060 2842 1117 ab
2864 1061 2946 1118 eis
2973 1062 3166 1119 audire
3183 1072 3591 1135 exspectamus.

2017 1151 2430 1223 Respondemus
2469 1171 2484 1207 ι
2528 1151 2806 1225 Nusquam
2857 1169 2961 1211 nos
3003 1155 3330 1225 praedicasse
3372 1155 3596 1214 futuros

2016 1244 2255 1316 aequales
2305 1243 2438 1301 Deo.
2486 1244 2674 1319 Neque
2721 1247 2867 1302 enim
2906 1247 2962 1304 id
2999 1246 3246 1305 futurum
3280 1266 3591 1322 speramus,

2016 1351 2194 1406 neque
2253 1336 2358 1392 hoc
2407 1337 2605 1394 exinde
2655 1339 3034 1410 consequitur,
3082 1341 3231 1412 quod
3285 1343 3608 1400 similitudo.

2016 1425 2175 1480 nobis
2200 1435 2255 1481 et
2284 1427 2646 1485 conformitas
2668 1428 2874 1486 Christi
2898 1432 3258 1502 promittitur,
3273 1436 3403 1506 quia
3417 1436 3594 1494 multa

2015 1516 2369 1573 inveniuntur
2407 1520 2613 1576 similia
2655 1529 2710 1576 et
2753 1522 3078 1591 conformia,
3124 1540 3248 1595 quae
3288 1543 3398 1583 non
3461 1540 3609 1592 sunt.

2014 1609 2266 1679 aequalia.
2295 1609 2386 1667 Sic
2426 1610 2606 1684 imago
2656 1614 2838 1670 vultus
2880 1615 3118 1673 hominis
3149 1616 3205 1672 in
3236 1618 3461 1675 alterius
3490 1621 3591 1677 bo-

2013 1698 2179 1754 minis
2208 1700 2411 1771 pupilla
2459 1710 2756 1773 conspecta
2794 1703 3069 1760 invenitur
3107 1722 3205 1779 per
3247 1709 3433 1764 omnia
3483 1711 3589 1782 ipsi

2013 1792 2186 1848 vultui
2237 1793 2456 1862 similiS,
2490 1803 2729 1852 attamen
2780 1798 2992 1869 aqualis
3039 1813 3148 1854 non
3187 1809 3291 1865 est,
3323 1804 3590 1872 quoniam

2014 1884 2314 1942 similitudo
2354 1885 2423 1941 ad
2476 1888 2815 1958 qualitatem,
2871 1891 2966 1946 sed
3019 1891 3306 1962 aequalitas
3355 1897 3592 1965 pertinet

2013 1975 2081 2030 ad
2112 1976 2493 2047 quantitatem,
2524 1994 2647 2050 quae
2696 1980 2835 2036 inter
2872 1997 2932 2037 se
2959 1981 3178 2038 differre
3213 2000 3318 2038 non
3351 1987 3586 2058 ignorat,

2013 2069 2107 2140 qui
2137 2068 2448 2126 Aristotelis
2482 2072 2903 2141 praedicamenta
2951 2076 3180 2144 noverit,
3209 2078 3349 2134 inter
3372 2096 3430 2136 εε
3461 2081 3586 2137 Ιοιι-

2014 2160 2136 2231 gius
2187 2160 2440 2216 distincta
2493 2178 2657 2233 quam
2712 2163 2875 2220 unius
2905 2165 3312 2234 praedicamenti
3365 2171 3576 2239 specics

2015 2249 2099 2305 vel
2120 2264 2339 2321 genera.
2362 2248 2483 2306 Non
2506 2260 2592 2308 εει
2622 2252 2788 2322 igitur
2810 2268 3175 2324 consequens,
3202 2256 3249 2312 si
3298 2273 3407 2327 qna
3457 2270 3591 2317 sunt

2014 2339 2341 2410 conformia,
2385 2341 2468 2398 vel
2510 2343 2731 2411 similia,
2781 2343 2972 2400 eadem
3013 2346 3244 2418 aequalia
3290 2361 3433 2405 esse.
3465 2349 3589 2408 Non

2013 2448 2145 2505 ergo
2197 2433 2463 2491 miramur
2524 2435 2679 2491 illum
2724 2436 3111 2509 philosophum
3150 2439 3388 2512 caligare
3419 2441 3474 2497 in
3503 2444 3590 2499 di-

2017 2526 2158 2582 vinis
2185 2535 2240 2583 et
2267 2528 2797 2599 supernaturalibus,
2827 2530 2922 2600 qui
2954 2546 3132 2602 neque
3160 2532 3214 2587 in
3240 2534 3588 2593 naturalibus

2014 2634 2077 2675 ca
2133 2620 2316 2687 sentit,
2371 2636 2494 2691 quae
2547 2621 2747 2678 veritas
2789 2620 2970 2677 babet.
3014 2621 3189 2689 Quam
3232 2622 3370 2681 falso
3400 2634 3587 2682 autem

2013 2712 2222 2768 llilariu
2250 2713 2616 2780 adscribatur,
2643 2713 2790 2785 quod
2817 2712 3022 2770 Christi
3051 2724 3105 2771 et
3139 2716 3312 2773 nostri
3338 2718 3588 2789 corporis

2015 2805 2178 2863 talem
2226 2816 2442 2867 asserat
2492 2805 2967 2875 conformitatem,
3020 2824 3186 2881 quam
3244 2810 3317 2865 sit
3366 2827 3591 2868 neccsse

2015 2901 2278 2971 consequi
2309 2899 2763 2971 coaequalitatem,
2794 2900 2976 2957 verbis
3018 2901 3139 2971 ejus
3190 2903 3592 2973 competentius

2015 3009 2181 3064 quam
2208 2993 2410 3049 nostris
2431 2992 2807 3050 ostendemus.
2843 2990 2974 3051 Post
3007 3011 3127 3051 cam
3177 2995 3415 3069 denique
3461 3014 3593 3055 sen-

2018 3086 2263 3154 tentiam,
2282 3102 2449 3158 quam
2472 3085 2608 3143 falso
2630 3102 2662 3142 a
2679 3086 3028 3144 falsatoribus
3048 3096 3268 3159 putatur
3296 3089 3595 3158 affirmare,

2015 3177 2164 3249 quod
2188 3178 2461 3247 Christus,
2481 3179 2780 3235 secundum
2807 3180 2951 3251 quod
2976 3180 3030 3235 in
3060 3179 3233 3237 forma
3265 3183 3404 3237 servi
3428 3181 3593 3254 glori·

2016 3270 2213 3328 ficatus
2237 3279 2341 3339 est,
2368 3272 2478 3329 Deo
2503 3270 2803 3329 conformis
2826 3288 2936 3329 non
2966 3273 3060 3339 sit,
3088 3274 3343 3345 quodque
3372 3275 3598 3347 corpori

2017 3380 2120 3422 suo
2147 3364 2285 3421 nihil
2319 3365 2461 3421 ultra
2487 3365 2663 3435 possit
2682 3380 2848 3437 quam
2881 3365 3042 3421 nobis
3070 3380 3135 3422 ac
3169 3363 3274 3420 sibi
3300 3380 3596 3421 commune

2015 3464 2296 3527 praestare,
2313 3454 2502 3526 paucis
2525 3455 2862 3525 interpositis
2885 3455 3159 3526 aperienS,
3175 3455 3305 3527 quid
3333 3458 3590 3523 senserit,

2016 3546 2092 3603 ita
2123 3546 2254 3603 dicit
2306 3565 2320 3602 :
2381 3564 2400 3598 r
2458 3544 2660 3608 Nostra
2685 3546 2802 3602 liaec
2839 3547 2992 3602 lucra
3025 3556 3228 3603 suntet
3259 3547 3431 3603 nostri
3451 3563 3590 3619 pro·

2016 3638 2212 3706 fectus,
2249 3654 2354 3695 nos
2385 3638 2595 3696 scilicet
2629 3638 2943 3701 conformes
2971 3638 3107 3695 ellici
3129 3639 3316 3712 gloriae
3340 3640 3594 3713 corporis

2016 3730 2132 3787 Dei.
2210 3730 2478 3787 Caeterum
2546 3729 2872 3804 unigenitus
2949 3730 3096 3793 Deus
3145 3732 3272 3788 licet
3311 3741 3366 3788 et
3424 3733 3592 3792 homo

2015 3832 2178 3883 natus
2199 3822 2291 3891 sit,
2315 3831 2498 3879 tamen
2533 3823 2702 3889 aliud,
2729 3839 2893 3895 quam
2927 3822 3073 3879 Deus
3106 3824 3290 3879 omnia
3324 3823 3383 3880 in
3411 3824 3593 3880 omni·

2017 3915 2122 3972 bus
2152 3925 2258 3973 εει.
2286 3915 2567 3987 Subiectio
2605 3915 2752 3971 enim
2801 3915 2890 3971 illa
2924 3914 3193 3987 corporis,
3245 3931 3344 3986 per
3397 3931 3590 3987 quam,

2014 4008 2160 4079 quod
2212 4008 2434 4064 carnale
2471 4015 2576 4074 cst,
2606 4006 2661 4061 in
2721 4016 2983 4067 naturam
3017 4006 3243 4077 spiritus
3266 4007 3586 4076 devoratur,

2013 4114 2135 4156 esse
2159 4098 2331 4156 Deum
2361 4100 2547 4156 omnia
2589 4099 2644 4154 in
2689 4099 2947 4155 omnibus
2990 4113 3140 4166 eum,
3182 4114 3346 4170 quem
3392 4106 3591 4169 praeter

2014 4185 2184 4244 Deurn
2224 4198 2280 4245 et
2322 4189 2489 4245 homo
2534 4195 2642 4257 εει,
2672 4189 2986 4248 constituet.
3032 4207 3052 4241 ι
3086 4186 3184 4246 llis
3208 4186 3399 4242 Hilarii
3425 4186 3595 4245 dictis

2013 4279 2185 4336 claret
2231 4281 2556 4336 sententiam
2598 4282 2719 4354 ejus
2749 4281 3142 4352 praecedentem
3169 4281 3333 4338 nimis
3362 4281 3589 4337 detrun-

334 4386 527 4442 omm's.
556 4403 682 4441 caro
731 4389 966 4443 salutare
1013 4388 1113 4445 Det*
1157 4390 1340 4462 (loun.
1371 4393 1433 4463 ι),
1496 4393 1551 4448 id
1599 4404 1682 4451 est
1725 4396 1907 4454 omnis
1939 4392 1985 4448 D
2014 4381 2190 4428 emam
2223 4382 2280 4429 0¹*
2311 4373 2684 4444 depravammv
2726 4390 2835 4445 (1ὓῖι
2873 4383 3097 4444 {mmm
3128 4372 3417 4440 affirmare·
3439 4371 3589 4444 (1110(ι

335 4476 527 4545 bomo,
553 4493 622 4534 ne
641 4478 727 4533 vel
747 4480 901 4535 carni
923 4479 1184 4553 soli,quae
1202 4497 1313 4538 non
1342 4483 1529 4552 homo,
1546 4486 1642 4541 sed
1670 4486 1907 4545 hominis

333 4583 463 4639 pars
525 4577 632 4638 est,
691 4569 834 4627 hanc
916 4571 1326 4630 similitudinem
1384 4575 1469 4631 vel
1541 4578 1909 4648 aequalitatem

336 4673 463 4715 cum
508 4657 620 4716 Deo
661 4660 992 4730 tribuamus,
1021 4671 1083 4718 ut
1119 4673 1278 4735 putat
1321 4665 1688 4734 adversarius,
1715 4670 1910 4726 crebro

335 4757 517 4816 utens,
604 4751 717 4809 imo
784 4753 1016 4812 abutens
1092 4768 1282 4813 contra
1334 4775 1458 4824 nos⁴
1497 4760 1617 4817 istis
1667 4763 1909 4819 nomini-

332 4841 463 4910 bus,
501 4858 629 4899 cum
672 4859 776 4903 nos
801 4862 912 4903 non
964 4863 1188 4906 carnem
1238 4851 1434 4921 solam,
1481 4853 1565 4909 vel
1594 4853 1909 4912 humanita-

330 4938 446 4990 tem
494 4933 693 5003 solam,
747 4936 845 4993 sed
890 4937 1409 5009 neminemnam,
1447 4940 1561 4999 Deo
1598 4943 1748 5002 Patri
1799 4962 1910 5003 non

331 5024 675 5098 adoptatum,
739 5028 835 5085 sed
908 5041 1099 5088 natum
1154 5032 1210 5088 in
1270 5034 1441 5090 filium
1497 5037 1801 5094 naturalem
1854 5049 1911 5095 ει

332 5121 855 5180 consubstantialem
895 5126 1137 5198 gignenti
1165 5141 1507 5199 coaequatum
1550 5131 1909 5201 praedicemus

333 5212 393 5268 in
442 5212 744 5272 divinitatis
789 5217 1026 5274 essentia
1063 5226 1119 5275 ει
1164 5228 1382 5289 natura,
1422 5238 1591 5293 quam
1633 5225 1910 5281 nascendo

333 5307 565 5379 accepit,
594 5316 655 5365 ut
680 5308 755 5366 sit
783 5308 951 5379 Deus,
966 5321 1021 5367 ει
1048 5312 1104 5368 in
1125 5314 1389 5385 potentia,
1415 5332 1521 5387 qua
1556 5317 1765 5385 omnia,
1788 5333 1913 5388 quae

334 5399 472 5464 vult,
501 5410 700 5471 potest,
732 5410 793 5459 ut
827 5399 988 5459 Pater
1028 5402 1191 5474 Deus,
1235 5416 1290 5462 et
1332 5406 1389 5462 in
1426 5408 1710 5477 claritate,
1741 5425 1908 5481 quam

334 5487 511 5557 petiit,
525 5499 583 5546 et
606 5492 814 5564 accepit
846 5492 902 5551 in
931 5508 1116 5563 carne,
1147 5512 1423 5568 quamque
1451 5498 1642 5554 habuit
1669 5497 1724 5554 in
1769 5498 1911 5554 divi-

339 5577 530 5646 nitate,
562 5583 884 5655 priusquam
933 5587 1175 5644 mundus
1207 5589 1379 5645 ficret.
1411 5587 1687 5659 clarifica,
1710 5590 1906 5662 inquit,

340 5681 421 5722 nu
465 5672 605 5737 opud
646 5678 968 5746 tcenctipsum
998 5679 1265 5749 claritate,
1310 5695 1466 5747 qnam
1515 5679 1695 5749 habiti,
1737 5681 1909 5749 prinas·

2009 4473 2192 4537 negat,
2222 4474 2279 4522 ει
2310 4481 2508 4537 negare
2543 4468 2690 4537 quod
2733 4467 2984 4526 affirmat.
3015 4467 3437 4524 Affirmatenim
3487 4468 3588 4523 ho-

2010 4557 2215 4613 minem
2259 4557 2619 4629 glorificatum
2650 4576 2705 4614 tn
2729 4559 2839 4616 Deo
2861 4574 2985 4619 csse
3009 4557 3344 4616 conformem
3368 4558 3500 4623 Deo,
3531 4570 3588 4616 et

2011 4666 2113 4708 nos
2166 4649 2383 4706 futuros
2430 4651 2648 4722 corpori
2683 4651 2804 4722 ejus
2854 4650 3183 4718 conformes,
3239 4666 3347 4706 non
3402 4658 3586 4706 tamen

2012 4743 2334 4814 coaequales·
2361 4740 2480 4799 Non
2503 4758 2634 4814 ergo
2673 4744 2921 4814 rapinam
2947 4743 3246 4803 arbitratur
3269 4742 3433 4798 homo
3459 4757 3587 4799 csse

2010 4849 2071 4891 se
2095 4834 2359 4906 aequalem
2388 4832 2518 4902 Deo,
2543 4834 2637 4906 qui
2661 4833 2717 4890 in
2737 4833 2913 4892 forma
2941 4833 3035 4889 Dei
3050 4834 3154 4890 sibi
3169 4832 3293 4889 data
3320 4840 3375 4887 et
3396 4830 3587 4888 innata

2009 4935 2116 4993 est,
2139 4941 2248 4997 qua
2277 4933 2333 4983 ει
2362 4926 2644 4998 speciosus
2693 4933 2779 4981 cst
2823 4941 2936 4997 prae
2981 4925 3109 4981 filiis
3141 4924 3448 4989 hominum,
3473 4939 3586 4979 non

2010 5016 2154 5074 inter
2204 5017 2411 5085 omnia,
2447 5018 2544 5074 sed
2596 5032 2762 5088 super
2788 5017 2969 5074 omnia
3006 5015 3152 5075 Deus
3184 5015 3510 5078 benedictus,
3532 5014 3589 5077 in

2009 5107 2235 5168 saecnla.
2264 5108 2459 5165 Amen.

2503 5259 2841 5321 EPISTOLA
2895 5263 3088 5320 XXlV.

2011 5400 2160 5458 Idem
2189 5402 2258 5458 ad
2284 5400 2574 5458 Henricum
2596 5402 2780 5458 ducem
2796 5400 3046 5458 Saxonioe
3065 5411 3116 5457 et
3143 5401 3413 5469 Bavarioe,
3435 5415 3586 5471 quent

2080 5473 2150 5526 ad
2175 5473 2556 5544 defendendam
2590 5472 2882 5529 Ecclesiam
2910 5472 3009 5527 Dei
3052 5474 3321 5545 proposito
3343 5483 3586 5543 „sancto-

2082 5560 2196 5595 rnm
2225 5553 2274 5598 et
2308 5559 2485 5614 reynm
2507 5553 2558 5600 ct
2580 5545 2772 5600 ducum
2795 5544 3032 5615 exemplo
3065 5544 3310 5597 hortatur

2078 5674 2327 5758 Glorioso
2355 5687 2409 5735 ct
2437 5678 2729 5739 victorioso
2768 5678 3010 5737 Bavariae
3050 5692 3113 5733 ac
3162 5675 3415 5732 Saxoniae
3455 5670 3588 5731 duo
