3817 6000
90 269 105 284 ⁸
176 265 288 320 813

850 263 1403 324 mammutium
1440 266 1505 322 IN
1543 264 1882 324 nsaLttoS.
1923 263 2175 321 —PARS
2213 263 2253 320 I.
2305 296 2375 307 —
2405 263 2606 324 PsAL.
2647 264 2788 321 xut.

3314 268 3425 329 8¹⁴

174 384 266 433 rat
311 377 367 432 in
415 376 518 433 flde
569 395 585 432 t
623 378 697 434 ita
743 379 1033 435 exsultabit
1082 396 1173 435 cor
1228 398 1401 437 meum
1437 382 1495 437 in
1529 382 1762 437 salutari
1788 387 1838 447 Α
1864 377 2087 436 Christo
2112 379 2318 448 futuro,
2341 396 2448 452 qua
2474 381 2759 438 devotione
2781 379 3174 447 famulandum.
3200 395 3429 442 cantan-

178 476 302 534 tno,
335 467 494 538 quasi
522 467 731 524 habens
755 467 894 539 jam,
931 484 1055 541 quae
1078 469 1331 527 desidero
1365 470 1533 544 :quia
1559 472 1752 528 certis-

175 560 322 617 sime
350 558 598 615 suturum
632 561 818 628 credo,
845 561 991 632 quod
1023 561 1295 619 desidero.

250 652 496 708 cantabo
528 651 778 720 Domino,
825 654 916 724 qui
967 658 1104 708 bono
1143 654 1200 709 in
1233 653 1529 721 resutura,
1553 654 1666 726 jam
1698 654 1754 709 in

175 760 275 815 spe
297 744 606 801 certissima
639 744 822 799 tribuit
850 745 1001 801 milei.
1040 745 1212 802 Tanta
1262 754 1350 803 est
1392 746 1539 802 enim
1578 747 1755 802 virtus

174 835 327 900 ndei,
357 846 419 891 ut
450 836 501 892 ei
531 837 606 892 sit
638 837 969 907 praeteritum
988 878 1002 902 ,
1035 838 1181 909 quod
1212 839 1266 893 in
1292 848 1539 910 tempore
1576 838 1756 894 adbuc

173 936 263 984 est
289 926 560 984 futurum.
595 928 836 985 cantabo
881 930 935 984 in
985 930 1441 1001 contemplatione
1472 948 1488 986 z
1521 932 1750 1002 psallam

173 1017 233 1074 in
265 1033 458 1089 opere.
507 1017 747 1074 Cantobo
769 1058 785 1083 ,
834 1028 889 1074 et
924 1018 1176 1090 psallam,
1212 1019 1263 1074 id
1295 1027 1379 1076 est
1406 1035 1530 1076 cum
1557 1020 1755 1092 gaudio

173 1109 388 1179 ffatias
425 1125 581 1180 agam
618 1110 820 1165 nomini
863 1110 1078 1165 Domini
1109 1112 1380 1167 altissimi.
1432 1110 1488 1167 Si
1520 1127 1649 1184 ergo
1690 1113 1753 1166 ll·

172 1201 319 1257 delis
342 1202 603 1274 propbeta
631 1204 711 1261 sic
738 1203 1083 1270 desideravit,
1115 1204 1161 1259 si
1208 1204 1287 1261 sic
1330 1203 1628 1261 famulatus
1666 1213 1754 1262 est

1858 468 1991 524 dum
2020 476 2076 524 et
2103 468 2446 540 psallendum
2484 481 2569 527 est
2608 471 2723 541 iam
2753 473 3046 544 suscepto?
3100 472 3255 530 Dicat
3298 492 3432 547 ergo

1859 561 2098 632 quisque
2147 570 2433 630 nostrum,
2478 563 2573 634 qui
2602 564 2657 619 in
2689 574 3030 622 sacramento
3081 566 3270 623 altaris
3314 568 3428 639 iam

1859 651 2101 723 suscepit
2136 650 2415 709 Christum
2450 673 2463 708 ε
2496 654 2734 711 Cantabo
2761 655 3007 723 Domino,
3046 673 3138 729 qm
3161 658 3298 714 bona
3326 661 3429 714 tri·

1861 743 1973 797 buit
2004 744 2155 811 mihi,
2177 757 2225 798 et
2249 744 2478 816 psallam
2517 748 2719 802 nomini
2756 747 3040 805 Altissimi.

1930 835 2116 892 Gloria
2170 838 2344 905 Palrt‘,
2392 854 2424 895 a
2471 856 2581 912 quo
2614 841 2952 899 desideratur
2982 846 3202 913 :warlus
3247 845 3427 913 magni

1859 930 2075 987 consilii
2103 932 2246 987 inter
2277 931 2439 989 dubia
2464 934 2692 990 consilia
2724 954 2737 989 ε
2768 934 2952 991 Gloria
2988 937 3150 1001 rufin,
3174 941 3431 993 earnalia*

1857 1024 1966 1090 rio,
1996 1023 2064 1078 de
2087 1039 2197 1093 quo
2226 1024 2428 1080 dicitur
2457 1045 2470 1081 :
2495 1027 2768 1083 exsultabo
2788 1028 2844 1082 in
2877 1028 3106 1084 salsum·
3138 1045 3230 1085 lim
3255 1045 3267 1085 s
3299 1029 3427 1085 [lta-

1860 1115 1944 1168 rt‘a
1973 1113 2198 1185 Spiritui
2222 1127 2427 1183 sanem,
2459 1117 2552 1188 qui
2575 1127 2659 1175 est
2694 1118 2877 1174 lumen
2918 1118 3226 1175 iliurnismm
3255 1122 3431 1178 ficulna

1859 1206 2153 1275 humanos,
2179 1225 2245 1262 ue
2268 1225 2499 1280 unquam
2521 1210 2847 1266 obdormiam
2869 1212 2925 1267 in
2950 1230 3130 1270 mai-ssa
3166 1218 3359 1270 ,linum

1371 1536 1893 1629 PSALMUS
1959 1539 2251 1632 x111.

252 1843 405 1899 Dixit
432 1841 682 1912 insipiens
709 1840 766 1895 in
796 1840 951 1895 corde
969 1854 1064 1894 suo
1093 1837 1216 1894 Non
1241 1846 1318 1894 est
1344 1837 1505 1894 Deus.
1543 1838 1761 1895 Titulus
1792 1852 1835 1907 B
1862 1840 1995 1911 quid
2020 1840 2274 1898 faciendo
2305 1843 2473 1900 vitam
2504 1852 2764 1900 aeternam
2801 1847 3157 1916 possidebo?»
3194 1848 3346 1921 (Luc.
3378 1867 3431 1914 x,

167 1939 357 2008 (vens.
388 1935 442 2006 t)
482 1950 497 1987 ε

591 2044 642 2083 m
687 2043 846 2083 risen
885 2042 1120 2084 asturus
1155 2042 1336 2082 navio.

247 2120 425 2177 Patet.
443 2118 550 2178 lste
572 2120 826 2177 Psalmus
853 2135 1009 2177 voces
1034 2120 1194 2176 nobis
1214 2120 1559 2176 administrat
1569 2118 1763 2175 adver·

169 2229 274 2269 sus
300 2228 520 2269 omnem
550 2212 916 2284 insipientem,
941 2212 1037 2283 qui
1058 2212 1194 2269 dicit
1216 2211 1272 2267 in
1304 2211 1470 2268 corde
1498 2227 1622 2279 suo,
1646 2212 1762 2267 sivo

171 2308 271 2362 ille
295 2305 539 2372 Judaeus,
572 2307 687 2361 sive
726 2307 817 2361 ille
844 2307 918 2363 sit
946 2305 1235 2362 haereticus
1262 2324 1277 2361 t
1309 2304 1432 2359 Non
1472 2314 1551 2361 est
1580 2304 1759 2369 Deus,-

170 2397 540 2453 subauditur:
561 2396 650 2452 bic
681 2397 845 2453 bomo
869 2395 1031 2453 Jesus
1057 2395 1332 2453 Christus.
1356 2395 1482 2468 Agit
1520 2395 1667 2452 enim
1691 2394 1762 2452 de

176 2487 455 2559 profunda
498 2487 815 2544 Judaeorum
872 2488 1143 2559 nequitia;
1199 2487 1327 2559 quia
1367 2502 1530 2558 quem
1585 2487 1761 2543 sancti

174 2580 598 2643 Patres,eorum
627 2580 951 2651 patriarchae
973 2578 1183 2635 scilicet
1198 2589 1254 2635 et
1274 2578 1572 2649 prophetae,
1588 2578 1760 2635 nimio

173 2670 460 2727 desiderio
504 2671 620 2727 dari
660 2670 765 2727 sibi
817 2678 1161 2742 optaverunt,
1215 2685 1489 2742 quemque
1531 2672 1760 2728 vocibus

173 2762 538 2833 praecedentis
564 2763 762 2835 psalmi
786 2763 948 2818 anxie
977 2770 1322 2833 optaverunt,
1355 2762 1411 2818 bi
1438 2763 1760 2833 praesentia-

177 2843 308 2911 lit'er
336 2855 393 2911 in
428 2870 593 2912 carne
640 2854 888 2911 videntes
934 2870 1045 2911 nou
1096 2854 1274 2912 solum
1317 2854 1483 2920 dicta,
1515 2863 1570 2911 et
1617 2852 1759 2910 sacta

175 2949 303 3019 ejus
352 2957 700 3020 respuerunt,
730 2947 825 3006 sed
862 2956 918 3004 et
969 2947 1146 3020 ipsum
1194 2948 1357 3004 morti
1401 2947 1762 3006 tradiderunt.

177 3042 311 3113 Agit
343 3041 509 3097 etiam
532 3042 601 3098 de
627 3041 912 3113 temporali
940 3049 995 3097 et
1025 3040 1288 3114 singulari
1335 3056 1525 3098 eorum
1556 3040 1763 3098 contri-

177 3135 350 3199 tione,
382 3142 437 3190 et
485 3132 670 3190 futura
721 3133 1073 3205 postmodum
1122 3142 1328 3190 aeterna
1380 3133 1756 3201 damnatione,

178 3243 285 3283 nec
328 3242 437 3283 non
467 3226 536 3282 de
575 3235 889 3283 sanctorum
927 3224 1165 3297 gloriosa
1231 3233 1289 3282 ει
1329 3222 1639 3281 admirabili
1668 3238 1760 3280 re-
1786 3214 1830 3272 C

176 3321 582 3375 nunnus-nimai*
630 3319 815 3373 Prima
847 3329 1047 3385 tantvm,
1090 3318 1218 3390 quia
1254 3317 1422 3375 iacies
1450 3317 1564 3385 illa,
1593 3332 1760 3389 quam

178 3408 237 3465 in
288 3409 610 3481 prffltfrzlflnli
650 3413 855 3477 psalmat
891 3408 1232 3466 alsaeaiderabat
1259 3410 1521 3482 propbeta
1552 3409 1759 3477 Venire,

179 3502 276 3558 bic
306 3501 610 3557 ostenditur
634 3505 871 3557 iuuisse,
923 3501 1168 3573 increpat
1186 3501 1308 3573 ejus
1332 3509 1759 3573 contemptores,

180 3594 280 3665 qui
305 3593 498 3650 faciem
530 3597 675 3650 illam
703 3597 791 3646 sliu
815 3605 1055 3666 optatam
1080 3608 1190 3648 non
1229 3601 1573 3665 receperunt.
1600 3589 1760 3659 Nam,

181 3695 247 3742 ut
275 3686 350 3742 aii
386 3686 723 3758 Eiangollsta
759 3710 767 3740 :
811 3706 827 3738 ι
851 3686 903 3742 ln
955 3688 1172 3758 propria
1204 3685 1370 3753 venit,
1421 3695 1475 3743 et
1518 3686 1604 3743 sui
1633 3701 1760 3741 eum

184 3795 302 3836 non
358 3790 675 3850 receperunt
727 3778 903 3850 Morsu.
963 3798 1000 3846 1,
1048 3777 1160 3847 Η).
1204 3798 1222 3831 ι
1281 3775 1535 3835 Secundo
1578 3785 1762 3834 autem

184 3878 558 3929 comminatur
598 3878 675 3929 ciffi
722 3874 1013 3945 judicium,
1054 3873 1148 3928 ubi
1190 3873 1393 3930 dicitur
1420 3891 1433 3928 :
1463 3870 1652 3928 Nonne
1677 3888 1766 3927 co-

185 3974 438 4038 quoscent
479 3980 676 4029 omnes,
720 3965 811 4035 qui
855 3974 1138 4036 operantur
1177 3964 1552 4036 iniquitatem?
1581 3962 1766 4019 Tertio

184 4057 504 4129 praedicitur
522 4072 590 4112 ex
611 4057 692 4112 eis
711 4056 1064 4127 reliquiarum
1095 4058 1399 4124 conversio,
1413 4058 1504 4114 ubi
1526 4057 1729 4114 dicitur
1749 4076 1762 4114 :

189 4151 325 4217 Quis
346 4150 495 4204 dabit
521 4167 584 4205 ex
611 4149 742 4206 Sion
767 4149 1004 4205 salutare
1024 4149 1197 4206 Israel
1214 4152 1240 4206 ‚⁹
1262 4149 1419 4208 Nunc
1442 4159 1649 4207 textum
1680 4151 1767 4206 vi-

187 4244 440 4299 deamus.

263 4335 415 4390 Dixit
456 4334 702 4406 insipieus
732 4336 787 4389 in
820 4330 1114 4389 corde'suo.
1149 4331 1269 4388 Nou
1298 4344 1376 4389 est
1403 4333 1564 4391 Deus.
1603 4335 1768 4391 Chri·-

189 4437 313 4484 stus
363 4427 703 4483 desideratus
765 4435 850 4483 est
897 4442 926 4482 a
992 4426 1319 4498 patriarchis
1372 4434 1427 4483 ει
1493 4427 1769 4499 prophetis

190 4527 457 4589 tanquam
488 4516 649 4584 θεας,
699 4517 793 4573 Dei
834 4516 1027 4583 Filius,
1088 4525 1345 4588 tanquam
1393 4517 1560 4574 homo
1601 4517 1765 4585 Deus,

1863 1932 1957 2005 25)
2013 1948 2108 1989 ore
2153 1934 2310 2002 illud,
2358 1951 2466 1991 non
2523 1934 2679 1990 corde
2710 1935 2849 1991 dixit
2905 1938 3063 2008 plane
3110 1939 3437 2010 sibimetipsi

1860 2028 2171 2084 contrarius
2189 2027 2377 2085 dicens
2402 2028 2626 2097 bonum,
2654 2043 2818 2099 quem
2842 2029 3074 2101 negabat
3097 2027 3288 2085 Deum.
3317 2030 3442 2086 Ete-

1862 2122 1975 2176 nim
2000 2121 2398 2194 aequipollentia
2431 2132 2560 2177 sunt
2588 2136 2708 2177 esse
2734 2121 2975 2192 aliquem
3003 2122 3441 2179 substantialiter

1861 2214 2089 2282 bonum,
2124 2221 2181 2269 et
2207 2228 2330 2270 esse
2372 2212 2563 2268 Deum.
2590 2209 2748 2267 Unde
2769 2222 2823 2268 et
2845 2211 3112 2270 Dominus
3142 2213 3210 2269 ad
3241 2214 3394 2270 illum
3424 2234 3437 2269 :

1866 2323 1886 2356 ι
1915 2304 2056 2373 Quid
2087 2321 2194 2372 me,
2217 2325 2236 2356 ι
2277 2306 2477 2376 inquit,
2520 2323 2539 2356 ι
2566 2304 2705 2360 dicis
2748 2305 2993 2360 bonum?
3035 2303 3207 2361 Nemo
3239 2306 3438 2371 bonus,

1863 2397 1968 2453 nisi
2000 2412 2144 2452 unus
2188 2395 2332 2452 Deus
2363 2395 2582 2468 (llauh.
2608 2412 2726 2464 xix,
2759 2395 2883 2466 {7);
2916 2414 2934 2447 ι
2996 2410 3060 2451 ac
3095 2396 3142 2453 si
3178 2396 3437 2453 dixisset:

1860 2484 2004 2552 Quid
2024 2500 2111 2542 me
2138 2484 2275 2542 dicis
2297 2500 2390 2541 ore
2414 2485 2640 2551 bonum,
2669 2501 2831 2557 quem
2861 2485 3020 2540 corde
3044 2500 3211 2557 negas
3236 2485 3442 2542 Deum?

1862 2579 2017 2637 Sicut
2041 2595 2172 2652 ergo
2204 2595 2346 2635 unus
2388 2580 2489 2636 iste
2513 2579 2650 2650 legis
2691 2580 2969 2646 alumnus,
2994 2581 3075 2637 sic
3112 2590 3259 2637 totus
3301 2597 3441 2653 pene

1857 2670 2120 2728 «Iudaicus
2170 2672 2403 2743 populus
2444 2672 2782 2729 divinitatem
2837 2670 2967 2729 Jesu
3013 2674 3231 2745 negavit
3261 2675 3439 2740 corde,

1858 2765 2024 2821 etiam
2063 2780 2187 2820 cum
2237 2779 2363 2819 eum
2407 2764 2675 2837 magistri,
2717 2765 2803 2820 vel
2851 2764 2982 2820 boni
3025 2774 3122 2821 aut
3164 2766 3445 2838 prophetae

1860 2856 2043 2929 magni
2073 2856 2362 2911 bonoravit
2384 2857 2624 2913 nomine.
2656 2854 2811 2913 Unde
2835 2867 2891 2913 et
2916 2857 2983 2912 de
3013 2857 3131 2929 ipso
3152 2874 3184 2913 a
3207 2858 3442 2914 Domino

1860 2967 1956 3024 per
1981 2951 2301 3023 prophetam
2327 2951 2527 3007 dicitur
2558 2968 2573 3007 ε
2601 2969 2620 3003 ι
2642 2949 2883 3021 Populus
2914 2951 3002 3008 bic
3034 2951 3195 3008 labiis
3227 2967 3314 3008 me
3336 2953 3442 3009 bo-

1860 3054 2043 3113 norat,
2065 3060 2162 3102 cor
2181 3052 2363 3100 autem
2388 3058 2579 3100 eorum
2624 3044 2785 3115 longe
2807 3056 2891 3101 est
2923 3060 2954 3100 a
3001 3060 3089 3100 me
3110 3045 3306 3116 (Marc.
3340 3062 3439 3112 vn,

1860 3138 1942 3209 6).
1974 3157 1994 3191 ι
2028 3136 2118 3195 Sic
2142 3138 2323 3209 plane,
2350 3137 2431 3193 sic
2467 3136 2669 3207 impius
2714 3145 2768 3192 et
2790 3136 3042 3206 insipiens
3063 3134 3286 3194 Judaeus
3305 3138 3445 3192 dixit

1861 3232 1918 3284 in
1951 3230 2106 3285 corde
2126 3245 2220 3285 suo
2245 3245 2264 3283 .·
2286 3226 2410 3283 Non
2430 3238 2506 3284 est
2533 3228 2693 3283 Deus.
2719 3227 2891 3294 Dixit,
2910 3227 3156 3298 inquam,
3192 3228 3442 3300 insipiens

1861 3339 1928 3379 ac
1971 3337 2162 3394 sapere
2212 3322 2405 3378 nolens
2434 3339 2447 3376 :
2475 3338 2495 3373 ι
2522 3319 2637 3376 Non
2666 3329 2750 3377 est
2775 3320 2938 3388 Deus,
2961 3339 2979 3372 υ
3031 3322 3128 3392 qui
3180 3340 3200 3373 ι
3231 3322 3439 3379 utinam

1863 3424 2082 3486 saperet
2148 3423 2203 3471 et
2262 3413 2586 3486 intelligeret
2661 3429 2727 3470 ac
2787 3413 3080 3470 novissima
3137 3413 3447 3484 provideret

1863 3505 2046 3574 (Dent.
2080 3520 2256 3571 xxxii,
2281 3505 2397 3575 29).
2428 3523 2448 3555 ι

1936 3597 2033 3653 Vel
2058 3598 2310 3668 insipiens
2359 3598 2577 3669 gentilis
2615 3597 2754 3652 dixit
2799 3611 2906 3653 non
2954 3597 3023 3653 de
3051 3597 3273 3655 Christo
3315 3607 3445 3654 tan·-

1865 3700 2001 3758 tum,
2030 3689 2127 3745 sed
2155 3688 2404 3744 absolute
2434 3707 2449 3744 :
2480 3689 2607 3760 quia
2639 3688 2781 3745 Deus
2811 3705 2912 3744 non
2938 3697 3034 3745 est.
3081 3689 3151 3747 At
3185 3690 3293 3747 hoc
3333 3705 3446 3746 non

1864 3781 2070 3848 verbis,
2098 3781 2193 3839 sed
2234 3787 2416 3836 tamen
2462 3781 2520 3835 in
2546 3781 2701 3835 corde
2728 3797 2825 3836 suo
2876 3781 3036 3836 dixit.
3081 3778 3268 3853 Neque
3294 3785 3444 3839 enlm

1866 3872 1972 3944 ipsi
2001 3871 2253 3943 sacrilegi
2276 3869 2607 3942 philosophi,
2651 3871 2746 3942 qui
2776 3869 2912 3927 salsa
2939 3872 3007 3927 de
3037 3870 3149 3928 Deo
3177 3872 3442 3937 sentiunt,

1866 3965 1987 4024 ausi
2014 3974 2143 4022 sunt
2188 3964 2369 4020 dicere
2402 3981 2418 4018 ε
2446 3961 2568 4018 Non
2595 3972 2672 4018 est
2700 3963 2861 4030 Deus,
2906 3963 3010 4031 vel,
3057 3979 3329 4035 nusquam
3364 3974 3445 4020 est

1867 4057 2031 4125 Deus,
2052 4056 2160 4123 vel,
2180 4054 2317 4111 nibil
2336 4063 2413 4110 est
2439 4052 2613 4120 Deus,·
2644 4053 2772 4126 quia
2823 4053 3008 4111 nullus
3042 4054 3147 4111 boc
3173 4055 3339 4111 audet
3363 4056 3447 4112 di·

1866 4166 2013 4217 cere,
2038 4148 2256 4206 etiamsi
2279 4162 2451 4203 ausus
2475 4146 2643 4202 fuerit
2666 4147 2927 4219 cogitare.

1946 4240 2279 4298 Venerabilis
2302 4247 2482 4296 tamen
2513 4248 2667 4310 pater
2696 4238 2988 4311 Dionysius
3015 4238 3171 4293 Pauli
3212 4239 3445 4310 apostoli

1867 4333 2170 4406 discipulus
2194 4334 2249 4389 in
2274 4332 2414 4388 libro
2456 4332 2523 4389 de
2562 4331 2763 4388 divinis
2809 4331 3125 4387 nominibus
3159 4331 3446 4388 manifeste

1867 4427 2022 4495 dicit,
2049 4426 2307 4498 quoniam
2336 4425 2477 4480 Deus
2502 4423 2640 4479 nibil
2666 4431 2770 4491 est,
2793 4424 2939 4494 quod
2965 4423 3198 4479 dicendo
3225 4440 3331 4479 non
3362 4408 3467 4481 est'

1871 4518 2200 4576 credendum
2229 4517 2479 4588 insipiens
2508 4515 2676 4573 fuisse
2711 4515 2972 4586 sapientis
3000 4515 3245 4586 Apostoli
3272 4516 3446 4572 disci-

191 4626 340 4667 unus
368 4609 709 4667 Emmanuel.
748 4608 853 4666 Sed
884 4618 1175 4682 postquam
1230 4610 1284 4666 in
1330 4626 1494 4667 carne
1549 4610 1765 4669 mortali
1872 4611 2054 4683 pulus,
2085 4610 2181 4681 qui
2207 4625 2315 4664 non
2337 4624 2502 4665 sensu
2529 4607 2772 4679 judaico,
2799 4607 2882 4663 vel
2916 4621 3080 4663 sensu
3115 4608 3303 4678 gentili
3338 4609 3445 4664 boc

191 4702 470 4772 apparuit,
504 4699 726 4757 Judaeus
773 4703 1048 4772 insipiens,
1096 4717 1206 4758 non
1263 4702 1481 4773 sapiens
1510 4718 1595 4768 ea,
1644 4717 1767 4773 quae

190 4808 418 4848 sursum
444 4801 592 4859 sunt,
624 4793 679 4847 iu
717 4792 883 4848 corde
913 4807 1015 4849 suo
1050 4792 1209 4857 dixit,
1260 4791 1313 4848 id
1339 4801 1421 4848 est
1463 4793 1717 4866 cogitavit
1746 4810 1760 4847 ε

193 4883 320 4940 Non
363 4893 440 4938 est
489 4883 630 4939 Deus
667 4885 830 4941 bomo
858 4885 960 4941 iste
993 4884 1169 4939 «fabri
1200 4883 1345 4940 tilius
1375 4883 1593 4954 (ΜαιιΙι.
1642 4900 1763 4951 xm,

191 4977 317 5049 55),
340 4997 360 5029 ι
411 4979 571 5050 cujus
609 4988 814 5050 patrem
844 4988 900 5035 et
937 4990 1167 5035 matrem
1193 4978 1467 5034 novimus.
1506 4975 1644 5043 Hoc,
1678 4978 1765 5031 in-

190 5087 381 5144 quam,
408 5072 463 5124 in
486 5072 640 5127 corde
672 5089 768 5128 suo
789 5073 949 5140 dixit,
978 5088 1085 5129 non
1122 5072 1265 5129 sieut
1288 5070 1480 5128 Petrus
1506 5071 1576 5126 ab
1604 5069 1773 5127 ostia-

190 5164 274 5221 ria
305 5165 621 5236 requisitus,
648 5167 743 5237 qui
771 5166 988 5239 negavit
1014 5164 1293 5222 Christum
1317 5180 1432 5232 ore,
1458 5179 1565 5219 non
1590 5164 1767 5231 corde,

192 5258 535 5323 intirmitate,
564 5274 674 5314 non
706 5259 1000 5330 impietate,
1029 5260 1176 5332 quod
1198 5268 1347 5315 esset
1372 5259 1579 5314 malum
1607 5273 1772 5314 sana·

189 5349 331 5417 bile;
366 5349 461 5405 sed
488 5365 711 5420 prorsus
737 5351 891 5406 corde
922 5351 1085 5408 simul
1114 5362 1167 5407 et
1189 5366 1285 5406 ore
1314 5351 1530 5407 locutus
1557 5358 1642 5406 est
1666 5349 1768 5404 im—

191 5442 416 5513 pietate,
443 5456 551 5497 non
580 5444 916 5510 infirmitate,
949 5452 1181 5509 tumore,
1213 5457 1325 5498 non
1356 5442 1586 5498 timore:
1611 5462 1629 5493 ι
1648 5439 1766 5496 Non

189 5544 277 5591 cst
304 5533 454 5590 Deus
481 5556 499 5589 ι
537 5536 657 5604 iste,
699 5552 807 5592 non
836 5535 951 5603 Dei,
992 5536 1283 5593 sedesabri
1308 5536 1493 5592 lilius»
1529 5544 1614 5591 est
1642 5534 1763 5591 iste.

261 5624 384 5684 Jam
416 5643 565 5694 vero,
593 5630 698 5685 etsi
736 5628 1029 5700 aliquando
1068 5628 1369 5685 divinitatis
1412 5629 1633 5684 nominc
1667 5627 1771 5682 bo-

188 5719 413 5778 [oravit
432 5717 618 5782 lesum
642 5720 697 5776 in
723 5721 882 5788 (acie,
907 5729 966 5777 ut
991 5728 1077 5778 est
1101 5719 1233 5776 illud
1252 5738 1267 5775 ι
1297 5737 1317 5770 ι
1335 5717 1590 5792 Magister
1609 5719 1771 5785 bone,

1867 4712 1953 4760 est
1978 4700 2448 4760 locutus.Jud=eus
2464 4699 2609 4755 enim
2641 4708 2746 4765 est,
2773 4700 2866 4770 qui
2891 4714 3078 4755 verum
3113 4699 3282 4755 Deum
3315 4715 3448 4756 con-

1867 4797 2071 4863 fitetur,
2117 4794 2213 4851 sed
2254 4793 2306 4849 ei
2354 4807 2452 4863 pro
2494 4790 2889 4861 temporalibus
2926 4791 3112 4847 servit.
3164 4789 3304 4847 Huic
3337 4792 3446 4848 nisi

1868 4887 2145 4945 abundent
2168 4901 2253 4953 ea,
2282 4900 2383 4955 pro
2402 4884 2605 4955 quibus
2626 4882 2795 4938 Deum
2823 4883 2973 4950 colit,
2998 4884 3258 4940 continuo
3274 4883 3446 4941 Deum

1868 4995 1993 5037 esse
2020 4977 2230 5046 diffidit,
2264 4992 2425 5047 quem
2454 4976 2607 5033 colit.
2652 4974 2809 5032 Unde
2852 4974 3028 5032 Judaei
3072 4977 3285 5048 antiqui
3317 4993 3448 5048 pro-

1872 5068 2226 5127 missionibus
2244 5077 2301 5124 et
2316 5067 2744 5125 exhibitionibus
2773 5068 3040 5125 bonorum
3068 5069 3445 5139 temporalium

1870 5164 1939 5221 ad
1970 5164 2075 5220 boc
2100 5172 2229 5219 sunt
2256 5162 2464 5230 lactati,
2493 5170 2553 5217 ut
2582 5161 2753 5218 Deum
2789 5178 2912 5219 csse
2941 5162 3243 5230 crederent,
3268 5177 3300 5216 a
3338 5175 3447 5231 quo

1870 5255 2186 5312 recedentes
2226 5254 2660 5327 flagellabantur,
2708 5262 2764 5310 et
2801 5254 2890 5310 cui
2938 5254 3277 5309 adbaerentes
3307 5252 3449 5308 dita-

1871 5348 2091 5405 bantur.
2124 5347 2419 5420 Propterea
2458 5357 2512 5404 et
2540 5347 2820 5405 Christum
2853 5346 3022 5401 Deum
3044 5363 3148 5402 non
3182 5361 3295 5401 em
3328 5360 3450 5400 cre-

1872 5440 2149 5507 diderunt,
2188 5442 2324 5497 etin
2350 5442 2505 5496 eorde
2553 5458 2647 5496 suo
2693 5439 2979 5495 dixerunt:
3003 5437 3125 5493 Non
3166 5447 3244 5493 est
3283 5437 3447 5503 Deus,

1877 5533 2007 5605 quia
2037 5532 2332 5603 disputavit
2360 5540 2554 5589 contra
2599 5547 2789 5589 eorum
2839 5530 3122 5596 duritiam,
3156 5529 3453 5602 docuitque

1876 5633 2252 5697 paupertatem
2302 5627 2638 5682 sectandam.
2691 5622 2767 5679 De
2802 5638 2997 5695 genere
3023 5624 3213 5680 talium
3238 5622 3455 5679 Iudaeo-

1882 5732 2005 5773 rum
2042 5726 2172 5773 sunt
2199 5717 2354 5773 multi
2386 5716 2645 5772 babentes
2683 5729 2880 5772 nomen
2908 5717 3287 5781 christianum.
3332 5731 3453 5774 ser·
