3817 6000
247 232 356 291 889
897 229 1456 291 COMMENTAutUM
1496 234 1565 290 ΙΝ
1603 235 1942 295 PSALMOS.
1985 270 2056 281 —-
2093 237 2275 295 PARS
2311 238 2349 295 Ι.
2392 270 2463 280 —-
2498 239 2695 296 psat..
2740 240 2901 297 xvtl.
3401 247 3509 302 870

244 352 342 412 Dei
372 352 666 416 exaltatus,
702 361 756 408 et
784 353 1213 423 repromissione
1239 364 1462 425 accepta
1488 371 1521 410 a
1558 355 1722 412 Patre
1751 354 1826 412 el*-
1855 362 1900 419 Α
1927 372 2063 428 pens
2110 356 2452 429 decipiendo,
2502 356 2615 414 Eva
2652 358 2798 415 illius
2848 359 3152 431 deceptioni
3210 361 3510 430 credendo,

244 444 388 500 radit
417 445 523 500 boc
550 445 757 499 donum
789 444 965 499 sancti
997 443 1256 516 Spiritus,
1283 462 1449 518 quem
1935 447 2106 502 Adam
2143 448 2554 504 consentiendo.
2594 448 2976 506 Proevenerunt
3003 467 3084 506 me
3115 453 3170 507 in
3209 453 3294 507 die
3334 454 3516 525 afflic-

318 535 485 592 Veus,
530 536 617 592 1Ἰ.
662 534 812 591 Misit
841 536 906 591 de
939 553 1147 592 summo
1190 538 1335 595 sicut
1373 541 1721 610 promiserat,
1747 540 1833 598 di-

242 644 375 687 cens
414 647 429 684 :
459 648 478 681 ι
507 626 645 683 Cum
676 628 885 684 venerit
918 626 1256 697 ParacletuS,
1286 645 1450 701 quem
1481 647 1582 704 ego
1616 633 1829 689 mittam

242 721 406 777 vobis
441 737 472 776 a
501 719 686 788 Patre,
727 719 990 791 Spiritum
1017 722 1262 779 veritatis
1301 722 1482 796 (Ioan.
1517 740 1605 791 xv,
1641 724 1756 797 26).
1803 744 1824 778 s

241 812 418 885 lgitur
446 812 513 867 de
537 828 742 867 summo
767 810 930 868 Patre
952 813 1100 867 misit
1120 813 1293 870 Filius
1314 816 1648 886 promissum
1671 831 1831 887 para-

241 907 468 963 cletum.
500 904 571 960 Et
593 906 794 976 accepit
817 923 898 961 me
927 922 1185 978 sponsam
1221 906 1498 974 dilectam,
1525 916 1579 963 et
1602 907 1829 964 electam

239 1007 373 1054 ante
396 1006 642 1067 tempora
680 998 963 1053 saecularia
991 999 1284 1072 gloriosam
1312 997 1637 1056 Ecclesiam.
1667 1001 1830 1056 Acce-

237 1093 321 1163 pit
351 1108 455 1158 me,
509 1091 564 1147 id
601 1101 686 1147 est
722 1093 1109 1164 acceptabilem
1135 1093 1242 1149 sibi
1273 1108 1362 1149 me
1389 1091 1518 1149 fecit
1549 1108 1644 1165 per
1666 1093 1827 1149 iidem

239 1182 568 1254 inspiratam
616 1183 685 1238 de
718 1181 927 1254 Spiritu
955 1198 1075 1239 suo.
1108 1182 1179 1237 Et
1212 1185 1497 1254 assumpsit
1522 1201 1604 1238 me
1631 1182 1687 1239 in
1711 1183 1827 1240 lne-

237 1276 531 1332 reditatem
571 1293 753 1343 suam,
794 1280 855 1332 ut
885 1276 992 1333 sim
1027 1276 1275 1333 cohaeres
1315 1275 1516 1347 ipsius,
1546 1284 1602 1331 et
1634 1290 1827 1333 omnes

235 1367 340 1423 filii
359 1370 470 1425 mei
489 1369 557 1425 de
588 1367 794 1441 Spiritu
826 1384 928 1425 suo
952 1376 1307 1440 regenerante
1334 1367 1468 1423 mihi
1494 1382 1713 1439 sponsae
1741 1383 1829 1440 ge-

236 1462 423 1518 nerati
467 1462 578 1519 sint
625 1462 869 1519 haeredes
895 1462 1118 1533 quidem
1158 1460 1279 1528 Dei,
1302 1460 1616 1518 cohaeredes
1643 1470 1826 1517 autem

236 1554 421 1626 ipsius
453 1554 664 1610 Christi
720 1554 909 1626 sponsi
954 1553 1093 1621 mei,
1146 1552 1241 1624 qui
1278 1551 1538 1623 Spiritum
1576 1562 1824 1609 sanctum

235 1648 390 1703 misit
424 1647 490 1703 de
513 1664 739 1716 summo,
769 1657 820 1702 et
852 1646 1051 1717 accepit
1089 1662 1192 1713 me,
1230 1655 1283 1700 et
1332 1646 1620 1715 assumpsit
1653 1661 1734 1699 me
1760 1644 1826 1699 de

233 1742 396 1813 aquis
420 1739 605 1795 multis
626 1783 642 1808 ,
676 1740 731 1796 id
779 1748 865 1798 est
925 1740 993 1796 de
1036 1737 1254 1809 populis
1284 1739 1474 1794 multis
1504 1738 1732 1795 electam
1771 1747 1825 1794 et
1856 1711 1897 1767 B

232 1839 603 1903 segregatam,
628 1839 796 1903 atque
825 1830 894 1887 de
933 1830 1094 1902 aquis
1119 1829 1375 1900 baptismi
1414 1829 1500 1886 sui
1531 1845 1822 1902 regenera-

234 1932 377 1980 tam.
410 1923 510 1980 Vel
539 1925 669 1996 quia
702 1926 758 1980 in
806 1924 966 1993 cibis,
997 1933 1054 1981 et
1081 1923 1323 1995 potibuS,
1360 1931 1415 1979 et
1448 1923 1616 1979 variis
1642 1925 1822 1996 bapti-

229 2016 510 2073 smatibus
538 2018 974 2089 pharisaicarum
1006 2017 1357 2073 traditionum
1383 2016 1533 2071 salus
1564 2031 1672 2072 non
1697 2016 1819 2085 fuit,

229 2108 528 2176 assumpsit
550 2122 631 2162 ma
663 2106 728 2161 de
751 2107 903 2177 aquis
927 2105 1130 2173 multis,
1165 2106 1232 2161 de
1255 2104 1424 2160 variis
1456 2105 1665 2161 scilicet
1694 2106 1824 2178 bap-

229 2199 552 2257 tismatibus
592 2201 772 2257 dando
797 2216 967 2257 unum
998 2200 1179 2255 solum
1224 2198 1496 2270 baptisma
1536 2214 1719 2265 suurn,
1763 2200 1819 2256 in

227 2309 350 2364 quo
392 2294 543 2351 salus
580 2304 685 2352 est.
730 2294 796 2351 Et
826 2296 930 2351 boc
976 2293 1142 2350 modo
1172 2306 1269 2364 per
1315 2305 1476 2347 suum
1527 2290 1817 2362 baptisma,

230 2386 397 2457 quasi
419 2402 517 2458 per
539 2386 713 2441 Rubri
739 2388 907 2443 maris
931 2387 1249 2444 transitum.

308 2476 475 2533 Vens.
502 2476 590 2533 18.
634 2475 849 2549 Eripuit
874 2494 956 2532 me
976 2477 1040 2532 de
1077 2476 1311 2532 inimicis
1337 2476 1466 2530 meis
1490 2474 1816 2545 fortissimis,

230 2568 310 2625 de
333 2570 784 2640 persequentibus
803 2584 892 2625 me
915 2569 1169 2626 curribus
1186 2566 1475 2623 invisibilis
1494 2564 1815 2631 Pharaonis,

232 2662 309 2716 dc
339 2662 576 2732 peccatis
612 2661 843 2728 scilicet,
884 2676 1008 2733 quae
1051 2661 1251 2717 obruta
1293 2657 1507 2715 suntin
1545 2658 1818 2729 baptismo

233 2761 500 2824 tanquam
527 2751 581 2806 in
612 2753 748 2808 mari
776 2753 983 2809 Rubro.
1008 2750 1084 2809 De
1104 2751 1190 2809 bis
1213 2751 1463 2821 inimicis,
1489 2760 1615 2807 ante
1643 2751 1818 2823 bapti-

229 2846 342 2903 smi
364 2847 593 2918 gratiam
619 2856 928 2918 perceptam
966 2845 1273 2918 fortissimis
1308 2856 1496 2904 contra
1526 2848 1698 2919 legem
1728 2861 1820 2901 na·

229 2938 467 2994 turalem
494 2946 551 2994 et
574 2939 856 3010 scriptam,
886 2938 1015 3009 quia
1054 2937 1143 2993 lex
1166 2936 1548 2995 infirmabatur
1569 2954 1664 3010 per
1692 2953 1818 2993 car-

229 3049 385 3101 nem,
425 3032 500 3088 ita
524 3041 585 3088 ut
613 3047 723 3088 non
748 3040 937 3102 posset
960 3031 1027 3086 de
1057 3031 1237 3087 medio
1282 3032 1471 3088 tollere
1504 3031 1819 3087 inimicitia·

229 3142 358 3181 rum
404 3125 697 3197 parietem;
736 3143 757 3176 s
809 3123 878 3180 ab
910 3123 996 3179 bis
1039 3123 1215 3196 (Rom.
1249 3138 1369 3191 vm,
1399 3125 1478 3192 5),
1516 3143 1535 3176 s
1568 3124 1812 3196 inquam,

230 3219 465 3273 inimicis
489 3217 797 3289 fortissimis
826 3230 924 3287 per
953 3213 1217 3287 Spiritum
1245 3224 1495 3271 sanctum
1537 3217 1592 3270 in
1635 3216 1815 3287 bapti-

229 3326 358 3368 smo
385 3311 521 3367 mihi
547 3311 735 3367 datum
761 3310 956 3381 eripuit
979 3326 1079 3364 me.

305 3405 378 3462 Et
413 3404 477 3461 ab
508 3406 591 3462 liis
616 3406 803 3472 ctiam,
825 3405 916 3477 qui
944 3402 1168 3459 oderunt
1195 3420 1297 3472 nte,
1327 3418 1360 3459 a
1384 3403 1644 3476 malignis
1669 3402 1818 3460 vide-

230 3495 365 3554 licet
386 3495 669 3568 spiritibus
703 3495 905 3567 eripuit
954 3511 1064 3562 me,
1093 3494 1224 3566 quia
1258 3509 1368 3551 non
1410 3495 1589 3552 solum
1619 3510 1814 3553 currus

231 3589 561 3658 Pharaonis,
614 3590 710 3662 qui
753 3591 823 3646 de
879 3591 1014 3648 rotis
1062 3601 1411 3663 peccatorum
1457 3600 1514 3649 et
1554 3590 1836 3648 vitiorum·

232 3681 503 3753 compacti
531 3680 770 3750 luerunt,
803 3681 898 3737 sed
921 3683 1085 3737 etiam
1116 3682 1418 3738 exercitum
1448 3683 1593 3753 ejus,
1622 3683 1716 3756 qui
1745 3682 1815 3738 de

231 3775 491 3847 malignis
523 3774 732 3846 angelis
763 3775 1024 3831 collectus
1061 3773 1338 3831 serebatur
1364 3776 1419 3830 in
1449 3775 1657 3832 talibus
1683 3789 1811 3829 cur-

230 3868 412 3934 ribus,
442 3866 671 3938 projecit
704 3866 762 3921 in
798 3880 951 3921 mare
991 3863 1268 3921 suffocans
1301 3880 1397 3921 eos
1425 3879 1567 3936 aqua
1596 3873 1651 3921 et
1685 3879 1815 3920 san-

232 3960 401 4031 guine
433 3959 502 4014 de
541 3957 709 4015 latere
737 3971 839 4014 suo
862 3956 1181 4027 profluente.
1217 3953 1485 4036 Ideo-ipse
1512 3970 1611 4026 per
1640 3970 1699 4011 se
1731 3955 1812 4026 ip-

232 4066 359 4108 sum
391 4067 422 4105 a
452 4050 653 4106 talibus
684 4048 936 4104 inimicis
963 4047 1157 4117 eripuit
1200 4061 1304 4112 me,
1345 4045 1482 4116 quia
1501 4044 1652 4101 novit
1677 4045 1810 4100 mibi

1935 538 2095 592 tionis
2142 555 2312 604 meoe,·
2350 539 2478 609 qnia
2532 539 2651 610 ipsa
2694 540 2811 596 dies
2870 540 3199 598 conditionis
3250 542 3391 599 lacta
3428 554 3513 601 est

1934 629 2068 685 mihi
2094 629 2211 686 dies
2240 630 2560 701 afflictionis,
2592 645 2718 687 cum
2751 632 2805 687 in
2847 633 2978 703 ipsis·
3018 637 3150 689 Tul-ia.
3194 641 3511 705 parentibus

1933 722 2230 792 expellerer
2268 724 2335 779 de
2377 725 2671 797 paradiso,
2702 733 2756 781 et
2798 726 3098 798 subjicerer
3142 733 3507 785 rutsll.‚·2,lls·:iuni

1931 824 2305 886 peccatorum,
2331 827 2387 874 et
2421 818 2517 873 irae
2545 818 2641 874 Dei
2663 818 2895 876 dicentis
2918 821 2982 875 all
3026 821 3194 873 filiam
3234 845 3242 873 ;
3291 845 3307 873 ι
3359 825 3507 877 lintw-

1931 906 2078 962 dicta
2117 914 2261 963 terra
2297 907 2355 963 in
2378 923 2542 979 opere
2568 918 2706 978 tuo;
2745 925 2871 965 cum
2908 925 3162 982 operatus
3198 914 3363 970 snm-is
3403 926 3507 970 tnr-

1930 1012 2071 1065 ram,
2097 1013 2208 1054 non
2242 1000 2394 1056 dabit
2421 1000 2661 1057 srttctum
2686 1017 2873 1070 suum,
2902 1006 2994 1059 seli
3030 1006 3234 1074 spinas,
3263 1018 3311 1058 nt
3341 1010 3508 1062 tribu·

1931 1089 2014 1146 los
2058 1092 2384 1163 germinabit
2429 1094 2525 1149 tibi
2566 1094 2774 1168 (Genes.
2813 1111 2896 1162 tn,
2935 1097 3022 1162 Π,
3070 1102 3174 1170 iiij.
3214 1122 3230 1150 ι
3271 1102 3399 1154 irent
3443 1106 3507 1154 :nl

1930 1179 2099 1237 Evam
2156 1202 2169 1237 z
2224 1202 2243 1235 s
2317 1183 2689 1256 Multiplicabo
2753 1203 3028 1243 aerumnas
3094 1199 3148 1243 et
3211 1202 3510 1263 conceptus

1929 1283 2077 1342 tuoS,
2124 1283 2229 1331 etc.
2267 1276 2447 1348 (ibid.,
2485 1278 2597 1347 16),
2632 1298 2651 1332 ι
2703 1281 2785 1335 sic
2813 1294 3175 1350 proeveucrunt
3210 1300 3291 1337 me
3331 1284 3388 1338 in
3420 1285 3511 1342 die

1930 1367 2229 1437 afflictionis
2266 1368 2691 1426 intercludentes
2719 1371 2854 1425 mibi
2885 1371 3029 1427 diem
3078 1372 3323 1441 Sabbati,
3360 1377 3508 1433 diem

1928 1461 2330 1528 exsultationiS,
2354 1463 2614 1533 quoniam
2648 1479 2824 1534 usquc
2851 1464 2917 1520 ad
2942 1464 3097 1520 illum
3122 1480 3231 1521 non
3259 1483 3510 1538 perman·

1929 1559 2120 1606 serunt
2152 1552 2207 1606 in
2230 1552 2487 1622 paradiso
2509 1553 2910 1610 exsultationis.

2001 1640 2071 1695 Et
2094 1640 2268 1711 factus
2310 1652 2389 1697 est
2417 1642 2669 1698 Dominus
2697 1653 2962 1714 protector
2989 1660 3156 1713 meus,
3187 1645 3352 1700 etiam
3376 1653 3510 1702 tunc

1927 1733 2265 1801 inimicitias}
2284 1735 2669 1792 constituendo
2706 1738 2848 1793 inter
2878 1736 3136 1794 seminam
3190 1748 3245 1795 ct
3275 1754 3505 1810 serpen-

1929 1833 2057 1890 tem,
2087 1833 2142 1881 et
2190 1841 2375 1882 semen
2413 1827 2629 1884 l'cminae
2672 1844 2737 1885 ac
2773 1844 2961 1885 semen
3004 1832 3295 1901 serpentiS,
3340 1840 3507 1903 atquc

1926 1918 2295 1975 intercludens
2348 1920 2484 1974 mibi
2513 1920 2659 1975 viam
2688 1920 2823 1992 ligni
2856 1922 3000 1988 vitae,
3037 1937 3129 1989 ne,
3176 1922 3224 1978 si
3254 1922 3381 1978 inde
3409 1938 3507 1979 co·
3536 1976 3546 1986 ,

1925 2012 2224 2069 medisseat
2252 2012 2506 2069 homines
2535 2013 2745 2080 miseri,
2768 2020 2914 2069 esset
2952 2028 3146 2069 eorum
3171 2012 3504 2070 immortalis

1926 2105 2151 2161 miseria
2208 2115 2264 2161 et
2312 2105 2513 2162 misera
2565 2107 2980 2172 immortalitas;
3036 2106 3509 2177 quemadmodum

1924 2200 2242 2272 angelornm
2292 2199 2790 2270 praevaricantium,
2840 2200 2935 2270 qui
2980 2210 3202 2271 propter
3250 2214 3365 2256 suae
3398 2200 3505 2256 mi·

1924 2306 2060 2349 serae
2089 2292 2215 2347 vitae
2247 2291 2736 2358 immortalitatem,
2782 2309 2891 2347 non
2936 2293 3219 2349 inveniunt
3265 2294 3500 2350 reditum

1924 2383 1993 2439 ad
2017 2384 2385 2441 bumilitatem
2407 2394 2461 2441 et
2489 2385 2744 2461 salutem.
2773 2384 2851 2441 Ne
2876 2386 3060 2456 itaque
3084 2385 3218 2440 mibi
3250 2385 3505 2441 similiter

1922 2479 2283 2551 contingeret,
2303 2479 2478 2550 factus
2499 2487 2579 2535 est
2594 2476 2851 2533 Dominus
2868 2487 3133 2549 protector
3157 2495 3301 2533 meus
3322 2477 3506 2534 dando

1921 2571 2058 2626 mibi
2087 2571 2300 2627 tunicas
2326 2569 2617 2642 pelliceas,
2662 2569 2716 2624 id
2762 2579 2866 2638 est,
2898 2570 3282 2626 mortalitatem
3310 2584 3504 2641 corpo·

1920 2678 2066 2730 rum,
2092 2678 2192 2734 per
2217 2677 2382 2734 quam
2411 2663 2567 2718 tieret
2594 2661 2729 2718 mibi
2752 2662 3021 2719 medicina
3052 2670 3243 2718 contra
3266 2669 3503 2718 mortem

1921 2755 2253 2811 animarum.
2296 2754 2363 2810 Et
2393 2756 2451 2811 in
2497 2770 2721 2812 carcere
2760 2755 3113 2811 mortalitatis
3141 2755 3236 2811 diu
3272 2753 3499 2825 quidem

1920 2848 2206 2920 castigavit
2248 2863 2366 2916 me,
2403 2847 2500 2904 sed
2550 2848 2770 2904 tandem
2808 2848 2865 2903 in
2895 2846 3139 2915 Christo,
3171 2846 3239 2903 'in
3277 2846 3502 2902 bomine

1921 2940 2174 2999 videlicet
2197 2940 2316 2997 sine
2350 2947 2576 3012 peccato
2604 2956 2705 3013 pro
2744 2939 3125 3012 peccatoribus
3163 2950 3401 3009 mortno,
3434 2954 3502 2996 ac

1921 3037 2156 3108 sepulto,
2186 3047 2243 3094 et
2283 3054 2459 3110 usque
2499 3038 2555 3093 in
2603 3036 2878 3093 infernum
2912 3036 3201 3093 humiliato
3224 3078 3244 3104 ,
3272 3045 3435 3107 atque
3465 3050 3499 3090 a

1920 3129 2154 3185 mortuis
2183 3128 2508 3185 resuscitato
2537 3129 2653 3200 ipse
2679 3127 2845 3197 Dens,
2872 3128 2968 3200 qui
2997 3143 3087 3184 me
3111 3128 3166 3183 in
3188 3127 3379 3184 eodem
3405 3127 3501 3182 lto-

1918 3221 2068 3277 mine
2093 3222 2316 3292 accepit,
2343 3228 2393 3276 et
2418 3221 2707 3291 assumpsit
2743 3219 2807 3274 de
2837 3221 2992 3291 aquis
3024 3218 3227 3286 multis,
3260 3226 3323 3275 ut
3358 3234 3499 3289 prae-

1918 3312 2124 3370 dictum
2154 3320 2259 3381 est,
2288 3312 2468 3383 ipsum
2494 3309 2594 3369 Dei
2616 3311 2848 3368 verbum
2870 3311 3217 3368 incarnatum
3243 3310 3301 3366 in
3330 3323 3501 3369 carne

1918 3422 2018 3463 sua
2049 3406 2162 3478 jam
2193 3405 2516 3478 glorificata,
2562 3412 2618 3462 et
2648 3403 2967 3472 clarificata,
2997 3412 3162 3475 atque
3200 3403 3254 3459 in
3295 3402 3500 3459 throno

1916 3508 2154 3570 paternae
2177 3478 2479 3568 majestatis
2502 3497 2789 3554 collocata.

1987 3589 2151 3648 Vena.
2178 3588 2269 3646 20.
2307 3589 2506 3645 Eduxit
2526 3605 2609 3644 me
2638 3590 2693 3644 in
2725 3589 3023 3645 latudinem
3065 3587 3405 3652 aeternitatis.
3428 3588 3499 3644 de

1914 3681 2166 3752 angustia
2198 3679 2517 3751 temporalis
2544 3678 2913 3737 mortalitatis.
2963 3677 3078 3736 floc
3116 3679 3230 3750 iam
3289 3678 3495 3736 factam

1914 3781 1999 3831 est
2044 3773 2099 3828 in
2130 3773 2387 3844 primitiis
2407 3771 2820 3841 dormientium,
2868 3772 2925 3828 in
2970 3772 3193 3828 homine
3223 3771 3499 3844 primoge-

1914 3867 2031 3923 nito
2053 3875 2415 3922 mortuorum.
2470 3861 2627 3920 Unde
2651 3863 2812 3934 quasi
2837 3872 3062 3935 accepto
3091 3864 3321 3934 pignore
3342 3862 3497 3919 salu-

1914 3956 1986 4014 tis
2014 3957 2068 4013 in
2091 3957 2266 4027 capite
2290 3971 2434 4023 meo,
2464 3955 2590 4011 dico
2621 3954 2949 4011 fiducialiter
2977 3955 3047 4011 de
3073 3969 3159 4010 me
3186 3970 3329 4011 novo
3366 3955 3495 4011 novi

1913 4049 2109 4119 capitis
2135 4061 2383 4119 corpore,
2413 4045 2562 4118 quod
2600 4045 2805 4101 salvum
2853 4061 2934 4100 me
2972 4045 3097 4116 fecit
3143 4045 3497 4115 configurans

1913 4154 2113 4215 corpus
2135 4140 2459 4197 humilitatis
2486 4156 2621 4198 meae
2640 4140 2856 4211 corpori
2879 4137 3143 4195 claritatis
3176 4154 3309 4194 suae.
3334 4137 3493 4204 Quod

1910 4251 1979 4292 ex
2008 4250 2075 4292 eo
2122 4234 2393 4306 concipio,
2423 4243 2478 4289 ct
2498 4233 2684 4300 credo,
2728 4233 2977 4304 quoniam
3007 4231 3169 4286 ualuit
3215 4247 3316 4298 me,
3339 4238 3495 4285 ante-

232 4142 380 4198 vires
407 4149 596 4197 contra
637 4156 732 4197 eos
760 4138 1045 4207 defecisse,
1075 4154 1218 4210 quos
1258 4153 1361 4194 nec
1382 4152 1479 4208 per
1506 4137 1680 4210 legem
1713 4154 1813 4194 na-

235 4234 490 4301 turalem,
521 4249 622 4290 nec
648 4248 744 4305 per
768 4234 939 4305 legem
968 4232 1226 4304 scriptam
1277 4233 1431 4304 potui
1457 4247 1736 4304 superare.

305 4328 570 4394 Quoniam
615 4326 902 4398 confortati
932 4333 1056 4380 sunt
1097 4342 1254 4396 super
1284 4342 1368 4380 me
1395 4325 1453 4381 in
1501 4325 1809 4382 actualibus
1910 4342 2075 4401 quarn
2105 4342 2207 4401 ego
2234 4327 2451 4384 vellem.
2481 4325 2638 4383 Prior
2683 4326 2802 4396 ipsc
2830 4324 3021 4381 dilexit
3051 4338 3160 4392 me,
3205 4330 3369 4393 atque
3399 4335 3493 4376 vo-

232 4420 432 4492 cnlpis,
462 4429 512 4474 et
541 4428 882 4490 prevenerunt
906 4433 994 4474 me
1022 4417 1078 4472 in
1108 4418 1360 4489 originali
1389 4427 1638 4490 pcccato,
1664 4426 1812 4474 ante·
1841 4419 1886 4475 D
1915 4419 2017 4475 luit
2038 4435 2126 4475 me
2154 4417 2389 4490 gratuita
2412 4433 2513 4474 sua
2545 4416 2878 4487 benignitate
2909 4415 2965 4471 in
2995 4414 3183 4480 multis
3211 4410 3495 4468 beneficiis

234 4532 402 4588 quam
440 4530 694 4572 nascerer
738 4514 792 4570 in
838 4515 985 4570 hunc
1027 4503 1315 4569 mundum.
1368 4511 1481 4569 lmo
1522 4512 1576 4568 in
1619 4512 1811 4584 primis
1911 4511 2250 4583 praeveniens
2275 4525 2382 4578 me,
2410 4506 2666 4580 lecitque,
2696 4517 2756 4564 ut
2786 4522 2888 4580 ego
2912 4506 3103 4563 vellem
3155 4506 3357 4577 ipsum,
3396 4502 3493 4575 qui

232 4609 554 4673 parentibus
582 4608 741 4675 meis,
764 4617 1054 4678 antequam
1085 4606 1348 4661 intrarem
1388 4605 1808 4661 sabbatismum.
1914 4605 2064 4677 prior
2088 4603 2259 4661 voluit
2288 4619 2395 4660 me.
2425 4601 2493 4658 Et
2518 4603 2661 4669 ideo,
2690 4600 2817 4672 quia
2843 4616 2990 4656 nunc
3019 4598 3195 4654 babeo
3216 4599 3283 4653 ad
3308 4599 3493 4669 ipsum

232 4704 316 4758 Ad
350 4705 452 4758 boc
475 4704 622 4759 enim
669 4702 811 4758 Deus
834 4717 922 4756 me
964 4699 1189 4765 creavit,
1226 4707 1282 4754 et
1329 4697 1710 4769 multiplicavit
1755 4696 1810 4751 in
1915 4713 2039 4754 cum
2068 4696 2213 4752 bona
2233 4696 2511 4752 voluntate
2532 4693 2798 4760 lidcm,ex
2822 4708 2928 4765 qua
2952 4692 3139 4763 justus
3160 4690 3293 4747 vivit
3313 4688 3488 4764 (Rom.

231 4796 552 4868 parentibus
581 4796 740 4860 meis,
765 4809 905 4866 quos
932 4793 1071 4848 bene
1101 4790 1363 4857 condidit,
1393 4798 1449 4846 et
1473 4799 1531 4845 ut
1552 4788 1842 4860 multipli-·
1916 4804 1956 4855 ι,
1987 4788 2099 4860 17),
2152 4787 2255 4843 hoc
2302 4801 2462 4858 spero
2491 4785 2635 4856 quod
2676 4783 2962 4852 Dominus,
2996 4783 3093 4855 qui
3136 4783 3278 4839 banc
3328 4782 3492 4839 tidem

232 4899 512 4957 carentur‚
544 4888 821 4945 benedixit
848 4888 1036 4943 dicens
1072 4905 1085 4942 :
1116 4906 1135 4939 ι
1167 4883 1431 4951 Crescite,
1459 4892 1514 4939 et
1551 4881 1814 4952 multipli-

230 4983 460 5050 camini,
491 4992 546 5037 et
577 4983 777 5053 replete
820 4991 1025 5037 terram
1052 4979 1260 5051 (Genes.
1298 4993 1338 5043 1,
1363 4976 1488 5048 28);
1522 4995 1541 5028 s
1581 4974 1650 5030 ad
1684 4974 1810 5038 hoc,

232 5080 482 5151 inquam,
507 5076 710 5133 iactum
737 5081 821 5131 est
849 5073 953 5128 hoc
981 5071 1035 5127 in
1066 5071 1155 5127 die
1185 5079 1361 5138 sexta,
1391 5077 1452 5124 ut
1483 5076 1678 5122 natura
1710 5065 1813 5120 hu-

229 5187 396 5227 mana
437 5181 492 5226 et
532 5168 814 5226 benedicta
847 5163 1228 5239 multiplicatio
1252 5162 1396 5233 ejuS,
1429 5165 1811 5232 consummata

231 5265 566 5334 obedientia,
611 5264 667 5319 in
696 5263 786 5319 die
818 5270 971 5318 sexta
1011 5259 1294 5315 introisset
1334 5255 1391 5311 in
1422 5253 1667 5325 requiem
1705 5250 1811 5307 diei

231 5359 499 5430 septimae,
523 5356 579 5412 in
604 5371 713 5428 qua
731 5353 998 5426 requievit
1027 5351 1171 5407 Deus
1195 5346 1595 5407 consummatis
1621 5342 1812 5400 mundi

230 5451 515 5522 operibus.
562 5448 633 5505 At
661 5463 763 5520 ego
787 5447 844 5503 in
875 5445 1020 5502 diem
1045 5442 1269 5500 Sabbati
1292 5456 1405 5498 non
1433 5437 1656 5513 perveni
1683 5445 1814 5492 tunc

233 5547 288 5601 in
323 5543 645 5615 parentibus
675 5540 836 5608 meis,
866 5537 1128 5610 quoniam

303 5635 468 5692 Vens.
511 5634 599 5690 19.
641 5633 1018 5688 Proevenernnt
1044 5644 1125 5683 me
1154 5628 1208 5682 in
1228 5626 1314 5682 die
1340 5623 1639 5697 afflictionis
1658 5638 1805 5679 τηεσε.

235 5729 606 5785 Proevenerunt
630 5743 708 5782 me
741 5722 948 5798 pariter
971 5736 1196 5794 serpens
1217 5718 1330 5776 Eva
1356 5727 1412 5775 et
1433 5718 1605 5775 Adam
1640 5731 1811 5795 :Jer-

1909 4881 2299 4955 justificantem
2328 4888 2383 4937 et
2407 4895 2474 4935 ex
2505 4878 2648 4934 bona
2670 4879 2951 4935 voluntate
2980 4885 3294 4949 operantem
3324 4878 3493 4946 gratis

1916 4976 2084 5043 dedit,
2116 4975 2232 5046 ipse

1992 5066 2153 5124 Vens.
2177 5067 2267 5123 21.
2300 5066 2569 5123 Retribuat
2600 5066 2731 5122 ntihi
2783 5066 3005 5139 praemia
3052 5074 3254 5122 aeterna
3306 5081 3493 5120 secun-

1914 5161 2042 5215 dum
2068 5159 2335 5228 iustitiam
2363 5175 2554 5227 ineam,
2573 5173 2697 5231 quae
2717 5158 2876 5215 estin
2908 5157 3015 5212 lide
3040 5172 3106 5213 ac
3133 5156 3274 5212 bona
3297 5156 3493 5210 volun-

1914 5260 2059 5319 tate;
2088 5260 2141 5306 et
2162 5250 2450 5305 secundum
2475 5253 2762 5321 puritatem
2787 5265 3039 5304 manuum
3076 5263 3333 5314 mearum,
3369 5262 3494 5317 quae

1914 5354 1998 5403 est
2023 5345 2080 5399 in
2111 5343 2449 5414 operatione,
2490 5341 2740 5397 retribuet
2766 5341 2916 5395 milti.

1984 5432 2082 5490 Est
2109 5443 2289 5489 autem
2328 5432 2383 5487 in
2430 5433 2537 5487 hoc
2575 5430 2696 5487 loco
2723 5431 3026 5487 secundnm
3055 5429 3325 5485 rationem
3361 5426 3489 5483 lidei

1914 5526 2186 5583 rhetorica
2207 5524 2382 5581 oratio
2409 5532 2793 5596 argumentose
2814 5522 2869 5578 in
2894 5521 3138 5594 quinque
3173 5527 3355 5592 partes
3400 5517 3489 5576 di-

1914 5619 2143 5685 stincta;
2196 5615 2448 5672 videlicet
2477 5616 2504 5670 1
2566 5612 3035 5685 propositionem;
3087 5612 3125 5666 2
3185 5612 3487 5679 rationem,

1914 5709 1951 5764 5
1997 5708 2227 5767 rationis
2302 5705 2808 5772 confirmationem3
2861 5704 2911 5780 ,t
2950 5704 3405 5766 exornationem:
3456 5702 3491 5758 5
