3817 6000
192 206 261 265 latit

673 210 828 279 eomtottt
848 210 1044 279 tnmtosrm
1064 212 1342 271 attentaseattd.

1765 219 1839 281 ΙΝ

190 319 412 390 compunctionis
425 321 575 392 liquefecit,
599 323 641 378 tel
655 324 738 380 etiam
752 326 889 392 loitchoit,
910 329 984 397 quod
999 333 1022 389 Α
1036 328 1124 392 ecelis,
1139 328 1172 382 arl
1183 343 1266 398 quam
1280 328 1422 399 suspirans
1441 328 1469 383 in
1485 328 1538 385 boc
1557 328 1743 387 tabernaculo
1765 349 1839 402 prz-

191 412 254 482 iguo
267 407 433 483 Babylonico
445 413 557 469 domum
574 412 620 468 ilci
633 415 813 487 destructam,
829 420 984 475 columnas

191 520 245 572 orie
257 503 330 558 illius
345 503 466 574 dejectas
485 506 551 574 titt,
564 508 606 561 iel
621 510 759 566 stantibus
773 524 912 582 utcunque
932 530 983 583 pni-

191 594 306 651 rirtibus
320 595 380 665 ejus
395 595 588 653 dominabatur
612 600 638 654 iti
653 616 685 655 ea
706 617 754 657 retr
779 602 920 672 prolatius,
936 620 983 662 rex

191 686 342 741 Antiochus
353 686 542 755 blacclntbaeis,
553 689 579 744 id
588 701 630 747 cst
639 694 768 749 omnihus
782 695 925 751 catltolieis
940 696 984 751 iii·
1001 720 1008 735 =

191 776 298 832 tardum
314 778 394 833 hctus
417 779 535 847 antiche,
548 780 683 838 interdurn
706 786 869 844 maitilestus
890 789 984 843 iniuri-

190 884 251 923 erts.
268 867 403 936 Quoriittm
420 870 491 926 sicut
505 872 641 928 Antiocho
654 876 785 932 irridente
800 880 983 937 sacerdotium

191 960 277 1030 impio
299 959 395 1015 Jasorti
413 960 483 1031 ignis
508 964 646 1029 sacrificii,
668 967 715 1036 qui
742 984 791 1036 per
812 970 984 1041 septuaginta

191 1069 280 1107 aritios
297 1052 469 1124 babylonicae
486 1056 662 1125 captivitatis,
684 1059 710 1114 iit
731 1076 785 1130 qua
805 1062 921 1130 uixerat,
934 1080 982 1119 ex·

192 1146 309 1200 stiitctus
323 1155 366 1201 est
382 1164 388 1199 ε
403 1145 440 1199 ita
455 1158 586 1216 rogitante
600 1165 673 1205 ituric
686 1149 808 1207 Siriiotrla
822 1153 920 1211 dontns
937 1155 985 1212 bei

191 1235 262 1290 iacta
277 1237 460 1307 estspelrrnca
474 1239 610 1295 latronum
627 1250 653 1295 ei
668 1241 767 1299 tloitios
782 1246 984 1315 negotiationis,

191 1336 285 1396 attrito,
302 1329 434 1385 nttutbis
454 1338 515 1384 atat
532 1329 632 1387 Leonis
656 1349 732 1403 papio
752 1333 785 1388 ll'
807 1337 841 1391 ad
864 1336 984 1394 Leonem

191 1420 347 1491 hugiistum
371 1423 527 1492 scribentis,
541 1429 673 1483 caminata
696 1439 735 1483 cst
751 1432 834 1489 tirttu
846 1434 985 1504 sacrificii.

1037 421 1124 476 sentis
1138 419 1268 476 Ecclesiae
1282 436 1456 492 gemensego
1467 421 1560 477 anima
1575 422 1676 477 solatia
1690 423 1783 479 aruba
1798 428 1838 483 'at-

1036 514 1115 570 terito
1132 515 1230 571 liabeo.

1072 605 1105 660 lit
1120 622 1179 660 rore
1191 606 1378 662 exsultationis
1389 617 1414 662 ei
1428 608 1621 678 contristatus:
1637 610 1704 681 quia
1728 628 1783 666 sti:
1792 629 1837 666 α-

1034 697 1188 753 saltationis
1213 706 1237 751 ct
1266 697 1361 755 saiittis
1386 709 1425 754 cst
1442 700 1470 753 iit
1497 699 1676 756 tabernaculis
1698 703 1838 772 justam

1036 788 1837 859 (malarouta)tameonsooa‚raoirluteisuinonsolrm

1036 882 1168 952 spiritalis
1179 882 1290 937 auditor
1303 882 1331 937 iit
1343 898 1374 937 oa
1391 882 1568 952 interimetur,
1581 892 1608 939 et
1623 885 1713 941 corde
1725 902 1837 943 sorsin

1036 974 1156 1030 elevetur
1178 990 1260 1044 arone
1280 975 1314 1028 ad
1328 973 1436 1028 doitrant
1455 974 1515 1042 liet,
1528 977 1575 1033 sed
1592 977 1677 1032 etiarn
1693 979 1836 1035 saecat-'a

1036 1068 1136 1138 aliquis
1163 1067 1254 1123 adhuc
1275 1067 1397 1122 militaus
1423 1068 1488 1122 hiric
1503 1070 1605 1124 inundo
1620 1069 1793 1137 admiretur,
1811 1084 1837 1126 oi

1038 1159 1172 1214 alliciatur
1185 1161 1213 1214 io
1229 1174 1295 1214 ioca
1308 1158 1500 1215 exsultationis
1515 1170 1542 1214 ct
1556 1159 1757 1226 confessionis,
1772 1161 1836 1217 daia

1037 1253 1148 1307 auditur
1167 1267 1254 1308 soritis
1277 1254 1414 1323 epulantis
1436 1251 1665 1318 aeclesiarum
1691 1253 1837 1324 saginans

1037 1347 1140 1401 tritulus
1161 1346 1352 1413 inaudiicatur,
1368 1346 1433 1402 dum
1447 1345 1609 1417 symphonia
1624 1354 1654 1401 et
1668 1346 1780 1401 murus
1792 1360 1837 1398 aa·

1037 1437 1122 1504 ditur,
1141 1438 1175 1494 de
1192 1455 1248 1509 quo
1264 1437 1348 1494 irater
1361 1439 1470 1494 luridus
1481 1438 1598 1493 miratur
1612 1437 1699 1493 etiam
1719 1437 1778 1501 ille,
1792 1438 1836 1506 otii

192 1508 225 1565 at
240 1511 338 1567 heatus
348 1513 520 1583 Aiigostiuus
534 1518 702 1591 dicitzlpttit
713 1521 924 1594 sunctiSpititas
935 1543 987 1581 nott
1039 1545 1093 1585 troii
1109 1528 1247 1585 desiderat
1262 1529 1379 1585 titulum
1397 1529 1464 1600 jugo
1477 1528 1643 1584 destinatum
1659 1528 1835 1593 modieuth,

192 1600 259 1655 lucei
275 1603 302 1656 iii
316 1619 406 1659 eot'ttirt
417 1608 639 1680 scardonitanum
651 1610 812 1669 doniatnllei
823 1616 931 1670 doitrant
941 1636 988 1674 nc-
1038 1620 1085 1676 sed
1102 1620 1211 1676 badum
1228 1620 1388 1689 petuleum,
1405 1629 1432 1675 ct
1444 1618 1558 1675 ietidutn
1575 1635 1639 1676 cuin
1656 1620 1722 1677 stris
1739 1620 1836 1675 amicis

192 1699 346 1767 d⁰²⁵sslff⁰¹¹¹⁹³
360 1702 489 1772 [cccrant.
1005 1690 1215 1776 Βιιιιιιιιιιιιιι,
1241 1726 1323 1781 otiertt
1346 1709 1416 1767 lotis
1437 1720 1601 1781 exspectans
1624 1711 1688 1765 dari
1705 1710 1764 1766 sibi
1786 1727 1839 1767 aon

227 1787 301 1846 litter
314 1792 371 1847 haec
383 1795 475 1849 omnia
487 1795 588 1851 ilicitttr
602 1799 667 1853 initii
676 1802 804 1872 qnotidie,
816 1805 986 1864 attestatos
1038 1804 1096 1857 tull
1113 1803 1226 1868 inmte.
1249 1803 1303 1859 nisi
1324 1802 1395 1859 s⁰tl⁹
1419 1802 1500 1857 Pail'fl
1523 1802 1670 1867 irii'itante,
1686 1818 1775 1872 (tuem
1793 1818 1838 1873 Μ

192 1890 254 1937 tutis
265 1881 279 1935 i
291 1879 343 1937 titi
355 1892 398 1939 eit
415 1885 462 1955 qni
480 1886 551 1943 dixit
566 1906 573 1942 :
589 1887 670 1944 Zetus
684 1892 779 1947 domni
800 1904 852 1949 taoe
873 1900 987 1954 coinedt't
1038 1897 1139 1953 talibus
1153 1911 1233 1952 ctare
1250 1895 1393 1961 debentes,
1410 1903 1440 1949 ιιι
1461 1894 1542 1949 ciiairt
1557 1894 1601 1950 iris
1617 1894 1792 1950 introductis
1807 1896 1838 1950 ad

191 1974 352 2044 nielll'soi.
366 1992 461 2042 atini,
477 1977 533 2049 ld.)
549 1978 600 2035 Ubi
615 1985 727 2054 estqui,
739 1984 811 2041 iacto
824 1986 987 2046 detestibus
1038 1992 1195 2047 societatem
1219 1987 1405 2045 multitudiuis
1434 1986 1572 2058 eprtlantis
1599 1985 1757 2056 impleatur
1775 2003 1838 2057 gaa-

191 2064 310 2135 llagello,
323 2067 407 2137 coepit
417 2068 518 2137 ejicere
531 2071 681 2130 tendentes
694 2084 722 2130 et
734 2087 857 2136 amentes
870 2080 904 2135 de
918 2090 987 2137 teni·
1036 2083 1113 2138 dium
1125 2080 1215 2137 Patris
1228 2080 1365 2137 nominent
1381 2080 1498 2136 uolentis
1514 2079 1612 2149 perire,
1628 2079 1680 2134 scd
1694 2083 1837 2137 omousi

190 2158 260 2227 plot
276 2157 327 2213 Ubi
347 2161 451 2230 estqui
472 2162 541 2219 ditrit
551 2162 653 2220 Patro:
679 2166 718 2221 l'it
736 2185 763 2223 es
779 2169 886 2239 Peritos,
902 2183 929 2228 et
942 2191 988 2229 stt-
1038 2173 1205 2244 agnitionem
1220 2172 1343 2229 veritatis
1358 2171 1459 2227 venito.
1477 2169 1556 2227 Tarte
1568 2173 1642 2227 enirn
1659 2173 1689 2228 iti
1710 2189 1783 2230 roes
1793 2191 1837 2229 es·

191 2247 317 2316 perhanc
329 2251 580 2321 patronioedificado
592 2251 741 2312 Ecclesiam
752 2276 837 2314 meant
853 2272 988 2332 :atportrc
1037 2263 1194 2321 saltationis
1214 2270 1242 2317 et
1265 2262 1448 2320 coniessionis
1472 2279 1554 2317 soiius
1573 2262 1711 2333 εριιιιιιιιὲι
1728 2263 1837 2319 laralia

192 2342 274 2412 inici?
286 2346 524 2414 noupriaoohiant
536 2350 987 2428 adonaisamaitdlatttt.iirr,l8.)
1038 2357 1171 2413 celebrior
1183 2356 1320 2423 audietur,
1334 2372 1398 2412 cunr
1419 2354 1589 2425 plenitudine
1605 2357 1736 2427 gentium
1749 2357 1837 2427 prino

192 2433 290 2491 bonno
303 2437 379 2493 tides
398 2448 492 2507 portas
506 2440 600 2509 inleri,
615 2454 708 2512 portas
728 2446 881 2517 peliicipum
903 2448 988 2505 inler-
1037 2449 1194 2506 introducta
1212 2450 1269 2520 ipse
1284 2446 1364 2505 Pater
1384 2447 1506 2505 familias
1524 2449 1658 2519 sebenias
1673 2448 1837 2506 iridaeom

192 2527 298 2581 talioni
313 2537 387 2584 stare
400 2531 427 2584 iri
443 2530 529 2586 altam
542 2532 694 2601 subrectas,
707 2537 809 2607 etquid
821 2538 901 2605 valet,
912 2539 987 2609 quod
1038 2541 1156 2611 colliget,
1173 2540 1215 2594 vel
1235 2539 1360 2595 carnales
1380 2548 1408 2595 et
1423 2538 1555 2594 litterales
1575 2536 1689 2595 lodaeos
1717 2556 1735 2595 a
1751 2540 1837 2597 litim

192 2625 287 2671 contra
310 2618 419 2675 easdoni
442 2630 537 2691 portus
557 2623 686 2693 psallitis,
706 2634 733 2681 et
755 2627 847 2683 dicitis
868 2647 875 2683 :
893 2627 988 2684 touta
1038 2631 1178 2687 incidente
1205 2629 1330 2685 iocando
1358 2627 1392 2684 ad
1420 2629 1547 2699 spirltum
1572 2627 1780 2695 titisscautcai,
1798 2632 1837 2687 tet

191 2720 295 2780 portos,
311 2713 456 2784 principes,
471 2716 864 2789 vertras,eteiaratniitiporttc
874 2730 988 2776 aterno·
1038 2738 1097 2789 eos,
1114 2722 1161 2792 qui
1189 2721 1395 2777 confiteaturso
1410 2735 1493 2776 nosse
1508 2719 1605 2785 baum,
1633 2720 1718 2777 iactis
1746 2732 1836 2779 antem

191 2803 239 2870 iet,
255 2813 280 2859 et
305 2807 425 2862 introibit
443 2807 499 2862 lieo
522 2810 637 2879 pluria?
657 2810 745 2882 (Psoi.
760 2828 838 2880 tratti,
853 2813 893 2883 9.)
909 2811 986 2880 Quis,
1039 2823 1149 2887 negarit,
1162 2814 1280 2886 perlecto
1294 2814 1489 2879 maroneam,
1502 2813 1615 2869 utsiont
1626 2814 1745 2870 nornine
1755 2824 1835 2869 troas

191 2896 347 2955 colobiati
363 2900 413 2955 istc
429 2915 475 2955 rea
486 2900 600 2972 gloria?
615 2902 667 2957 titt
681 2913 719 2957 est
741 2904 792 2961 isto
814 2905 886 2961 llcas
902 2910 989 2963 tuns?
1038 2907 1168 2963 dieantur
1192 2904 1289 2972 todaet,
1303 2906 1396 2974 idest,
1413 2907 1577 2975 confitentes,
1593 2905 1632 2960 ita
1649 2907 1707 2963 siut
1721 2906 1754 2962 iti
1769 2909 1835 2962 reii-

192 2987 260 3045 llreo
274 2992 428 3046 recordatus
440 3009 509 3059 sitin,
522 3004 547 3047 et
565 2994 649 3065 effudi
664 2997 692 3051 iit
706 3014 745 3051 inc
761 3000 878 3053 anirnsrit
889 3016 985 3070 maatn,
1001 3033 1023 3097 c
1039 3008 1095 3057 tate
1110 3015 1164 3055 uon
1175 3000 1276 3056 soloin
1293 2997 1395 3064 vorbis,
1417 2996 1465 3054 sad
1485 2997 1569 3054 otiam
1591 2996 1674 3056 iactis
1688 2997 1792 3064 ludam.
1808 3000 1835 3056 'id

192 3092 223 3136 itt
236 3082 307 3137 lutra
325 3100 369 3138 me
382 3085 472 3154 ipsum
489 3086 570 3142 tacito
592 3103 746 3157 pensarem,
765 3090 876 3146 ubinam
898 3090 984 3148 Derim
1037 3102 1080 3150 est
1093 3090 1267 3148 consessores
1278 3089 1391 3146 Christi.

193 3191 284 3230 mentri
308 3177 499 3235 demonstrare
523 3195 644 3250 possem.
665 3180 811 3239 lieditatos
831 3200 893 3240 sum
912 3186 985 3242 siout
1072 3183 1101 3238 ln
1120 3182 1236 3239 liciti-reo
1260 3183 1380 3253 iegitur:
1397 3180 1518 3239 Faciant
1544 3183 1609 3236 tttt'iti
1625 3183 1760 3254 iacrymoe
1774 3201 1837 3240 riteae

191 3268 273 3324 docet
297 3271 418 3339 psalmus
440 3271 564 3329 titulatas
593 3274 619 3327 iri
645 3273 725 3342 fiiietn
747 3276 894 3331 intellectus
919 3276 985 3347 filiis
1035 3291 1174 3346 porresper
1191 3274 1262 3329 diem
1287 3282 1519 3339 concatenatum
1534 3274 1667 3329 diceretur
1689 3274 1759 3329 initii
1782 3285 1837 3329 tote

194 3361 271 3416 Cure.
294 3360 372 3417 llrtde
393 3365 523 3434 quoniam
538 3365 687 3420 invisibilia
700 3366 760 3434 Dei,
777 3368 847 3423 sicut
858 3369 899 3423 alt
912 3367 986 3439 hpo-
1036 3369 1102 3422 die:
1119 3365 1170 3421 titt
1187 3375 1227 3420 est
1244 3364 1314 3420 ϋειι
1338 3366 1424 3419 inas?
1446 3364 1511 3419 ilar
1532 3366 1689 3420 recordante
1706 3383 1782 3432 sain,
1811 3379 1836 3421 et

193 3454 294 3523 stolus,
308 3472 355 3526 por
368 3473 409 3523 ca,
423 3474 482 3529 otta
499 3458 571 3528 fama
584 3467 655 3525 sant,
670 3458 803 3515 iittelicettt
817 3462 986 3532 mannition-
1035 3459 1119 3528 effudi
1132 3459 1158 3512 in
1176 3474 1216 3513 tite
1228 3458 1347 3511 aitintoin
1359 3472 1455 3522 meant,
1476 3458 1538 3528 pitia
1556 3459 1659 3513 ueniotn
1675 3459 1712 3511 ad
1726 3458 1836 3512 antire·

195 3555 240 3602 tor
255 3548 345 3618 (iloto.
373 3566 391 3614 r,
413 3550 470 3618 ill),
485 3550 568 3607 elladi
585 3552 705 3607 animam
724 3567 824 3621 incarn,
841 3552 927 3611 idest
949 3555 984 3611 ad
1037 3547 1136 3615 calani,
1153 3549 1243 3604 tacebo
1256 3564 1338 3619 usone
1358 3547 1394 3602 od
1409 3547 1516 3602 donatii
1536 3548 1595 3614 bei,
1611 3551 1639 3603 itt
1654 3566 1716 3604 soce
1731 3550 1838 3616 tondis.

195 3637 401 3706 intelligentiam
425 3640 547 3710 dilatari,
572 3652 600 3699 et
622 3658 672 3714 per
696 3658 828 3700 sensuam
850 3647 986 3705 fenestras
1036 3647 1060 3694 et
1076 3639 1250 3709 confessionis
1269 3637 1451 3694 multitudinis
1463 3640 1530 3710 [esto
1546 3639 1716 3697 celebrantis.
1734 3640 1836 3700 Nonne

193 3730 329 3786 etteiiora
354 3731 520 3789 collustrans
547 3734 604 3805 ipsa
625 3736 737 3807 quidem
768 3737 804 3794 ati
828 3737 986 3796 affectiones
1035 3734 1083 3803 qrri
1098 3732 1189 3788 dicit:
1212 3732 1301 3787 tacebo
1318 3734 1566 3803 asouooddoniitnt
1593 3733 1653 3800 Dei,
1677 3736 1748 3790 satis
1764 3735 1836 3790 iudi·

193 3839 325 3880 sensuum
337 3825 640 3896 prop:·iisqualitatibus
653 3830 755 3885 variata
767 3829 984 3887 distinxillertm
1036 3834 1102 3882 cat:
1119 3834 1196 3881 extra
1212 3826 1325 3883 domum
1341 3824 1389 3881 bei
1405 3827 1579 3882 innitentibus
1593 3843 1647 3882 nott
1671 3843 1755 3897 passe
1771 3841 1835 3899 apte

194 3931 270 3983 itero,
283 3918 346 3988 quia
362 3918 541 3987 qualitatibus
553 3919 613 3976 istis
623 3934 679 3975 noir
698 3921 830 3993 suhjacet,
843 3922 986 3979 bissensi·
1037 3920 1207 3990 responderi,
1231 3919 1297 3974 duitt
1312 3920 1408 3975 dieiitrt
1430 3918 1588 3974 Christiano
1613 3920 1685 3974 lideli
1702 3939 1709 3976 :
1726 3920 1779 3976 [sii
1792 3932 1833 3976 est

194 4008 247 4065 bus
258 4025 314 4065 non
329 4011 455 4081 cognovi.
469 4009 580 4067 Relictis
592 4027 657 4084 ergo
669 4029 801 4070 sensnum
818 4016 986 4071 innormen-
1037 4008 1108 4064 Doto
1126 4011 1212 4064 tuat?
1228 4008 1346 4064 Venient
1359 4010 1388 4063 itt
1406 4009 1514 4064 dottam
1530 4008 1589 4076 Dei.
1605 4013 1764 4067 anscultant
1777 4029 1834 4069 troo

194 4103 231 4157 tis
243 4118 292 4172 per
308 4118 338 4158 se
353 4104 442 4174 ipsum
462 4105 546 4174 coepit
570 4106 680 4161 animus
699 4122 777 4164 mous
796 4122 829 4164 ea
846 4122 908 4178 qnae
929 4123 986 4165 nori
1036 4100 1105 4158 soris
1116 4118 1133 4157 t
1146 4104 1235 4174 Ιοῡιθ,
1248 4102 1297 4158 sed
1312 4102 1385 4156 inlus
1403 4101 1438 4157 (¹⁰
1452 4117 1537 4173 prope
1550 4100 1710 4173 scribturas
1719 4112 1751 4158 ἃ
1764 4120 1834 4160 0²⁰·

190 4195 338 4266 subjacent
362 4196 502 4261 sensibus,
524 4198 704 4267 eotrtemplari
728 4198 799 4253 sieut
822 4198 984 4269 sapientiam
1035 4193 1091 4250 tien
1104 4193 1198 4250 divina
1216 4195 1243 4249 itt
1259 4210 1318 4249 uoce
1333 4193 1434 4259 iendis,
1446 4203 1472 4248 et
1492 4194 1663 4264 consessionis
1676 4197 1833 4250 ιιιιιιὶιιιιι-

193 4296 221 4343 et
237 4302 267 4342 se
279 4287 369 4357 ipsum
382 4298 409 4343 et
422 4288 591 4358 huiusmodi.
614 4288 666 4343 Sed
678 4298 706 4344 ct
716 4289 857 4344 variabilia
873 4289 932 4346 haec
943 4290 986 4345 iti·
1036 4286 1235 4355 airmodamis,
1253 4303 1284 4340 ac
1306 4287 1375 4357 [etta
1388 4286 1556 4343 celebrantis.
1573 4287 1691 4342 Cantent
1705 4290 1794 4343 semel
1806 4289 1835 4343 ia

195 4379 336 4435 variabilis
353 4379 426 4435 betis
443 4379 561 4435 excedit.
590 4378 625 4434 Ut
640 4394 706 4451 erga
726 4395 789 4434 euni
812 4378 985 4450 aliquatenus
1001 4385 1023 4440 D
1038 4380 1153 4435 veritato
1167 4380 1305 4435 canticum
1327 4380 1461 4452 gradurttrr
1483 4395 1571 4449 usque
1584 4379 1618 4434 ad
1633 4388 1767 4449 quartam
1785 4381 1833 4436 de

194 4472 369 4542 attingerem,
392 4471 439 4541 qrri
454 4481 498 4526 ost
511 4471 582 4525 altra
597 4486 651 4537 rtie,
664 4470 748 4538 effodi
761 4471 879 4525 animarit
899 4487 985 4526 ineam
1037 4472 1151 4538 ciuium,
1172 4480 1200 4526 ct
1212 4471 1339 4541 quintum
1359 4472 1497 4528 decianim
1518 4470 1655 4527 canticum
1681 4470 1833 4541 graduarii,

195 4575 278 4630 super
289 4576 343 4616 me.
362 4560 398 4615 Et
409 4576 494 4633 quaro
507 4561 559 4616 hoc
572 4560 641 4619 ieci?
1037 4577 1073 4618 tre
1087 4576 1196 4632 semper
1213 4569 1292 4618 extra
1309 4561 1393 4631 positi
1405 4561 1500 4618 dicant
1511 4559 1579 4615 tirilti
1597 4579 1605 4613 2
1621 4557 1672 4614 titi
1695 4568 1736 4614 est
1759 4558 1833 4614 Itius

230 4654 363 4720 antiiant
379 4657 508 4723 transibo,
527 4658 571 4713 uel
590 4656 727 4727 ingrediar
747 4658 776 4711 itt
795 4657 881 4711 locunt
896 4658 985 4713 taber-

194 4746 286 4801 nocitli
299 4747 480 4816 admirabilis,
493 4749 520 4804 id
532 4758 574 4805 est
584 4764 632 4820 per
644 4748 806 4814 Ecclesiam,
817 4749 844 4803 iri
856 4765 910 4818 qua
922 4759 987 4805 sunt

193 4827 372 4896 admirabiles
385 4842 484 4914 sancii,
503 4842 537 4896 ad
553 4842 693 4898 coeiestem
713 4840 865 4898 Jomsalcm
888 4856 984 4911 perve-

193 4933 278 4988 niarn.
290 4930 412 4990 Ptmscns
422 4932 541 4990 Ecclesia
552 4934 749 4991 tabernaculam
759 4945 985 5008 ostentandam

194 5026 285 5097 siqrtis
297 5035 402 5097 quaint
410 5026 506 5091 bertot,
515 5035 599 5082 errat.
612 5025 670 5084 lloc
679 5037 721 5084 cst
728 5028 887 5083 admirabile
899 5030 985 5083 toler-

194 5121 331 5188 itocahtni,
348 5121 479 5193 qtioniam
495 5120 522 5175 iti
546 5134 661 5190 corpore
684 5120 803 5176 lidelinm
819 5137 874 5177 iton
891 5133 986 5191 regnat

194 5223 347 5281 peccatum,
362 5214 409 5270 scd
425 5216 516 5271 anima
536 5212 602 5269 iacit
620 5227 721 5283 corpus
735 5213 943 5282 armajustitiae,
958 5223 986 5268 et

195 5301 253 5371 ipsa
267 5303 412 5360 dominans
436 5306 543 5374 corpori
565 5302 657 5359 obedit
677 5301 733 5358 beo
751 5302 803 5359 sibi
820 5303 984 5368 dominanti,

195 5392 275 5460 crtjrts
297 5391 435 5462 adjutorio
460 5394 565 5465 spernit
581 5394 732 5461 illecebras,
755 5395 852 5449 tolerat
875 5408 983 5463 aspera,

1038 4654 1117 4708 tatis?
1131 4652 1211 4708 Certo
1222 4651 1260 4709 ibi
1271 4668 1336 4708 etim
1348 4651 1497 4720 invenient,
1505 4652 1635 4723 quoniam
1648 4649 1706 4704 illic
1717 4653 1834 4705 made

1037 4746 1073 4800 itit
1091 4744 1221 4800 Domitius
1238 4744 1454 4811 betiedictionent,
1466 4752 1491 4797 et
1507 4744 1589 4799 citam
1604 4758 1685 4813 usqae
1702 4742 1730 4795 iit
1744 4759 1833 4798 sara·

1037 4837 1092 4892 lain
1106 4836 1194 4908 (Psoi.
1208 4852 1313 4902 cxxxii,
1325 4837 1364 4904 ὅ).
1379 4835 1565 4892 llliosentient
1577 4837 1833 4905 angustamini

1036 4929 1170 4983 descendit
1186 4929 1215 4982 iii
1234 4928 1477 4994 britanniarium
1491 4926 1594 4992 Aaron,
1610 4925 1681 4995 qaod
1694 4926 1832 4980 timenda

1037 5023 1064 5076 iit
1080 5038 1156 5076 orant
1177 5021 1323 5077 umtimenti
1345 5020 1402 5090 ejus
1421 5021 1490 5073 sicat
1510 5035 1554 5072 tos
1580 5016 1772 5087 decoramini
1788 5019 1833 5071 de·

1036 5114 1136 5169 moun
1148 5115 1176 5168 ii
1190 5123 1303 5169 innam
1316 5111 1380 5168 snt
1392 5112 1468 5179 (titi.
1482 5112 1520 5179 at.
1532 5109 1570 5165 tin
1582 5096 1631 5180 pir
1649 5113 1770 5178 gratiam
1785 5107 1832 5162 nn·

1036 5221 1089 5278 ego
1103 5205 1175 5262 iilius
1189 5204 1258 5260 Care
1266 5207 1322 5275 jsrrr
1340 5203 1446 5275 positus
1468 5203 1495 5256 iit
1508 5203 1588 5271 finani
1602 5200 1702 5272 psallo,
1715 5210 1744 5254 et
1760 5201 1833 5256 meat

1036 5312 1136 5353 cerum
1152 5295 1278 5352 desidero
1291 5293 1381 5351 adhuc
1395 5293 1465 5350 ultra
1479 5291 1581 5363 gratlris
1595 5291 1662 5347 istos
1679 5291 1833 5348 anatem

1037 5386 1065 5441 in
1079 5385 1160 5442 linem
1179 5387 1294 5442 dicens:
1313 5384 1445 5451 Qtroniani
1459 5380 1576 5437 transibo
1594 5382 1623 5435 iit
1638 5381 1727 5435 locttttr
1742 5380 1833 5436 taber·

187 5484 280 5537 tettrlit
296 5487 329 5539 ad
343 5487 408 5549 alti,
422 5487 598 5542 trnrtsitoltin
614 5490 706 5542 onriria
719 5485 886 5542 transitoria
896 5484 986 5554 ipsius
1037 5481 1125 5534 natali
1146 5478 1315 5534 admirabilis
1329 5494 1410 5549 usone
1422 5477 1458 5532 ud
1474 5477 1580 5531 doinaiu
1595 5474 1643 5528 bet
1655 5489 1710 5528 uon
1726 5489 1832 5528 maan·

197 5574 269 5625 eninr
286 5590 337 5629 sort
353 5589 413 5629 est:
432 5578 563 5640 Quoiriam
584 5577 702 5632 trotrsiltu
717 5578 744 5630 itt
762 5575 849 5629 lucain
867 5575 986 5629 tuderrin-
1035 5569 1149 5634 laetam,
1170 5578 1300 5623 aternam
1316 5569 1342 5622 iir
1360 5568 1449 5634 caelis,
1466 5566 1499 5622 {ld
1514 5582 1597 5637 qnam
1615 5564 1701 5619 ‘¹⁰⁰⁰‘
1719 5563 1747 5618 ¹¹¹
1762 5579 1833 5620 ’Μ

197 5657 250 5711 cali
263 5662 429 5720 inirritabilit
442 5683 522 5738 rtsorte
538 5669 572 5722 od
592 5668 699 5723 doriritrii
724 5666 783 5739 Dei,
804 5675 933 5725 ateiirarn
955 5669 984 5722 ln
1036 5663 1277 5732 exsultatioiiis,et
1291 5660 1557 5729 cotrlessionis,daur
1570 5655 1683 5732 spiritali
1698 5668 1834 5715 anteati-
