3817 6000
119 227 187 283 tttt
458 227 737 286 conuertentem
757 229 789 284 ΙΝ
809 228 980 286 emrtuos.
999 259 1034 270 -··
1049 228 1140 285 PARS
1158 227 1190 284 lt.
1207 259 1243 270 --
1260 225 1359 283 Pssl..
1377 227 1473 283 xxiv.
1678 230 1767 287 itta*

110 350 254 414 spectans,
269 356 351 412 quem
374 342 463 398 solum
476 343 570 411 timeo,
586 344 614 399 in
631 344 708 399 omui
729 344 774 399 ria
787 346 1004 404 conver-,taut
1027 340 1186 412 voluptatis,
1216 339 1287 395 sicut
1322 337 1398 394 uerbi
1429 337 1608 409 grabadona
1633 340 1747 399 rerbton

109 430 229 492 sationis
243 433 286 488 rcl
300 433 416 488 actionis
430 448 498 489 mee
512 447 567 487 non
583 443 638 490 tam
655 433 799 489 bominum
816 449 901 505 quarn
953 431 1001 489 bei
1018 433 1213 498 benedicitur,
1228 448 1276 487 scu
1289 430 1463 503 eleemosyna
1476 431 1660 499 distribuitur,
1675 448 1748 492 rana

108 527 198 598 ipsius
213 524 346 582 offensam
369 541 467 583 cavere
486 527 609 584 intendo.
623 526 719 599 Neque
732 528 783 583 boc
796 526 901 583 iaciens
952 527 1039 599 gloria
1057 526 1263 582 insidiaturrct
1283 539 1345 579 cum
1374 539 1475 595 eorpus
1506 524 1568 579 cibo
1590 526 1748 582 necessario

109 618 251 682 humane,
266 616 309 673 rel
332 617 474 674 diabolicae
491 618 661 688 deceptionis
682 619 796 690 laqueos
818 619 901 675 timeo
952 627 1134 682 sustentatur,
1158 633 1230 688 sape
1254 617 1306 673 sub
1321 615 1417 673 umbra
1443 616 1615 674 necessitatis
1640 618 1748 702 peragi·

108 708 167 766 lieu
182 725 226 764 me
238 718 406 781 protegente,
432 725 466 766 ne
488 709 607 767 incidam
623 709 650 766 iu
674 711 796 784 laqueos.
811 709 855 778 Et,
876 713 901 771 si
954 723 1000 770 tur
1025 713 1164 785 negotium
1200 712 1371 782 uoluptatis,
1401 710 1467 782 quia
1508 726 1580 780 saepe
1621 711 1746 782 voluptas

110 803 244 868 incidero,
270 801 336 858 dom
360 803 451 860 timori
469 812 498 860 et
518 804 606 860 amori
624 804 685 875 ejus
697 804 820 871 intendo,
834 805 900 862 dum
950 804 1059 872 edendi,
1072 819 1134 874 quae
1155 803 1229 859 reiut
1249 802 1411 874 pedissequa
1435 801 1516 859 debet
1534 801 1610 873 sequi
1625 802 1744 858 tracessi-

109 898 140 953 ιιι
151 896 229 953 uultu
247 896 308 968 ejus
322 894 490 952 voluntatem
505 896 592 968 ipsius
606 897 733 969 exquiro,
750 905 842 953 tamen
856 912 900 954 sc·
951 905 1045 964 tatem,
1060 897 1139 968 quasi
1155 896 1264 952 domina
1279 894 1352 951 illam
1366 894 1461 966 preire
1471 895 1590 966 gestiens
1606 895 1675 950 ultra
1686 910 1744 950 me-

108 1004 194 1045 eurus
218 1003 267 1044 ero
289 1005 296 1043 :
316 988 442 1059 quonium
465 989 520 1058 ipse
541 987 631 1044 evellet
652 988 685 1043 de
706 987 800 1059 laqueo
822 987 899 1058 pedes
951 998 995 1046 tas
1010 989 1097 1045 eidem
1120 987 1276 1044 necessitati
1294 987 1400 1044 debitas
1414 987 1499 1042 trabit
1513 986 1633 1042 animam
1648 995 1746 1058 sponte

108 1096 192 1135 mem.
215 1079 279 1135 ldeo
304 1078 390 1150 ipsius
405 1080 509 1136 voltum
529 1081 571 1137 rel
587 1082 614 1136 in
634 1078 785 1152 scripturis
803 1081 845 1138 rel
870 1080 899 1136 ἰιι
950 1082 1097 1153 captivam,
1108 1082 1222 1137 libenter
1233 1080 1419 1152 illaqueatam,
1429 1079 1585 1135 voluntarie
1600 1079 1743 1145 irretitam,

107 1172 221 1230 Christo
234 1173 299 1228 libet
314 1173 459 1244 inspicere,
475 1182 506 1228 ut
522 1173 587 1229 liaru
602 1172 723 1244 sapiens,
739 1172 774 1227 de
787 1187 843 1244 que
855 1171 899 1228 di·
950 1191 1012 1246 quae
1023 1174 1158 1231 interdum
1172 1190 1202 1231 se
1220 1174 1319 1247 gaudet
1336 1174 1487 1244 deceptam.
1508 1171 1554 1228 Sic
1578 1173 1669 1228 anima
1684 1188 1744 1228 mea

107 1272 212 1321 eatur:
231 1262 335 1320 «Oculi
355 1263 486 1335 sapientis
516 1263 544 1319 iu
565 1264 654 1335 rapite
666 1265 727 1334 ejus
751 1263 852 1336 (Erote.
867 1279 898 1330 u,
949 1268 1062 1333 misera,
1076 1275 1104 1323 et
1128 1266 1293 1322 miserabilis
1316 1265 1455 1320 multoties
1486 1264 1635 1336 gavisaest
1656 1279 1686 1319 sc
1701 1263 1746 1319 de-

108 1355 167 1425 ll),
183 1375 193 1407 ι
211 1355 238 1410 id
253 1363 296 1411 est
321 1356 348 1409 iu
360 1356 453 1420 corde,
465 1357 538 1427 quod
549 1363 591 1411 est
604 1356 703 1410 animae
712 1354 793 1426 quasi
805 1361 897 1425 caput,
949 1367 1056 1430 oeptarn
1084 1357 1296 1431 cogitationibus
1318 1358 1390 1412 iuter
1416 1372 1446 1412 se
1475 1356 1670 1412 accusantibus
1697 1363 1745 1410 aut

106 1464 275 1520 sursumque
289 1448 368 1505 debet
381 1448 480 1505 elevari
495 1449 529 1505 ad
549 1449 684 1506 excelsius
697 1457 790 1519 caput,
804 1450 830 1504 id
856 1457 899 1505 est
948 1452 1030 1508 etiarn
1040 1448 1247 1508 defendentibus
1258 1457 1359 1515 actum,
1374 1448 1420 1519 qui
1435 1448 1577 1503 ridebatur
1588 1447 1741 1520 arrrbiguus.

108 1539 143 1594 ad
157 1537 310 1595 Christum.
336 1559 345 1592 ι
363 1539 453 1612 Caput
473 1542 547 1597 euim
565 1541 688 1596 mulieris
703 1541 754 1606 uir,
776 1552 803 1597 et
817 1550 899 1613 caput
950 1543 1144 1602 Verumtamen
1167 1544 1265 1615 laqueo
1280 1544 1380 1615 pedum
1393 1557 1424 1599 se
1437 1541 1541 1598 arctius
1553 1541 1742 1607 contrahente,

106 1632 161 1687 siri
178 1632 320 1701 Christus,
339 1642 422 1705 capot
437 1642 528 1689 aurun
543 1634 645 1690 Christi
657 1632 729 1689 licus
744 1633 852 1703 (Epire.
868 1650 896 1700 r,
949 1651 982 1693 ac
995 1637 1065 1693 duro
1079 1635 1151 1692 nodo
1169 1636 1372 1706 constringente
1396 1635 1524 1691 miseram
1534 1633 1742 1699 conscientium,

107 1726 166 1796 aad),
182 1745 191 1777 ι
209 1727 242 1781 ad
255 1743 336 1798 qoem
351 1727 464 1784 levanda
478 1743 540 1784 esse
554 1727 635 1783 corda
647 1727 770 1783 insinuat
781 1729 840 1798 ipsa
852 1744 898 1783 re-
913 1746 934 1802 g
949 1730 987 1784 ita
1001 1738 1031 1784 ut
1044 1727 1212 1785 dissimilare
1228 1724 1426 1800 [dissimulare]
1439 1742 1493 1780 nun
1512 1733 1604 1794 posset
1632 1723 1741 1794 culpam

107 1817 177 1872 ritas
188 1816 351 1890 Evangeliea
368 1818 485 1876 dicens:
505 1838 515 1872 ι
531 1817 678 1890 Respicite,
698 1827 726 1875 et
747 1821 833 1876 levate
850 1834 898 1875 ca·
951 1831 1131 1885 contractam,
1143 1829 1173 1876 ut
1188 1820 1262 1875 rcrbi
1276 1819 1363 1891 gratia
1381 1836 1444 1874 euru
1459 1817 1680 1887 indisciplinatus
1693 1833 1741 1871 ru·

108 1911 165 1981 pita
190 1922 291 1980 restra,
307 1912 437 1975 quoidam
459 1913 661 1983 appropinquat
684 1912 835 1984 redemptio
852 1928 899 1968 re·
949 1924 1022 1982 etus,
1047 1914 1323 1980 aeterturarentris,
1350 1913 1392 1968 rel
1416 1910 1540 1967 triduana
1566 1910 1699 1975 eruditas,
1715 1917 1743 1966 ct

107 2013 165 2060 stra
182 2003 259 2074 (lac.
276 2022 333 2071 aar,
350 2005 407 2076 28).
427 2026 436 2058 ι
454 2004 550 2076 ltaque
565 2005 592 2060 in
604 2007 676 2063 bona
689 2022 737 2077 spe
755 2007 825 2061 acuti
848 2008 899 2063 mei
949 2007 1030 2080 longa
1046 2008 1191 2079 indigeries
1204 2007 1354 2063 testabatur
1373 2005 1400 2059 iu
1424 2004 1530 2060 edendo
1555 2003 1665 2059 modum
1695 2018 1743 2059 su-

106 2111 210 2165 semper
225 2095 260 2149 ad
274 2094 427 2164 dominum,
444 2098 569 2168 quonium
583 2098 640 2168 ipae
652 2097 743 2153 ereilet
757 2098 789 2153 de
804 2097 898 2170 laquea
949 2114 1135 2172 pergressum,
1150 2107 1208 2153 tum
1232 2098 1343 2158 demum
1371 2083 1468 2152 levatis
1490 2095 1579 2150 oculis
1592 2095 1626 2149 ad
1648 2093 1743 2150 Domi·

106 2187 184 2259 pedes
198 2203 279 2241 meus.
293 2186 377 2241 Pedes
397 2204 477 2255 meos,
494 2188 521 2243 id
542 2196 585 2243 est
609 2187 777 2256 affectiones,
797 2189 899 2260 quibus
950 2208 1016 2248 num
1045 2192 1167 2263 persensi
1198 2190 1340 2246 uerissime
1364 2189 1466 2245 dictum
1497 2208 1504 2244 ι
1529 2187 1662 2253 Quoniam
1687 2187 1743 2256 ipre

107 2288 209 2335 terram
224 2278 397 2350 tango,dum
411 2277 528 2333 adicitur
542 2277 643 2335 oculus
658 2278 685 2334 iu
703 2279 898 2335 ridendidele·
949 2283 1084 2341 euettude
1109 2283 1202 2354 laqueo
1221 2280 1298 2352 pedes
1321 2296 1401 2336 ureae.
1421 2278 1478 2335 Nisi
1491 2279 1564 2335 enim
1593 2276 1741 2334 lurtissima

107 2372 238 2439 ctatione,
250 2379 347 2442 gustus
361 2372 388 2426 in
401 2370 582 2428 delectatione
596 2371 730 2443 sapiendi,
744 2371 856 2428 nuditus
869 2372 897 2427 iu
949 2375 1091 2431 evulsione
1111 2372 1225 2429 luissent
1240 2371 1383 2442 expeditus
1409 2370 1508 2442 laqueo
1522 2371 1603 2439 grube,
1625 2369 1681 2440 jour
1698 2383 1736 2424 es·

106 2464 286 2519 delectatione
302 2464 441 2532 audiendi,
457 2473 485 2520 et
502 2480 564 2520 cum
587 2464 683 2520 suavia
702 2465 838 2520 delectant
853 2465 897 2520 ol·
929 2482 1006 2532 ,sem
1023 2466 1159 2538 perditus..
1177 2472 1205 2519 et
1227 2463 1317 2520 adbuc
1329 2478 1378 2518 ero
1401 2462 1565 2533 perdendus,
1591 2462 1645 2517 uisi
1667 2461 1741 2517 oculi

108 2555 212 2612 laetum
224 2556 266 2611 rel
277 2555 567 2624 tactum,allectioues,
580 2557 779 2628 inquam,tales
792 2557 897 2629 laqueis
948 2559 1002 2615 mei
1016 2558 1072 2615 siut
1085 2556 1120 2613 ad
1135 2554 1292 2618 Dominum,
1314 2554 1361 2626 qui
1389 2554 1465 2610 solus
1490 2563 1588 2625 potens
1612 2562 1655 2609 est
1674 2558 1742 2606 eort-

108 2646 320 2702 delectatiouum
334 2657 430 2719 captas
452 2649 508 2718 ipse
529 2646 663 2703 llominus
675 2649 766 2704 evellet
779 2648 897 2720 eripiens
948 2657 1001 2713 tm
1013 2658 1045 2713 de
1056 2654 1236 2729 improperes
1247 2669 1327 2720 meos,
1341 2653 1550 2709 utmeltoueste
1574 2666 1608 2707 ac
1620 2650 1742 2707 virtuose

108 2755 155 2796 rue
173 2741 207 2796 de
228 2740 296 2808 luto,
320 2749 350 2795 ut
371 2757 425 2797 nou
450 2741 558 2813 iungar,
574 2754 663 2812 acque
675 2740 835 2809 inbaeream,
850 2741 897 2798 sed
948 2758 1072 2821 agentem
1091 2758 1207 2807 autnon
1228 2746 1328 2819 capiat,
1344 2754 1392 2801 aut
1402 2744 1426 2802 si
1450 2744 1561 2816 ceperit,
1584 2758 1639 2799 non
1651 2752 1742 2799 teneat

107 2834 255 2906 adjurante
272 2848 305 2889 ac
319 2841 491 2889 sustentante
503 2847 546 2887 ure
558 2832 669 2888 dextera
681 2848 731 2889 sua
742 2849 804 2889 curn
815 2832 897 2890 Petro
948 2848 1006 2896 rete
1019 2838 1162 2914 superbire,
1177 2852 1222 2893 me
1234 2834 1408 2891 laudabiliter
1433 2834 1567 2891 uirentem
1584 2849 1638 2889 uon
1650 2841 1741 2890 teneat

108 2925 896 3000 8i²dl³f⁸¹¹llerss⁰⁰¹⁰⁸m2r1n0srd⁰ibttselsiincipiant
948 2932 1084 3005 appetitus
1101 2930 1191 2987 laudis
1201 2945 1288 2997 rana,
1299 2945 1343 2985 me
1368 2929 1567 2991 comedentem,
1590 2927 1739 2993 bibentem,

107 3020 244 3092 immergi,
258 3037 320 3077 cum
338 3021 481 3078 delectatio
501 3022 639 3079 mundana
654 3022 746 3079 ralido
767 3021 896 3078 tentmio-
948 3026 1139 3091 dormientem,
1154 3039 1202 3081 seu
1216 3023 1277 3078 aliis
1287 3022 1376 3078 ruodis
1387 3031 1492 3076 naturae
1502 3022 1678 3077 necessitates
1693 3036 1742 3075 os·

107 3112 153 3169 nis
166 3122 246 3169 remo
260 3114 419 3170 imminente
439 3114 597 3172 affectiones
614 3130 692 3172 meas
706 3123 790 3182 tenet,
806 3124 896 3170 turneu
911 3093 934 3155 C
949 3117 1066 3190 pleutenr
1081 3124 1196 3173 autnon
1221 3115 1320 3186 cupiat,
1347 3121 1394 3169 aut
1404 3112 1427 3169 si
1454 3113 1566 3184 ceperit,
1585 3128 1639 3168 nou
1652 3119 1742 3167 teneat

107 3203 165 3273 ipre
175 3204 265 3259 evellet
278 3205 311 3259 de
319 3204 413 3277 laqueo
427 3206 505 3275 pedes
518 3221 600 3262 meur.
949 3209 1063 3280 laqueus
1081 3207 1240 3278 voluptatis,
1261 3206 1349 3262 lateus
1376 3205 1505 3259 nimirum
1529 3204 1581 3260 sub
1605 3204 1741 3259 relanrine

144 3298 193 3356 Est
206 3300 279 3356 enim
292 3316 363 3372 aqua
376 3300 565 3357 delectationis
578 3299 726 3356 mundana
737 3298 855 3369 laqueis,
869 3307 897 3354 et
948 3301 1035 3372 ipsius
1046 3299 1227 3357 necessitatis.
1244 3296 1325 3370 Ergo,
1338 3298 1409 3354 istud
1424 3297 1489 3352 ntilri
1506 3298 1542 3353 sit
1553 3298 1661 3352 brutium
1674 3310 1741 3352 cou-

107 3392 214 3449 retibus
228 3394 307 3463 plena
326 3394 449 3463 piscante
461 3392 571 3448 diabolo
582 3392 609 3447 iu
623 3392 675 3448 boc
692 3391 761 3446 mari
785 3405 896 3461 magno,
948 3393 1052 3459 silium,
1069 3394 1209 3463 linumque
1230 3390 1413 3462 propositum,
1434 3399 1464 3446 ut
1490 3390 1561 3445 ocrrlr'
1575 3390 1627 3443 ruri
1639 3404 1741 3459 aerrtper

108 3484 137 3538 iu
152 3501 207 3554 quo
229 3493 294 3540 sunt
318 3501 328 3535 ι
353 3484 470 3553 reptilia,
486 3499 604 3556 quorum
622 3499 677 3541 nou
698 3493 740 3539 cst
753 3498 895 3548 perrierus,
947 3483 1052 3541 siutad
1081 3483 1233 3549 liorrriuum,
1268 3483 1393 3552 quom'uur
1411 3483 1466 3552 ipre
1485 3482 1574 3537 evellet
1599 3483 1632 3536 de
1647 3482 1740 3552 laqueo

107 3577 237 3631 animalia
253 3575 425 3645 pusillarum
438 3577 546 3648 magnis
558 3575 647 3646 (Psoi.
659 3592 718 3643 cur,
733 3575 769 3632 att
783 3574 894 3645 endi.»
946 3575 1024 3646 pedes
1038 3571 1241 3628 medullarem
1255 3572 1365 3641 quidem
1381 3571 1432 3644 ipsi
1443 3572 1525 3652 pedes
1539 3571 1739 3641 miserabiliter,

108 3667 143 3722 Et
158 3669 216 3723 lraee
232 3682 303 3738 aqua
328 3668 410 3725 toties
436 3669 516 3724 nobis
539 3668 740 3725 transvadenda
764 3678 807 3725 est
827 3684 897 3740 quo·
947 3666 996 3721 sed
1011 3664 1070 3735 ipse
1082 3663 1215 3719 Dominus
1232 3662 1324 3718 evellet
1346 3679 1394 3720 eos
1408 3664 1632 3729 misericorditer,
1647 3675 1674 3718 et
1688 3663 1755 3717 rui-¹

107 3763 161 3817 ties
179 3761 281 3832 aliquid
294 3762 427 3817 incumbit
438 3760 675 3833 uobisagendum,
686 3761 829 3832 qoodsiue
849 3762 898 3817 de·
946 3757 1092 3813 rabiliter:
1119 3757 1222 3812 haerent
1236 3755 1345 3818 erebro,
1362 3755 1410 3811 sed
1428 3755 1517 3811 coellet
1531 3771 1579 3811 eos
1594 3756 1737 3819 continuo,

107 3855 253 3911 lectatioue
270 3856 314 3927 agi
326 3870 380 3910 nou
395 3863 494 3925 potest,
508 3855 584 3910 verbi
598 3855 685 3927 gratia
702 3855 761 3911 sine
776 3855 896 3911 delceta-
947 3851 971 3906 si
994 3851 1028 3905 ab
1043 3849 1090 3904 illo
1101 3848 1256 3905 contuendo
1266 3863 1321 3902 nou
1335 3846 1495 3903 delleetatur
1509 3846 1651 3903 oculorum
1664 3860 1740 3900 meo·

109 3957 204 4004 mento
218 3948 308 4005 somni
323 3948 510 4004 convenientis
525 3962 579 4002 uon
600 3962 748 4019 possumus
763 3947 896 4015 dormire,
947 3956 1009 3996 rtttu
1017 3939 1091 4011 jugis
1100 3941 1224 3995 intentio.
1238 3938 1322 4012 lgitur
1337 3939 1407 3995 oculi
1422 3941 1473 3994 mer·
1484 3954 1585 4008 semper
1596 3939 1631 3992 ad
1646 3936 1739 3992 llouri⁴

110 4044 171 4101 siue
183 4042 362 4098 delectatione
372 4041 542 4108 comedendi,
554 4049 580 4096 et
597 4040 707 4097 bibendi
722 4055 777 4096 nou
796 4056 896 4111 possu-
947 4047 1021 4099 Μ,
1031 4014 1155 4102 quierem
1164 4030 1218 4101 ⁵9⁸0
1228 4030 1318 4087 elena
1325 4029 1454 4100 ‘malm
1467 4028 1543 4100 W
1554 4044 1634 4083 imi·
1645 4026 1739 4084 ⁰0¹¹&

109 4153 173 4193 mus
189 4151 289 4208 corpus
313 4134 434 4202 relicere,
456 4143 538 4204 atque
561 4134 615 4189 iter
637 4133 719 4204 liujus
736 4133 799 4188 ritae
816 4147 896 4205 agere
947 4140 1013 4181 tero
1022 4125 1091 4180 mois
1102 4123 1258 4190 eleuatis,et
1269 4122 1380 4179 intentis
1391 4120 1577 4177 adbomiuum
1589 4121 1611 4177 si
1622 4121 1737 4176 corabo:

109 4246 163 4285 non
175 4244 323 4301 possumus
340 4227 394 4285 uisi
410 4243 458 4299 per
473 4227 568 4283 talium
583 4226 794 4283 delectationum
809 4242 897 4297 aquus
982 4216 1065 4274 tuns.
1086 4216 1129 4272 ¹6·
1148 4215 1256 4287 Reid?ce
1283 4216 1310 4270 5¹¹
1330 4231 1383 4283 me,
1402 4223 1427 4270 θ’
1457 4215 1580 4269 insidere
1594 4215 1655 4280 mel,
1675 4216 1739 4286 quin

109 4333 282 4378 transeamus
300 4341 306 4377 :
322 4321 472 4378 utcumde
487 4319 593 4377 delectu
609 4320 767 4377 esurieirel
788 4319 895 4377 sitisad
946 4311 1040 4367 unicus
1065 4319 1091 4365 et
1120 4325 1292 4380 perperaum
1318 4324 1376 4380 ego.
1408 4306 1517 4377 Respice
1543 4308 1572 4362 in
1597 4323 1649 4362 me.
1685 4308 1738 4374 Qui

107 4417 243 4472 satietatis
254 4425 365 4488 portum
379 4414 599 4480 transvadamus,
617 4415 751 4470 transitus
766 4412 810 4469 ille
823 4413 895 4469 tuol-
910 4401 1027 4502 nstris.
1042 4410 1073 4457 1¹2
1084 4401 1157 4457 ⁰12⁰li
1167 4401 1221 4456 mei
1236 4402 1292 4458 sitii
1313 4400 1349 4456 ad
1382 4409 1420 4465 ¹⁰2
1449 4400 1506 4455 ⁸1¹¹l
1530 4413 1641 4470 (l¹¹⁰<l¹¹⁰
1665 4400 1737 4454 ⁰⁰⁰¹?

106 4508 140 4563 lis
167 4516 195 4562 et
210 4506 379 4563 delectabilis
400 4514 441 4562 est
460 4506 488 4560 in
509 4506 569 4575 ipsa
592 4503 740 4560 reiectione
755 4504 822 4561 :sed
836 4504 895 4575 ipsa
946 4496 986 4551 tui
998 4495 1032 4551 all
1047 4509 1101 4552 ¹1¹⁰·
1113 4492 1258 4562 Qumidffl
1268 4494 1295 4548 5¹¹
1314 4491 1400 4547 Adam
1416 4490 1536 4548 Cleibd⁰
1561 4506 1604 4546 ¹¹¹0
1618 4491 1737 4547 ”Obllssffl

106 4600 169 4656 talis
185 4599 315 4655 mollities
337 4597 427 4663 habet]
440 4597 469 4652 iu
493 4611 524 4652 se
540 4596 655 4666 laqueos
677 4605 703 4651 et
720 4596 787 4651 retia
805 4596 895 4667 plura,
947 4601 1099 4650 ereaturam
1115 4590 1219 4659 vidisti,
1236 4589 1347 4662 quando
1364 4601 1481 4655 cuncta,
1501 4604 1562 4660 quae
1585 4590 1611 4644 in
1627 4589 1739 4646 homine

106 4692 208 4763 quibus
224 4691 400 4764 implicantur
410 4689 491 4746 lacile
506 4697 608 4744 nostrae
627 4687 794 4745 affectiones.
807 4689 896 4759 Atque
946 4701 979 4741 ac
994 4684 1251 4755 propterltomiuern
1266 4681 1380 4747 ieceras,
1391 4682 1495 4747 vidisti,
1510 4701 1519 4734 ι
1532 4680 1749 4738 eteranrratde·

106 4786 171 4842 inde
184 4786 224 4851 tlt,
239 4794 269 4841 ut
282 4799 344 4842 eom
357 4783 448 4856 portui
461 4782 726 4853 appropinquamus,
751 4782 859 4852 laqueis
870 4790 898 4836 et
946 4776 1108 4848 bouaffim.
1130 4777 1221 4847 uel),
1238 4774 1500 4847 »utpoteamaiitia
1518 4784 1691 4849 peccatorum
1711 4784 1746 4831 et
1787 4818 1792 4829 .

106 4877 214 4935 retibus
229 4877 444 4935 delectationum
461 4874 535 4946 capti
548 4874 620 4929 riam
644 4874 732 4944 ipsam
756 4872 829 4928 duiri
844 4871 896 4927 do·
947 4870 1120 4926 miseriarum
1138 4870 1236 4927 aliena.
1253 4866 1307 4926 Sed
1332 4878 1488 4941 emergente
1517 4868 1631 4935 malitia,
1644 4877 1673 4924 et
1684 4868 1739 4924 mi·

105 4971 224 5038 leamos,
240 4986 274 5028 ae
286 4970 350 5043 plus
367 4984 419 5027 uos
432 4968 548 5026 delectet
557 4966 609 5024 rire
621 4964 755 5035 suavitas,
769 4980 853 5037 quaro
868 4965 895 5021 in
947 4965 1018 5021 seria
1037 4964 1066 5020 in
1085 4972 1183 5019 natura
1210 4964 1331 5020 humana
1354 4963 1491 5021 diabolico
1512 4979 1596 5019 suasu
1608 4963 1734 5033 decepta,

105 5072 190 5136 portu
203 5063 309 5134 expleta
327 5062 488 5120 necessitas.
565 5096 568 5100 -
945 5057 1024 5130 josto
1047 5055 1150 5128 judicio
1184 5071 1228 5111 me
1253 5056 1427 5128 despexisti:
1453 5071 1534 5126 quern
1559 5054 1637 5125 prius
1667 5054 1739 5109 iuter

141 5153 389 5213 llebraicareritas
420 5153 521 5209 habet:
539 5171 549 5205 ι
565 5149 701 5223 quoniam·
723 5148 780 5220 ipse
800 5148 898 5206 educet
946 5160 1044 5207 emera
1065 5149 1136 5204 buna
1158 5147 1261 5215 vidisti,
1286 5148 1360 5219 juste
1384 5147 1507 5204 avertisti
1532 5163 1548 5203 a
1571 5161 1616 5201 rue
1641 5145 1741 5202 oeulos

106 5247 140 5304 tle
150 5255 209 5304 rete
226 5247 308 5318 pedes
320 5260 406 5302 meos.
420 5244 534 5302 Frustra
550 5252 640 5300 autent
651 5241 752 5313 iacitur
762 5250 821 5297 rete
834 5250 898 5298 ante
946 5241 1141 5299 misericordie
1160 5249 1224 5297 tuae.
1241 5239 1295 5299 Sed
1316 5257 1390 5297 nuuc
1414 5255 1573 5312 persenam
1601 5238 1731 5309 preniten-

106 5339 202 5397 oeulus
214 5345 395 5409 pennatorum
415 5335 506 5408 (Prae.
523 5353 544 5403 r,
564 5336 621 5408 l'l),
640 5331 854 5406 raitSnpieutia,
870 5343 898 5391 et
948 5337 1013 5394 tiam
1028 5336 1162 5408 placatus,
1174 5336 1270 5393 oculos
1289 5336 1395 5408 jamdiu
1413 5348 1525 5390 auersos
1547 5332 1631 5390 reduc
1654 5346 1738 5402 super

106 5435 169 5490 ideo
182 5435 261 5499 retia,
280 5431 338 5489 sire
350 5431 439 5503 laquei
463 5432 642 5489 tentationum
657 5448 712 5489 non
726 5440 789 5488 ante
802 5431 897 5487 oeulos
947 5447 1002 5487 me.
1026 5430 1078 5499 Qui
1090 5429 1211 5488 olicusus
1235 5445 1284 5501 per
1306 5426 1519 5484 inobedientiam
1543 5425 1623 5496 primi
1648 5425 1743 5485 ddanr.

107 5535 287 5598 pennatorum
320 5526 348 5581 in
374 5526 506 5582 evidentia
535 5527 694 5594 tenduntnr,
732 5525 778 5580 sed
802 5523 898 5580 callide
946 5523 1092 5594 despexisti
1119 5535 1162 5578 me
1190 5519 1293 5591 prolem
1328 5518 1425 5590 ipsius,
1457 5534 1531 5575 nune
1552 5517 1676 5591 placatus
1690 5532 1738 5586 per

107 5618 323 5685 absconduntur,
337 5618 374 5673 ita
399 5624 429 5673 ιιι
441 5618 493 5674 sub
516 5617 650 5674 uelamine
663 5617 773 5675 virtutis
784 5626 832 5673 aut
848 5631 897 5673 ne·
947 5613 1129 5672 obedientium
1143 5610 1256 5669 secundi
1281 5609 1368 5665 Adam
1394 5609 1492 5680 respice
1506 5626 1546 5666 me
1567 5608 1736 5679 redemptum

107 5708 243 5766 cessitatis
269 5710 411 5768 obumbret
439 5708 574 5766 interdurn
607 5709 722 5781 laqueus
756 5707 897 5781 pravitatis
948 5706 1043 5779 ipsius.
1056 5706 1122 5763 Post
1136 5706 1245 5777 lougam
1256 5701 1457 5775 despectionem
1470 5701 1524 5760 cito
1537 5703 1633 5779 respice
1643 5703 1670 5758 in
1681 5715 1736 5756 uu:
