3817 6000
399 152 487 202 ET!

395 266 475 318 ,llis
507 262 555 314 ἰιι
595 266 851 314 minutulis
883 258 1036 318 jusu,
1068 258 1223 326 quitasi
1252 254 1484 310 Ritu-rull·
1508 252 1732 322 saleph,
1782 253 1870 305 cui
1917 260 1972 307 et
2005 255 2042 312 Α

391 354 523 406 llicit
579 354 691 422 ipsc
727 354 919 406 ‚li-sits:
976 374 988 398 ι
1024 349 1104 402 Tu
1140 362 1224 402 tue
1276 358 1504 414 sentimas
1552 343 1727 416 (ibim,
1775 342 1905 411 22);
1945 360 1964 393 t

391 458 651 516 tanquam
683 446 859 499 dimit:
891 442 1044 515 *pulsi
1080 442 1212 495 aller
1264 438 1468 507 {Ialsph
1520 446 1576 491 tu
1620 450 1707 491 me
1742 450 1972 506 sequere

387 555 575 593 aarum
603 539 789 599 lusus,
819 555 875 591 ιιι
907 554 992 591 rna
1028 535 1312 599 ι’-ιιιιιῑιιιιᾛ,
1364 543 1416 583 ιιι
1480 527 1611 584 mihi
1645 536 1971 598 cooperator

387 643 527 695 rain,
567 641 623 683 ιιι
659 647 751 699 ,ιι-,Γ
791 627 1080 683 lin-danorii
1116 627 1368 695 baptismi
1400 625 1636 695 pupillus
1677 619 1851 677 fidelis
1879 620 1968 675 in·

387 727 707 779 insumuntur
759 723 811 775 in
855 731 1056 775 ta-rt-:un
1120 715 1520 789 promissioni&
1573 710 1730 779 Quod
1781 718 1843 766 ut
1892 711 1969 766 ita

384 819 561 880 tieret,
593 821 738 868 recte
754 815 963 868 orando
985 807 1351 880 prophetavit,
1375 819 1431 861 et
1451 803 1829 876 prophetando
1843 803 1970 860 fide-

383 900 510 954 liter
538 906 713 954 oravit
757 903 1018 969 propheta
1076 899 1245 950 David
1306 898 1388 951 sic
1439 896 1628 951 dicens
1659 896 1779 962 tibi,
1808 894 1971 951 Chri-

384 1001 469 1046 ste
507 989 771 1045 :Tribuat
828 988 925 1042 tibi
990 988 1273 1042 secundum
1339 1003 1430 1040 cor
1477 997 1659 1053 tuum,
1720 995 1770 1042 et
1818 1002 1970 1043 omne

382 1080 670 1137 consilium
716 1089 866 1134 tuum
919 1080 1212 1149 confirmet.
1241 1078 1644 1151 ⁸Subautlitur:
1680 1077 1816 1132 Deus
1858 1076 1970 1132 Pa-

383 1181 482 1230 ter.

453 1262 522 1319 Et
546 1279 650 1320 nos
680 1274 969 1334 postquam
999 1264 1105 1319 hoc
1141 1278 1339 1334 magna
1368 1279 1433 1319 ex
1485 1272 1638 1334 parte
1683 1262 1966 1346 impletu-m

380 1356 761 1429 cognovimus,
787 1365 968 1412 tamen
1000 1358 1054 1411 in
1079 1356 1240 1412 nobis
1272 1365 1326 1412 et
1347 1356 1471 1411 aliis
1490 1356 1670 1412 adhuc
1700 1356 1968 1411 sentimus

379 1463 634 1519 maguam
658 1447 1084 1518 discrepantiam
1108 1447 1290 1503 cordis
1313 1446 1485 1503 nostri
1501 1446 1727 1513 humani
1756 1462 1785 1500 a
1803 1446 1966 1502 corde

377 1537 604 1605 Christi,
640 1540 828 1610 inquo
848 1548 978 1595 sunt
1010 1555 1202 1595 omnes
1225 1539 1468 1594 thesauri
1497 1537 1803 1594 divinorum
1828 1553 1963 1593 con-

378 1630 628 1686 siliorum
657 1630 985 1698 absconditi,
1012 1630 1339 1686 cuiomnino
1362 1630 1443 1686 sic
1469 1644 1571 1686 nos
1592 1629 1812 1701 expedit
1838 1644 1967 1685 con-

376 1721 606 1778 formari
637 1739 736 1794 per
761 1722 921 1777 fidem
953 1738 1079 1778 curu
1125 1721 1315 1791 Maria,
1348 1738 1444 1793 per
1484 1722 1666 1780 cordis
1702 1724 1958 1781 ardorem

376 1828 504 1869 cum
534 1814 821 1885 discipulis
851 1815 1002 1869 illum
1043 1814 1098 1869 in
1129 1813 1398 1870 fractione
1440 1814 1599 1885 panis
1625 1829 1965 1886 cognoscen-

379 1905 547 1973 tibus,
578 1921 676 1977 per
725 1921 966 1962 amorem
1016 1906 1293 1962 sincerum
1328 1920 1451 1961 cum
1481 1904 1663 1973 Petro,
1695 1915 1755 1962 ut
1780 1906 1963 1963 mani·-

375 1995 516 2053 festa
552 1996 624 2054 sit
649 1997 809 2052 nobis
855 1997 912 2051 in
962 1996 1122 2052 nobis
1151 1997 1325 2067 ipsius
1360 1998 1713 2066 resurrectio,
1759 1998 1816 2053 in
1854 2015 1963 2070 qua

375 2087 520 2144 facta
562 2096 646 2144 est
696 2088 946 2159 corporis
972 2096 1027 2144 et
1063 2087 1289 2160 spiritus
1311 2087 1549 2160 perfecta
1607 2089 1960 2146 coadunatio.

369 2177 495 2234 Non
517 2188 794 2250 putemus,
826 2194 952 2235 cum
990 2176 1159 2234 Maria
1207 2177 1489 2236 Christum
1520 2181 1572 2235 in
1606 2190 1964 2237 monumento

372 2282 674 2345 quan-ente,
727 2273 906 2344 ipsum
966 2272 1201 2329 necdum
1248 2274 1315 2330 ad
1358 2275 1724 2345 aequalitatem
1782 2274 1963 2333 Patris

372 2369 713 2434 ascendisse,
740 2369 827 2424 vcl
847 2384 1051 2439 corpus
1078 2367 1200 2441 ejus
1221 2384 1343 2427 esse
1370 2371 1579 2442 absque
1607 2371 1802 2443 spiritu
1833 2387 1958 2429 suo.

374 2459 617 2517 Rursum
649 2476 775 2517 cum
815 2460 1123 2532 discipulis,
1154 2461 1249 2533 qui
1284 2463 1677 2519 existimabant
1703 2484 1722 2516 t
1756 2478 1816 2520 se
1848 2466 1964 2536 spi·

372 2555 542 2612 ritum
572 2555 756 2612 videre
787 2553 939 2626 (Luc.
978 2569 1139 2621 nur,
1159 2553 1276 2626 57),
1305 2575 1324 2607 ι
1360 2571 1469 2612 non
1518 2565 1773 2628 putemus
1798 2556 1961 2613 Chri-

372 2659 517 2704 stum
553 2663 776 2705 carnem
806 2656 863 2704 et
905 2661 1035 2704 ossa
1069 2662 1179 2703 non
1226 2648 1448 2715 habere,
1495 2665 1620 2706 cum
1669 2650 1785 2721 ipse
1814 2650 1962 2707 dicat

371 2755 591 2810 sponsae
610 2756 745 2808 suae,
775 2751 979 2796 sanctae
1019 2737 1227 2797 scilicet
1258 2737 1561 2797 Ecclesiae:
1593 2761 1610 2792 ι
1650 2740 1767 2798 Hoc
1811 2758 1960 2799 nunc

369 2828 437 2885 os
464 2846 529 2885 ex
567 2830 787 2885 ossibus
823 2831 979 2897 meis,
1011 2840 1061 2885 ct
1090 2846 1221 2887 caro
1260 2830 1326 2887 de
1372 2847 1538 2889 carne
1566 2847 1686 2887 mea
1742 2829 1970 2905 (Genesi

368 2918 573 2988 u‚,23).·
599 2936 618 2970 ο
669 2917 761 2974 Sic
790 2919 1018 2974 omnino
1046 2937 1138 2975 cor
1161 2929 1410 2977 nostrum
1446 2922 1520 2978 sit
1551 2923 1752 2980 ardens
1774 2923 1829 2979 iu
1853 2938 1955 2980 no·
1985 2939 2026 2997 c

367 3009 477 3076 his,
498 3008 627 3064 dum
655 3010 898 3080 loquitur
926 3009 1083 3066 nobis
1116 3010 1172 3064 in
1200 3012 1305 3081 via,
1338 3022 1393 3067 et
1417 3014 1591 3084 aperit
1618 3014 1776 3071 nobis
1803 3013 1956 3071 Scri-

367 3109 583 3172 pturas,
615 3117 793 3173 neque
816 3108 961 3159 inter
986 3119 1083 3160 cor
1110 3114 1381 3174 nostrum,
1404 3114 1460 3163 et
1487 3123 1585 3164 cor
1614 3105 1820 3165 Christi
1850 3109 1954 3164 ali-

367 3207 477 3264 qua
499 3192 811 3251 inveniatur
833 3195 1162 3253 damnabilis
1186 3205 1241 3254 et
1261 3189 1614 3257 noxia'nobis
1637 3199 1951 3257 diversitas

366 3284 507 3353 Quia
543 3301 675 3342 vero
704 3287 862 3345 nobis
887 3290 941 3344 in
970 3290 1149 3357 nobis,
1179 3290 1262 3346 vei
1291 3305 1356 3346 ex
1384 3290 1544 3348 nobis
1563 3291 1711 3346 nulla
1737 3299 1824 3348 est
1843 3293 1957 3349 vir-

366 3387 459 3434 tus
485 3377 555 3433 ad
607 3378 727 3436 haec
755 3380 1087 3453 perficienda
1137 3382 1192 3437 in
1228 3383 1411 3451 nobis,
1448 3403 1466 3435 ι
1501 3383 1756 3440 fiduciam
1788 3386 1951 3442 talem

365 3469 638 3526 habemus
664 3486 761 3542 per
800 3469 1082 3530 Christum
1112 3473 1180 3529 ad
1214 3472 1407 3540 Deum,
1447 3488 1557 3530 non
1579 3475 1727 3546 quod
1776 3475 1951 3532 simus

364 3558 698 3618 sufficientes
723 3562 964 3634 cogitare
984 3563 1193 3635 aliquid
1216 3580 1247 3619 a
1274 3564 1455 3630 nobis,
1486 3565 1645 3636 quasi
1669 3581 1736 3622 ex
1764 3566 1948 3634 nobis,

364 3653 460 3709 sed
483 3652 803 3711 sufficientia
824 3663 1009 3712 nostra
1025 3672 1089 3711 ex
1117 3655 1228 3712 Deo
1252 3655 1439 3727 est(11
1468 3658 1595 3713 Cor.
1618 3673 1698 3726 ιιι,
1730 3659 1788 3724 t,
1818 3658 1898 3726 ὅ),
1926 3677 1945 3712 ›

361 3745 480 3818 qui,
511 3747 613 3803 etsi
642 3747 799 3803 nobis
830 3756 1051 3819 propter
1073 3763 1175 3805 nos
1206 3748 1339 3804 nihil
1370 3749 1500 3806 boni
1522 3749 1701 3817 debet,
1747 3750 1950 3821 quibus

362 3838 584 3894 nonnisi
609 3853 801 3910 poenas
826 3839 1017 3896 debet:
1043 3850 1226 3896 tamen
1253 3841 1360 3897 boc
1386 3839 1525 3897 Filio
1550 3856 1653 3898 suo
1678 3842 1857 3911 debet,
1890 3851 1951 3898 ut

361 3930 479 4001 ipse
507 3931 761 3989 homines
789 3932 867 3988 illi
897 3931 1227 4001 conformet,
1250 3933 1345 4002 qui
1389 3941 1446 3988 et
1474 3932 1735 3990 obediens
1766 3934 1818 3990 ei
1866 3931 1950 3989 fa-

361 4030 506 4088 ctus,
531 4028 586 4077 et
607 4021 819 4077 homini
852 4031 1073 4078 mortuo
1106 4023 1223 4095 ipse
1245 4031 1499 4079 mortuus
1526 4032 1611 4080 est
1633 4025 1948 4081 conforma-

359 4118 471 4168 tus.
500 4110 796 4183 Propterea
828 4126 941 4169 non
976 4126 1237 4184 rogamus
1264 4129 1381 4169 rem
1428 4123 1636 4170 tantam
1669 4115 1789 4171 dari
1845 4132 1947 4175 no·.

359 4203 448 4260 bis
470 4218 572 4273 pro
610 4202 819 4259 meritis
846 4204 1073 4271 nostris,
1106 4204 1200 4260 sed
1225 4218 1506 4276 rogamus,
1538 4222 1572 4262 o
1606 4205 1846 4276 Christe,
1886 4217 1948 4266 ut

357 4292 507 4350 Deus
525 4292 687 4350 Pater
713 4295 913 4350 tribuat
942 4295 1037 4350 tibi
1062 4296 1349 4351 secundum
1388 4297 1536 4367 quod
1582 4299 1853 4366 meruisti,
1889 4308 1946 4356 et
1975 4286 2021 4343 Ῐ)

356 4386 644 4441 secundum
668 4403 760 4442 cor
800 4395 949 4441 tuum
971 4388 1052 4444 sic
1074 4387 1289 4461 disponi
1317 4397 1567 4445 nostrum
1592 4390 1824 4448 liberum
1854 4407 1945 4448 ar-

357 4479 607 4549 bitrium,
640 4489 700 4535 ut
733 4482 894 4552 quasi
944 4479 1150 4553 Caleph
1205 4480 1499 4540 comitetur
1544 4492 1596 4539 te
1648 4481 1833 4540 lesum
1873 4485 1942 4540 ad

356 4568 792 4626 confirmandum
811 4572 868 4627 in
889 4572 1050 4629 nobis
1078 4587 1185 4627 non
1208 4571 1386 4628 solum
1423 4588 1589 4629 omne
1609 4585 1940 4646 praeeeptum

352 4669 533 4729 tuum,
557 4663 828 4719 sedetiam
853 4678 1007 4718 omne
1025 4663 1309 4719 consilium
1332 4674 1502 4720 tuum.
1519 4663 1764 4721 Dicimus
1778 4681 1937 4738 ergo:

359 4750 584 4808 Tribuat
604 4754 701 4809 tibi
731 4755 1025 4810 secundum
1048 4771 1140 4810 cor
1168 4764 1317 4810 tuum
1355 4771 1477 4813 esse
1524 4770 1624 4813 cor
1657 4767 1937 4825 nostrum;

353 4851 406 4897 et
437 4860 588 4899 omne
610 4844 893 4901 consilium
921 4854 1072 4900 tuum
1097 4846 1391 4917 confirmet,
1421 4862 1492 4903 ne
1523 4863 1765 4918 unquam
1801 4864 1939 4903 con·

354 4936 495 4992 siliis
519 4937 629 4993 tuis
655 4937 855 4993 divinis
882 4936 1109 4995 affectus
1131 4940 1406 4995 humanus
1432 4939 1824 5007 recalcitraret,
1843 4941 1938 4996 sed

354 5042 454 5084 cor
494 5036 744 5084 nostrum
791 5044 892 5101 per
928 5029 1161 5086 liberum
1205 5031 1493 5088 arbitrium
1527 5033 1814 5088 secundum
1848 5050 1939 5089 cor

356 5129 508 5174 tuum
544 5121 847 5192 gradiatur,
870 5122 1229 5193 quoadusque
1272 5123 1329 5176 in
1377 5139 1505 5179 vera
1554 5123 1938 5194 promissionis

353 5220 525 5277 terra,
556 5214 696 5271 laste
734 5230 798 5270 ac
821 5214 983 5270 melle
1031 5215 1374 5285 sempiternae
1412 5215 1715 5272 dulcedinis
1754 5224 1935 5272 tecum

356 5309 422 5374 pe
454 5303 687 5361 fruatur.
715 5304 795 5361 lbi

431 5391 594 5450 Vsus.
625 5396 680 5452 6.
713 5395 1037 5454 Loetabimur
1061 5400 1114 5453 in
1145 5397 1374 5454 salutari
1420 5408 1532 5467 tuo,
1560 5411 1611 5455 et
1641 5401 1698 5455 in
1727 5402 1938 5457 nomine

359 5476 456 5532 Dei
502 5486 670 5537 nostri
701 5487 1179 5558 magnificabimur.
1211 5487 1311 5556 ihi,
1342 5505 1376 5545 o
1410 5488 1593 5558 Pater,
1629 5506 1664 5546 o
1708 5490 1938 5549 Genitor

360 5564 692 5627 salvatoris!
749 5575 805 5629 in
849 5584 991 5632 terra
1037 5579 1419 5645 promissionis
1468 5581 1750 5637 constituti
1808 5593 1934 5652 post

1996 1598 2040 1654 B

1372 142 1408 194 t]
1424 135 1674 194 fithom
1714 133 2106 192 PRAEPOSITI
2144 133 2695 192 nsslcltssnspssnc.

3551 137 3675 196 972

2074 266 2293 308 omnent
2329 251 2470 307 diem
2525 246 2914 317 tribulationis,
2961 248 3015 303 in
3071 250 3174 307 die.
3214 250 3579 309 solemnitatis
3608 261 3679 309 et

2074 343 2293 410 laetitiae‚
2323 341 2630 396 fatebimur
2655 342 2711 395 in
2755 341 2985 396 salutari
3029 351 3141 399 tuo.
3183 341 3299 413 Ego
3325 340 3495 398 David
3527 358 3672 412 pro-

2072 434 2258 505 pheta,
2290 440 2346 489 et
2374 433 2554 489 omnis
2580 432 2757 489 tidelis
2787 434 3097 503 psalmista,
3127 441 3181 489 et
3210 434 3392 489 omnis
3412 433 3672 489 tidelium

2071 534 2313 594 caterva,
2346 525 2565 597 Caleph'
2583 526 2804 583 nomine
2822 526 3007 600 digua,
3040 527 3155 582 imo
3183 525 3497 597 dignatione
3521 526 3674 582 divi·

2073 634 2140 675 na
2179 618 2284 675 hoc
2311 634 2512 676 nomen
2541 619 2734 676 sortita
2779 619 2855 675 ibi
2881 618 3206 686 laetabimur,
3241 631 3353 673 non
3379 616 3438 673 in
3465 625 3675 674 nostro

2073 711 2291 778 merito,
2315 711 2408 767 sed
2433 711 2490 765 in
2519 712 2749 766 salutari
2779 720 2892 776 tuo,
2919 711 3081 766 Pater
3114 718 3337 765 aeterne.

2143 801 2212 856 Et
2245 803 2300 857 in
2346 806 2556 859 nomine
2611 802 2712 860 Dei
2766 805 2939 859 nostri
2981 801 3466 874 maqnificabimur.
3519 797 3673 855 Nam

2070 907 2208 963 quos
2244 893 2650 964 praedestinavit
2678 904 2806 951 ante
2849 903 3098 964 tempora
3130 891 3439 960 saecularia,
3473 891 3583 946 hos
3609 901 3673 946 et

2070 990 2231 1040 vocat
2256 992 2312 1039 et
2345 984 2609 1056 justificat
2637 986 2691 1040 in
2725 993 2970 1056 tempore
3010 991 3341 1055 opportuno,
3365 982 3419 1037 in
3445 990 3675 1052 tempo-

2071 1092 2130 1132 re
2156 1087 2399 1147 accepto,
2430 1077 2649 1134 eosdem
2671 1090 2892 1147 quoque
2912 1074 3283 1147 magnificabit
3309 1081 3436 1145 post
3468 1072 3672 1128 omnia

2070 1177 2315 1240 tempora
2348 1170 2404 1224 in
2434 1168 2754 1226 aeternitatis
2775 1167 2950 1240 gloria
2974 1181 3193 1238 semper
3215 1179 3501 1220 mansura.
3533 1162 3672 1219 flac

2068 1257 2203 1326 dixi,
2228 1272 2531 1315 conversus
2547 1257 2614 1314 ad
2635 1256 2873 1313 Patrem.
2891 1255 3116 1323 lterum,
3140 1268 3441 1312 conversus
3468 1252 3541 1311 ad
3564 1251 3669 1308 Fi-

2068 1350 2204 1405 lium
2234 1351 2362 1406 dico
2397 1369 2411 1406 z

2140 1439 2308 1498 Vsus.
2341 1440 2396 1497 7.
2444 1439 2675 1512 Impleat
2713 1439 2975 1497 Dominus
3002 1455 3180 1497 omnes
3204 1440 3480 1511 petitiones
3513 1448 3662 1494 tuas.

2069 1531 2116 1589 0
2144 1531 2248 1588 Fili
2297 1530 2396 1589 Dei
2427 1532 2539 1589 vivi
2581 1532 2819 1600 Christe,
2855 1533 2951 1604 qui
2991 1545 3092 1602 pro
3135 1530 3297 1588 nobis
3337 1531 3666 1602 interpellas

2068 1627 2212 1698 apud
2234 1626 2452 1683 Patrem
2477 1627 2676 1699 dignus
2699 1625 3050 1683 exauditione
3078 1638 3180 1695 pro
3205 1631 3299 1680 tua
3323 1623 3663 1691 reverentia,

2068 1719 2164 1775 tibi
2222 1733 2323 1790 pro
2354 1718 2516 1774 nobis
2540 1717 2840 1790 postulanti
2879 1725 3098 1773 nostras
3126 1731 3317 1788 preces
3363 1714 3663 1786 jungimus

2067 1826 2130 1866 ac
2161 1809 2433 1866 dicimus:
2483 1806 2713 1878 Impleat
2745 1806 3004 1862 Dominus
3046 1804 3210 1862 Pater
3229 1820 3410 1860 omnes
3436 1807 3664 1876 petitio-

2068 1918 2155 1957 nes
2184 1910 2326 1957 tuas.
2364 1899 2446 1956 Tu
2480 1913 2542 1955 es
2561 1899 2708 1955 euim
2736 1911 2884 1953 nunc
2912 1896 3211 1953 advocatus
3249 1904 3464 1963 nostem
3498 1895 3660 1952 futu·

2066 2009 2190 2050 rum
2219 2002 2305 2050 est
2333 2000 2394 2049 ut
2414 1993 2491 2050 sis
2510 1990 2680 2063 iudex
2727 2000 2933 2048 noster.
2969 1989 3076 2047 Sed
3106 1997 3400 2062 antequam
3431 2003 3538 2045 nos
3556 1989 3658 2058 iu-

2064 2087 2236 2155 dices,
2264 2094 2558 2157 antequam
2610 2099 2715 2141 nos
2765 2083 2834 2140 ad
2877 2083 3145 2156 judicium
3187 2097 3377 2153 voees,
3430 2082 3658 2154 impleat

2065 2175 2212 2234 Deus
2236 2175 2398 2232 Pater
2432 2177 2487 2231 in
2518 2175 2679 2232 nobis
2707 2191 2887 2230 omnes
2916 2175 3197 2245 petitiones
3221 2182 3364 2240 tuas,
3397 2189 3540 2245 quas
3562 2183 3653 2241 tn,

2064 2267 2303 2341 pontifex
2335 2269 2616 2341 ingressus
2650 2268 2707 2324 in
2761 2276 2954 2326 sancta
2979 2277 3320 2336 sanctorum,
3368 2267 3422 2323 id
3451 2275 3539 2323 est
3590 2267 3651 2323 in

2063 2360 2245 2433 ipsum
2271 2360 2494 2428 coelum,
2546 2368 2606 2415 ut
2649 2374 2915 2431 appareas
2972 2359 3146 2415 vultui
3192 2357 3286 2414 Dei
3313 2373 3414 2430 pro
3457 2356 3649 2426 nobis,

2061 2468 2160 2525 per
2186 2451 2293 2510 hoc
2315 2452 2496 2522 ipsum
2523 2450 2712 2508 fundis
2737 2467 2838 2523 pro
2859 2450 3041 2519 nobiS,
3081 2450 3231 2522 quod
3268 2466 3500 2523 appares
3524 2450 3652 2506 vul·

2061 2546 2141 2602 tul
2171 2544 2268 2603 Dei
2295 2559 2398 2618 pro
2428 2546 2608 2602 nobis.
2637 2542 2775 2601 Nam
2798 2552 2907 2602 tuat
2940 2545 3054 2602 illic
3077 2544 3441 2602 humanitatis
3469 2543 3527 2599 in
3553 2544 3637 2600 di-

2060 2639 2186 2693 vina
2207 2638 2377 2710 gloria
2402 2636 2548 2710 jugis
2600 2637 2869 2709 apparitio
2906 2637 3057 2710 jugis
3079 2644 3165 2694 est
3206 2637 3395 2709 petitio
3430 2651 3533 2708 pro
3554 2637 3645 2693 his

2062 2731 2118 2787 in
2147 2730 2348 2788 coelum
2398 2730 2542 2785 intra
2588 2728 2788 2787 Sancta
2818 2738 3133 2788 sanctorum
3161 2730 3500 2802 colligendis,
3543 2732 3643 2802 qni

2060 2831 2189 2879 sunt
2222 2823 2467 2880 membra
2496 2832 2611 2892 tua,
2637 2839 2733 2895 per
2761 2825 2869 2880 hoc
2897 2824 3191 2896 participes
3235 2833 3344 2880 tuae
3382 2823 3643 2880 divinita-

2061 2911 2152 2983 tis,
2174 2916 2321 2986 quod
2351 2924 2407 2971 tu
2434 2916 2709 2987 particeps
2737 2915 2915 2974 factus
2939 2933 2999 2974 es
3024 2917 3402 2975 humanitatis.
3427 2915 3638 2988 itaque,

2059 3022 2094 3063 ο
2125 3022 2319 3079 magne
2361 3007 2632 3077 Pontifex,
2664 3011 2759 3081 qui
2789 3010 3084 3081 penetrasti
3111 3010 3323 3082 coelos,
3351 3012 3446 3083 qui
3490 3012 3639 3068 intra

2059 3097 2260 3155 Sancta
2301 3109 2644 3169 sanctorum,
2685 3103 2826 3157 intra
2862 3110 3073 3159 secreta
3111 3103 3372 3159 coelorum
3405 3111 3510 3160 tuae
3528 3104 3637 3160 hu-

2056 3193 2336 3250 manitatis
2359 3194 2696 3251 exhibitione
2732 3196 3009 3265 petitiones
3037 3195 3175 3254 facis
3203 3211 3305 3267 pro
3330 3197 3507 3253 salute
3529 3198 3634 3253 ho-

2055 3285 2287 3353 minum,
2318 3300 2418 3357 pro
2441 3285 2835 3358 glorificatione
2860 3288 3231 3343 membrorum
3254 3297 3500 3357 tuorum,
3530 3305 3635 3345 nos

2056 3375 2151 3430 tibi
2179 3377 2378 3447 petenti
2409 3378 2700 3448 petitiones
2725 3386 2943 3434 nostras
2965 3378 3250 3450 Iungimus
3265 3388 3321 3435 et
3356 3378 3632 3437 dicimus:

2055 3463 2285 3537 Impleat
2313 3466 2568 3522 Dominus
2594 3484 2770 3523 omnes
2799 3469 3079 3539 petitiones
3115 3479 3256 3524 tuas.
3291 3468 3357 3523 Et
3402 3484 3512 3524 non
3533 3469 3634 3526 du-

2054 3559 2338 3615 bitandum
2369 3568 2454 3618 est
2484 3560 2595 3616 ullo
2621 3560 2784 3616 modo
2823 3560 3069 3617 exaudiri
3107 3560 3269 3632 talem
3317 3561 3630 3633 pontificem

2053 3650 2107 3705 in
2159 3650 2352 3708 diebus
2399 3652 2514 3709 suis
2567 3650 2678 3708 Deo
2732 3652 3057 3723 placentem,
3105 3653 3234 3723 quia
3258 3654 3422 3708 etiam
3469 3652 3630 3725 longe

2051 3754 2178 3803 ante
2211 3747 2385 3819 ipsius
2407 3755 2654 3821 tempora
2685 3765 2787 3823 ego
2831 3749 3004 3806 David
3031 3751 3297 3823 propheta
3326 3750 3385 3807 in
3430 3749 3627 3807 dicbus

2052 3853 2190 3895 mets

2122 3929 2280 3985 Nunc
2337 3931 2554 4003 coqnovi
2613 3933 2863 4003 quoniam
2930 3933 3135 3989 salvum
3187 3933 3313 4004 [ecit
3367 3932 3623 3990 Dominus

2048 4017 2320 4074 Christum
2346 4036 2522 4075 suum.
2555 4019 2610 4073 N
2615 4037 2715 4075 unc
2739 4023 2955 4093 coqnovi
2981 4038 3079 4093 per
3106 4022 3358 4094 spiritum
3390 4024 3623 4094 prophe-

2047 4110 2154 4174 tiae,
2195 4111 2445 4183 quoniam
2491 4110 2636 4168 Deus
2682 4111 2847 4169 Pater
2885 4112 3158 4169 Christum
3203 4112 3404 4169 Filium
3459 4128 3618 4171 suom

2049 4203 2255 4274 Spiritu
2282 4211 2475 4259 sancto
2502 4211 2559 4260 et
2585 4204 2788 4261 virtute
2832 4214 3082 4273 unctum,
3115 4220 3223 4263 non
3252 4204 3377 4262 dico
3418 4206 3621 4261 salvant

2049 4294 2231 4364 faciet,
2257 4296 2418 4367 quasi
2445 4295 2692 4353 futurum
2722 4297 2856 4353 illud
2888 4296 3022 4353 mihi
3050 4296 3122 4353 sit
3156 4298 3496 4370 ambiguum,
3525 4298 3619 4354 sed

2044 4390 2249 4446 salvi-:nt
2272 4390 2430 4461 [eoin
2460 4391 2589 4462 quia
2616 4389 2969 4448 immobiliter
2995 4391 3051 4447 in
3073 4393 3412 4463 praescientia
3439 4394 3616 4449 divina

2042 4491 2122 4539 est
2147 4483 2503 4555 praeteritum,
2532 4482 2679 4555 quod
2704 4482 2883 4539 adhuc
2920 4483 2975 4539 in
2998 4483 3334 4556 temporibus
3359 4494 3447 4541 est
3471 4484 3615 4541 futu·
3772 4540 3773 4547 χ

2042 4588 2166 4628 rum
2193 4574 2260 4630 de
2301 4573 2606 4630 salvatione
2644 4575 2815 4630 totius
2861 4574 3090 4644 Christi,
3151 4576 3210 4631 id
3233 4582 3319 4633 est
3346 4578 3538 4647 capitis
3562 4586 3617 4632 et
3769 4598 3771 4641 ι

2043 4665 2291 4722 omnium
2327 4681 2553 4722 suorum
2577 4667 2971 4735 membrorum,
3016 4668 3072 4722 in
3095 4668 3298 4739 quibus
3344 4684 3446 4739 pro
3476 4682 3612 4740 pra·
3765 4659 3769 4735 l

2041 4756 2404 4814 destinatione
2444 4758 2560 4829 jam
2587 4757 2792 4814 salvum
2821 4759 2946 4830 [ecit
2989 4758 3250 4815 Dominus
3278 4758 3440 4815 Pater
3462 4757 3614 4814 clm·-

2040 4862 2183 4906 stum
2210 4868 2384 4906 suum.
2417 4849 2546 4920 Sed,
2566 4861 2630 4908 ut
2645 4851 2761 4923 ipsa
2787 4851 3194 4924 praedestinatio
3220 4853 3278 4908 in
3306 4850 3500 4908 effectu
3519 4867 3613 4922 ap-

2039 4953 2249 5015 pareat,
2298 4953 2354 5000 et
2383 4952 2557 5000 totum
2586 4959 2788 5016 corpus
2829 4943 2950 5016 ejus
2985 4942 3042 4999 in
3074 4944 3160 5000 his
3186 4957 3408 5014 quoqne
3440 4957 3604 4997 mem·

2039 5034 2176 5103 bris,
2201 5037 2256 5092 in
2282 5036 2487 5107 quihus
2516 5034 2696 5092 adhuc
2727 5052 2893 5107 super
2918 5045 3117 5092 terram
3147 5034 3474 5103 infirmatur,
3501 5036 3609 5090 sal·

2038 5143 2166 5184 vum
2190 5128 2305 5196 flat,
2435 5179 2443 5185 .

2109 5217 2376 5275 Exaudiet
2407 5217 2563 5273 illum
2585 5220 2651 5275 de
2679 5220 2808 5275 coeto
2846 5228 3035 5277 sancto
3056 5237 3175 5276 suo.
3202 5218 3309 5287 Qui
3337 5219 3609 5275 exaudivit

2036 5328 2163 5369 eum
2193 5314 2247 5369 in
2271 5329 2435 5371 carne
2463 5314 2680 5370 mortali
2723 5315 2827 5370 sub
2855 5314 3018 5385 eoelo,
3042 5321 3099 5370 et
3143 5313 3247 5371 suh
3274 5310 3480 5385 angelis
3507 5311 3608 5365 nti-

2036 5413 2314 5472 notatum,
2343 5419 2490 5461 nunc
2535 5405 2710 5461 multo
2732 5406 2906 5477 magis
2933 5406 3183 5462 exaudiet
3210 5403 3364 5460 illurn
3382 5404 3447 5457 de
3474 5400 3599 5457 eoelo

2035 5503 2219 5550 sancto
2249 5510 2345 5549 suo
2371 5495 2425 5549 in
2451 5510 2619 5551 carne
2641 5495 2939 5551 immortali
2974 5510 3139 5565 super
3167 5495 3390 5566 angelos
3409 5491 3605 5565 gloriti·

2036 5594 2242 5642 catum.
2290 5584 2396 5653 Qui
2428 5586 2710 5644 exaudivit
2738 5585 2925 5645 Jcsum
2969 5583 3308 5644 sacerdotem
3354 5598 3601 5654 magnum
