3817 6000
162 206 232 264 toto
636 197 789 256 Gonttottl
807 197 1001 256 PliAEPOSlTl
1021 197 1295 258 nnmdnnststlo.
1722 199 1795 260 lini)

163 321 321 386 Ebionitai
333 319 462 391 quioniam
476 317 598 373 clevatos
611 324 655 372 cst
671 314 723 382 sol,
740 323 767 370 et
787 315 854 371 lona
875 315 950 371 stetit
964 323 986 379 Α
1002 315 1031 370 in
1048 314 1271 382 mansuetudine;
1287 312 1334 370 sed
1347 328 1411 370 cece
1421 314 1478 384 Jatu
1489 313 1673 371 descenditad
1685 313 1793 371 tuero·

163 428 191 467 tn
207 409 305 466 urdine
318 425 380 466 suo.
1002 425 1065 467 cum
1076 423 1174 481 magna
1187 407 1346 465 tortitudine
1358 409 1413 479 ipre
1421 407 1550 482 Dominus
1562 408 1641 479 tortia
1651 417 1676 464 et
1686 417 1792 479 potens,

198 504 456 573 ennuntiatione
476 499 624 568 coemeter,
647 508 672 555 et
684 498 805 554 introibit
826 496 881 553 lito
895 498 952 569 pio·
1002 513 1030 559 et
1047 502 1189 559 brachium
1212 501 1272 572 ejus
1291 501 1337 557 laic
1361 501 1528 567 dominatur,
1547 516 1603 572 quo
1621 500 1737 557 brachio
1749 501 1795 576 in·

163 592 257 652 riano
277 609 327 651 ros
337 594 475 664 principes
483 592 594 660 interni,
610 591 657 664 uui
670 592 757 648 malas
769 601 872 663 portas,
890 591 951 646 tidei
1002 595 1097 652 ιιτιιιιι
1110 609 1174 651 ecce
1194 593 1338 665 spoliatur.
1354 591 1408 648 lste
1420 600 1463 648 est
1485 607 1549 647 uere
1563 591 1643 648 luetis
1661 592 1794 659 samsom

163 698 254 742 tamen
276 686 319 741 vel
336 684 466 741 Ecclesiae
481 684 594 740 minime
609 684 809 755 praestiturae,
826 698 950 740 crotera·
1003 688 1030 742 in
1045 687 1106 743 loco
1128 686 1238 758 quidem
1252 685 1385 741 Calcariae
1406 683 1440 740 ab
1464 684 1523 754 ipsa
1546 682 1647 751 hatita,
1668 683 1696 740 id
1719 692 1763 740 cst
1776 699 1796 740 a

164 776 209 843 tis,
224 775 335 845 quando
349 789 398 830 eos
412 773 523 830 Christo
545 774 664 844 patiente
678 774 712 830 ad
726 772 903 830 diffidentiam
919 788 953 829 ac
1004 777 1146 850 Spnagoga
1163 776 1320 833 decalvatus
1332 784 1359 831 ct
1371 775 1543 841 inllrmatus,
1562 783 1590 829 at
1602 791 1675 831 nunc
1700 791 1795 831 recre-

163 865 397 938 desperationcm,
421 875 448 920 et
458 866 492 920 ad
504 864 645 922 charitatis
658 865 821 922 oblivionem
838 865 953 937 urgeba—
1003 880 1095 929 soente
1107 870 1218 926 cesarie
1237 869 1317 926 istius
1329 867 1472 935 Nazareni,
1487 875 1614 924 exerente
1625 867 1750 924 uidelicet
1763 883 1797 924 sc

165 961 209 1017 tis.
228 958 282 1016 ios
298 972 371 1014 nunc
386 957 471 1012 toilite
494 958 545 1014 bas
562 967 654 1029 portua
676 967 787 1025 uenena,
803 958 830 1013 iu
844 971 894 1014 vos
907 973 952 1013 rc·
1004 963 1090 1035 ipsius
1105 962 1196 1019 diuina
1207 960 1377 1029 tortitudine,
1395 976 1450 1032 qua
1468 961 1613 1017 videbator
1629 960 1749 1016 nudatus
1759 975 1796 1016 ac

164 1048 266 1105 dundet
287 1055 377 1104 ’δίη
405 1046 541 1118 impiet-'¹⁵2
566 1058 591 1102 ct
616 1046 842 1114 oecumenius,
870 1053 954 1116 porto
1004 1056 1160 1120 decalvatus
1185 1054 1407 1125 incruentam
1435 1054 1504 1113 duas
1528 1053 1673 1109 columnas
1688 1068 1798 1125 magnae

164 1135 313 1206 aeitmtittt
328 1135 415 1201 “dett
433 1150 497 1206 ⁸90⁸
510 1144 537 1191 0²
550 1134 669 1191 diatim
684 1135 718 1191 Μ
733 1134 876 1201 credendi,
892 1150 954 1205 SPe‘
1004 1148 1103 1204 domus
1115 1146 1237 1206 concutit
1247 1145 1382 1203 murcndo
1395 1145 1495 1203 coelutu
1507 1154 1535 1201 et
1557 1153 1670 1214 noram,
1685 1145 1752 1201 dum
1766 1154 1798 1201 et

165 1231 250 1281 ‘²⁰⁰²
265 1233 294 1283 θῑ
307 1224 436 1289 mindi·
453 1238 515 1295 quae
538 1238 649 1279 ⁸⁰l⁸¹¹¹¹¹
664 1231 739 1289 sunt,
756 1239 811 1280 ¹¹⁰⁰
826 1239 890 1296 quae
907 1239 954 1279 ⁵¹¹·
1005 1245 1034 1296 in
1054 1240 1124 1297 eoelo
1136 1240 1178 1297 sol
1195 1239 1369 1303 obscuratur,
1391 1252 1418 1295 et
1437 1246 1610 1294 terremotus
1626 1236 1657 1291 lit
1678 1250 1797 1308 magnus

165 1331 213 1388 per
229 1325 340 1372 terram.
358 1315 393 1371 Et
409 1314 529 1371 introibit
548 1313 604 1369 lieu
618 1314 720 1386 glorior.
746 1313 803 1372 Nos
816 1314 954 1387 principes
1005 1332 1064 1402 ipso
1081 1332 1215 1388 moriem
1240 1345 1290 1388 ηρ,
1306 1345 1362 1386 110„
1377 1330 1461 1386 egam
1481 1336 1651 1401 resurgente,
1666 1327 1798 1383 pm„

165 1407 265 1465 iulemi
278 1409 411 1467 hactenus
422 1410 569 1467 habuimus
577 1410 728 1467 dominium
743 1410 773 1467 in
784 1420 842 1468 toto
852 1411 954 1467 mundo
1006 1425 1083 1495 song
1102 1425 1154 1481 iste
1175 1434 1228 1491 egr,
1253 1422 1301 1493 qut
1315 1437 1379 1478 vm
1397 1421 1482 1478 patto
1500 1437 1584 1477 manu
1599 1421 1798 1492 portem„-

164 1510 296 1574 ‘induam
316 1502 344 1557 ¹¹¹
357 1510 401 1558 ³¹?
403 1501 430 1559 1⁰
443 1503 576 1573 principis
591 1503 689 1572 ¹¹⁰⁸li¹2
716 1504 764 1575 qui
780 1503 859 1576 (limi
875 1501 955 1559 ‘⁰⁸³⁸
1005 1516 1056 1573 luit
1071 1519 1098 1574 ln
1112 1515 1205 1584 lunda,
1221 1524 1248 1572 et
1262 1516 1352 1587 lapide
1366 1515 1538 1586 triumphans
1553 1514 1683 1581 inemec,
1697 1513 1799 1584 inqua

165 1601 289 1650 armatus
300 1592 451 1650 custodiuit
466 1595 519 1650 lroe
532 1594 633 1650 atrium
648 1610 740 1651 suum.
763 1593 801 1651 oe
816 1594 870 1652 boe
883 1594 954 1652 atrio
1006 1615 1065 1661 erar
1078 1605 1103 1662 ei
1121 1604 1265 1676 pastoralis
1280 1605 1355 1675 uirga
1371 1605 1428 1675 ipsa
1440 1619 1519 1670 croix,
1531 1611 1560 1659 et
1573 1601 1718 1673 pastoralis
1731 1616 1799 1671 pera

166 1701 236 1756 quos
249 1686 409 1742 volebamus
425 1687 560 1745 traximus
575 1686 602 1743 in
618 1702 756 1744 carcerem
771 1686 852 1744 uobis
875 1703 953 1746 eoru·
973 1660 1070 1772 Beato
1087 1698 1173 1770 ipsius
1195 1697 1307 1762 uruuda,
1327 1697 1354 1752 in
1376 1712 1431 1768 qna
1453 1695 1527 1752 velut
1545 1695 1667 1767 quinque
1689 1693 1798 1764 lapides

165 1781 293 1848 missum,
310 1780 414 1838 scilicet
425 1780 453 1836 in
468 1780 617 1849 infernum,
629 1790 657 1838 et
673 1781 768 1839 clauso
781 1780 835 1839 isto
847 1797 957 1840 carcine
1006 1790 1127 1862 quinque
1141 1789 1260 1860 surrepit
1273 1788 1397 1844 uulnera.
1411 1787 1464 1844 Sed
1478 1787 1512 1843 de
1527 1792 1700 1843 sacramento
1712 1786 1800 1840 nnius

167 1888 222 1928 uon
237 1885 296 1930 erat
322 1874 369 1944 qui
386 1883 482 1945 posset
496 1875 581 1941 exire,
606 1889 670 1931 cum
685 1882 777 1931 tamen
791 1875 957 1932 introeunti·
1006 1882 1128 1938 uulneris
1143 1896 1193 1952 per
1207 1896 1305 1952 aquam
1329 1889 1357 1936 ct
1375 1878 1535 1950 sanguinem
1552 1878 1645 1935 lateris
1667 1878 1710 1935 sui
1731 1893 1800 1948 pru·

165 1965 219 2021 bus
245 1973 369 2036 paterent
395 1965 455 2035 cius
483 1974 577 2036 portio,
593 1983 656 2039 ιιι
678 1966 853 2040 introgressis
879 1975 958 2024 erant
1006 1969 1801 2042 stratusestincircumcisustttincepsvestenoprinmpea

167 2057 278 2114 clausae.
294 2056 350 2114 Nos
364 2056 446 2113 etiam
457 2059 585 2115 custodes
599 2059 719 2116 curturis
734 2059 957 2118 custodiebamus
1007 2061 1169 2121 inientalesl
1184 2063 1246 2120 ideo
1257 2063 1309 2120 istc
1319 2061 1449 2118 Dominus
1460 2061 1537 2132 tortia
1546 2061 1610 2132 iure
1622 2059 1800 2132 praedicatur,

167 2162 317 2204 carcerem.
331 2146 383 2204 Sed
394 2150 604 2221 eccearrgclieus
613 2152 716 2208 chorus
725 2151 813 2220 adest,
827 2149 958 2208 etlumen
1007 2167 1031 2212 et
1047 2166 1138 2228 potens
1151 2156 1179 2211 in
1191 2156 1294 2228 pantio.

167 2236 284 2311 refulget
297 2239 325 2295 in
341 2240 500 2297 habitaculo
515 2242 646 2312 carueris,
673 2252 702 2300 et
716 2243 817 2301 dicitur
828 2242 958 2300 Ecclesiae
1044 2250 1141 2306 Potens
1152 2250 1205 2307 iste
1215 2249 1328 2322 deponit
1338 2258 1463 2321 potentes
1479 2250 1514 2307 de
1538 2249 1613 2316 sede,
1630 2247 1752 2320 facitque
1768 2258 1802 2305 ut

168 2328 241 2399 apud
267 2343 319 2386 nos
340 2330 501 2401 captivatae,
520 2329 650 2389 Ecclesia
671 2333 901 2405 patriarcharum,
930 2341 959 2390 ti
1009 2344 1074 2400 mali
1089 2351 1212 2416 pooentcs
1224 2351 1348 2415 potenter
1361 2350 1496 2398 tormenta
1511 2340 1698 2413 patiantur‚et
1713 2339 1802 2396 eiecit

168 2421 286 2481 abutum
310 2424 487 2494 antiquorum
508 2423 734 2497 justorumuui
756 2425 960 2497 quantumlibet
1008 2435 1157 2507 potentiam
1180 2435 1210 2491 in
1238 2433 1353 2490 brachie
1377 2447 1429 2490 suo
1453 2431 1635 2503 dispergendo
1663 2437 1802 2502 supernos

169 2511 272 2569 luerint
285 2514 364 2585 Justi,
387 2524 480 2571 mmcn
496 2516 580 2573 uincti
597 2516 709 2575 inerunt
721 2520 826 2576 catenis
840 2520 957 2586 duabus,
1010 2533 1102 2583 mente
1112 2524 1204 2583 eurdis
1216 2524 1260 2582 sui
1274 2523 1352 2595 (bno.
1368 2540 1389 2591 ι,
1408 2523 1466 2594 bl),
1508 2536 1559 2580 nce
1576 2530 1628 2590 est,
1644 2521 1693 2593 qul
1711 2522 1803 2593 possit

169 2609 319 2666 actualium
330 2610 435 2667 scilicet
447 2619 475 2667 ct
493 2611 668 2684 originalium
683 2623 868 2685 pcccatorum,
890 2614 959 2671 dici·
1009 2616 1157 2672 resisteret
1172 2615 1311 2686 muntia,
1329 2629 1362 2671 ac
1377 2612 1558 2669 «voluntatis
1576 2628 1634 2669 sua
1646 2632 1652 2667 ι
1666 2612 1732 2684 quia
1747 2611 1802 2667 rin

170 2702 306 2773 tnrplane
320 2702 387 2758 huic
407 2712 463 2758 tam
476 2702 574 2760 rinctae
584 2720 659 2761 nunc
673 2704 801 2764 Ecclesiae
817 2725 824 2761 z
844 2725 854 2760 t
872 2705 960 2778 Surge
1010 2708 1113 2765 ditione
1127 2725 1138 2760 ι
1155 2706 1263 2778 ipsius«
1280 2713 1378 2761 cuncta
1389 2712 1454 2761 suun
1466 2704 1556 2775 posita
1564 2700 1653 2773 (lieth
1666 2717 1727 2767 arur,
1742 2699 1800 2773 9).u

170 2794 311 2859 uelociter,
337 2794 454 2860 eleuare,
483 2794 605 2864 elevare,
627 2810 776 2868 consurge,
793 2795 959 2864 ierusalem,
1011 2798 1082 2871 Ergo
1102 2799 1160 2869 ipse
1177 2805 1319 2868 estpotens
1332 2798 1360 2852 in
1371 2795 1464 2867 pretio
1476 2803 1573 2851 eontra
1585 2792 1735 2865 principem
1751 2804 1804 2846 re·

170 2884 245 2942 soloe
268 2884 377 2941 vincula
395 2884 457 2941 colli
479 2884 518 2941 tui
545 2883 624 2957 (lani.
646 2901 684 2955 ιι,
700 2885 751 2954 lt;
767 2901 817 2953 ιιι,
833 2886 874 2957 2).
892 2903 902 2938 t
926 2884 961 2940 Et
1012 2897 1250 2956 rtrum‚etcontra
1262 2904 1322 2955 tos,
1336 2888 1527 2961 quibaetenus
1541 2887 1570 2942 in
1584 2884 1702 2958 AEgyptu
1711 2898 1804 2955 popu-

170 2992 235 3035 cccc
258 2978 316 3049 jam
342 2977 500 3033 ecciderunt
525 2984 629 3034 catenae
657 2978 692 3035 de
717 2978 845 3034 manibus
879 2976 959 3049 ejus3
974 3012 997 3075 c
1013 2983 1069 3040 lum
1083 2983 1143 3057 ejus
1161 2982 1287 3040 tenuistis
1303 2979 1452 3053 captiuum.
1467 2978 1546 3036 Nunc
1564 2987 1655 3035 autem
1670 2991 1803 3034 consum-

170 3070 339 3141 computruit
365 3070 512 3141 ‹jugum›
542 3070 604 3141 ejus
621 3069 747 3127 ‹atade
768 3071 821 3127 olei
838 3070 959 3141 (totta,
1013 3084 1088 3132 irrata
1106 3074 1409 3146 uictoriapcrcruccm
1426 3071 1506 3145 quari
1524 3086 1573 3143 per
1590 3069 1693 3143 uirgam
1714 3068 1804 3140 lloysi

172 3159 217 3228 li,
232 3160 291 3230 et),
311 3175 350 3216 »a
367 3159 439 3217 lacie
449 3159 592 3231 cujusdam
605 3160 680 3233 regis
693 3160 754 3217 oleo
767 3160 961 3219 exsultationis
1010 3181 1061 3224 uus
1075 3182 1170 3224 omnes
1188 3165 1309 3240 AEgyptii
1324 3180 1386 3222 cnm
1407 3163 1529 3235 principe
1551 3171 1642 3219 uestro
1667 3158 1804 3232 fugamini

173 3255 311 3326 unctiprae
322 3254 502 3326 participibus
516 3252 630 3310 salaht
643 3254 960 3326 nosquidemnorimus,
1011 3269 1040 3316 et
1065 3257 1231 3331 spoliamini,
1252 3256 1317 3329 quia
1342 3257 1401 3313 baec
1422 3266 1465 3312 est
1492 3270 1559 3323 nox,
1584 3268 1646 3327 qua
1665 3251 1805 3324 exspoliat

173 3345 249 3419 quod
262 3345 341 3402 multi
355 3359 434 3417 reges
459 3352 487 3400 et
499 3343 648 3416 propheta,
670 3344 728 3402 siue
740 3344 808 3417 jmn
821 3345 962 3417 cupientes
1013 3349 1166 3422 AEgypuios
1181 3348 1249 3404 ditat
1261 3344 1400 3403 liebraaos.
1419 3344 1453 3402 Et
1464 3344 1530 3418 quia
1543 3359 1624 3401 nemo
1640 3351 1731 3416 potest
1751 3342 1805 3399 do·

173 3437 248 3494 lrunc
258 3435 359 3508 Regem
375 3436 469 3509 gloriae
482 3435 586 3504 videre,
608 3451 689 3507 quem
708 3450 764 3492 uun
784 3436 920 3504 uiderunt,
936 3444 963 3493 et
1014 3455 1090 3495 mum
1102 3439 1181 3495 tortis
1195 3438 1308 3504 intrare,
1321 3436 1374 3493 nisi
1385 3435 1463 3507 priua
1478 3435 1632 3508 alligaverit
1643 3442 1672 3491 et
1688 3448 1805 3505 supera·

172 3529 280 3596 audire,
294 3543 444 3601 quemnon
459 3528 616 3595 audieruut,
633 3528 667 3583 ad
680 3528 885 3585 nosvenientes
899 3542 963 3600 por·
1014 3531 1082 3587 uerit
1105 3531 1194 3602 ipsum
1216 3529 1411 3586 lortemzideo
1434 3529 1487 3585 iste
1516 3529 1594 3600 {ortis
1609 3537 1635 3584 et
1655 3537 1747 3599 ριιιιιι
1773 3528 1805 3584 in

173 3630 217 3679 tas
229 3629 338 3677 nostras
355 3635 409 3676 nun
425 3617 576 3692 fregerunt,
591 3619 647 3676 imo
662 3619 714 3691 ipsi
730 3619 802 3692 apud
819 3635 870 3676 nus
886 3628 962 3676 eate-
1014 3621 1106 3692 pretio
1120 3622 1209 3694 primo
1223 3621 1322 3694 ligatus
1333 3630 1385 3689 est,
1399 3629 1430 3677 ut
1450 3621 1568 3678 solueret
1581 3621 1677 3677 mundi
1694 3620 1804 3678 ruentis

173 3713 232 3770 nati
257 3720 428 3768 manserunt.
442 3709 522 3767 Venit
539 3710 574 3765 ad
596 3726 646 3767 nos
673 3710 758 3767 Dauid
772 3720 800 3767 et
815 3709 962 3779 Salomon,
1014 3713 1170 3785 complices.
1185 3713 1311 3769 Attamen
1330 3712 1449 3769 vinculis
1464 3711 1552 3784 ipsius
1570 3712 1697 3783 princeps
1711 3722 1806 3769 uester

173 3819 251 3876 reges
263 3802 358 3876 inclyti
374 3812 401 3860 et
422 3801 545 3875 gloriosi,
570 3802 658 3859 etalii
680 3818 758 3875 teges
780 3805 888 3875 magni,
915 3803 964 3860 scd
1015 3803 1124 3876 ligatus,
1141 3812 1169 3861 ct
1187 3811 1273 3859 morte
1295 3803 1382 3872 ipsius
1404 3813 1531 3860 mortuus
1550 3811 1604 3870 est,
1623 3802 1710 3874 quia«
1725 3818 1805 3860 mors

175 3893 280 3952 catenis
291 3893 400 3951 duabus
423 3894 553 3962 catenati,
571 3894 725 3950 actualibus
751 3894 857 3951 scilicet
882 3903 965 3965 atque
1015 3903 1122 3951 mortua
1135 3903 1200 3950 tunc
1213 3904 1265 3961 est,
1278 3893 1389 3965 quando
1400 3893 1428 3948 in
1442 3893 1517 3964 ligno
1531 3900 1640 3948 mortua
1652 3892 1707 3947 rita
1719 3889 1802 3945 luit.»

175 3986 355 4058 originalibus
371 3986 501 4057 pcccatis.
527 3984 581 4042 lstc
603 3994 693 4042 autem
709 3986 765 4042 lieu
791 3986 895 4060 pierio-
908 4003 964 4044 nun
1015 3987 1084 4044 Cum
1105 4002 1171 4060 ergo
1186 3987 1246 4045 sitis
1262 3986 1328 4043 victi
1348 4001 1411 4042 cum
1434 3984 1558 4056 principe
1575 3991 1679 4051 resno,
1703 3982 1805 4039 iterato

176 4081 265 4135 solum
280 4078 356 4134 uenit
372 4077 432 4134 sine
451 4073 567 4142 catenis.
584 4078 632 4133 scd
658 4077 717 4147 ipse
743 4078 815 4134 iuter
839 4087 965 4136 mortuus
1014 4080 1094 4137 robis
1104 4080 1288 4152 praecipimus,
1299 4085 1327 4134 et
1338 4077 1475 4134 dicimus:

176 4169 339 4226 liberetiam
351 4168 433 4225 solvit
444 4168 513 4224 alios
524 4182 540 4222 a
553 4166 667 4223 catenis.
683 4166 717 4223 Et
1051 4171 1134 4228 Vens.
1153 4171 1180 4226 9.
1204 4170 1299 4225 Tollite
1312 4178 1414 4240 portus,
1430 4168 1571 4240 principes.
1584 4176 1694 4222 uestros.
1716 4165 1750 4222 lit
1764 4168 1808 4223 si·

212 4260 295 4316 Vens.
310 4260 337 4314 8.
363 4258 429 4324 Quis
453 4269 492 4314 est
517 4260 566 4312 iste
585 4257 639 4312 lien
653 4257 756 4329 glorie,
773 4273 829 4328 uuo
840 4259 966 4316 veniente
1017 4264 1117 4319 militer
1128 4262 1264 4318 dicimus:
1278 4261 1437 4329 lateranni,
1450 4271 1534 4331 portic
1553 4259 1700 4326 mutuent,
1720 4269 1746 4315 et
1759 4261 1809 4314 itt-

176 4351 278 4407 cadunt
287 4358 372 4421 portae
387 4348 505 4404 nostrat
520 4346 645 4403 Forsitan
660 4348 712 4404 iste
725 4357 777 4416 est,
792 4363 873 4420 quem
886 4351 964 4407 multi
981 4350 1107 4412 orroeon
1124 4356 1178 4412 lter
1189 4356 1301 4428 glorior:
1314 4356 1379 4427 quia
1393 4355 1501 4411 iteratio
1517 4363 1560 4411 est
1575 4353 1758 4421 mtrdrmado,
1773 4365 1808 4411 nt

176 4457 255 4514 reges
270 4454 295 4497 ct
308 4440 447 4511 prophetae
456 4438 602 4495 voluerunt
612 4438 715 4506 videre,
724 4448 751 4496 ct
761 4454 818 4495 nou
829 4440 964 4498 uiderunt.
1016 4448 1063 4504 ssat
1085 4447 1144 4505 sine
1164 4462 1252 4515 ruera,
1266 4447 1339 4518 quud
1358 4447 1470 4518 jubetur
1490 4446 1588 4503 iterata
1609 4445 1806 4517 preceptione,

181 4533 330 4600 Dicitanus
344 4530 469 4587 ooelestes
482 4530 671 4603 angeli‚nobis
688 4530 869 4589 infernalibus
881 4548 966 4604 ange·
1017 4539 1160 4596 obediente
1182 4548 1274 4596 restro
1301 4537 1445 4596 Pharaone
1473 4555 1538 4597 cnm
1567 4540 1626 4596 suis
1657 4538 1808 4607 ministris,

177 4628 231 4683 lis:
247 4624 353 4694 ‹Quis›
380 4624 417 4682 sit
433 4624 505 4681 «istc
526 4622 582 4679 lter
604 4623 729 4695 glorian
746 4625 794 4696 out
813 4633 868 4681 mm
888 4626 967 4698 ‹glo-
1016 4647 1193 4702 quorumros
1210 4631 1437 4702 principarentur,
1454 4631 1575 4701 repetitae
1586 4630 1702 4701 jussioni
1715 4630 1811 4687 :sieut

177 4718 250 4775 riosc
261 4717 452 4790 magnificatus
469 4725 544 4784 est.»
568 4718 766 4789 cotteanum,
786 4728 813 4776 ct
835 4735 965 4778 ascenso·
1016 4722 1154 4792 quondam
1170 4723 1266 4778 iterata
1282 4721 1352 4779 risio
1373 4722 1513 4778 insomne
1531 4721 1683 4777 Pharaonis
1698 4721 1812 4791 absque

176 4822 236 4866 rem
252 4807 352 4877 (lieet.
368 4824 413 4874 ur,
429 4808 468 4879 l),
483 4815 651 4880 cunctosque
667 4824 765 4865 currus
780 4811 867 4866 nostri
881 4811 964 4882 regis,
1016 4829 1093 4870 mura
1108 4814 1241 4886 completa
1259 4820 1301 4869 est
1317 4813 1460 4869 obediente
1474 4812 1604 4869 universa
1622 4810 1742 4885 AEgypto
1755 4810 1810 4869 to-

177 4897 266 4955 nostri
287 4895 448 4964 Pharaonis,
469 4897 579 4968 projecit
605 4898 635 4952 in
657 4914 753 4967 nure,
774 4899 912 4959 suffocans
938 4911 967 4958 et
1017 4904 1082 4974 seph
1099 4902 1209 4959 vendito
1228 4904 1256 4958 in
1272 4916 1344 4968 eam,
1360 4902 1407 4958 sed
1425 4902 1715 4972 tuncexattatosuper
1729 4918 1808 4959 eam.

177 4986 342 5045 interficiens
355 5003 406 5046 nos
418 4989 672 5063 propriosangnine
681 5005 824 5063 cornaqua
836 4991 870 5048 de
881 4991 966 5049 latere
1017 4994 1149 5052 Periditus
1163 5008 1280 5065 namque
1294 5010 1375 5050 uerus
1390 4993 1490 5065 loseph
1502 4993 1579 5061 vivit,
1590 5003 1618 5050 et
1634 4993 1693 5064 ipse
1710 4992 1809 5050 donui-

178 5095 230 5138 suo
243 5079 373 5136 exeunte?
1017 5095 1097 5142 untur
1120 5086 1148 5140 in
1169 5093 1224 5141 tota
1240 5094 1311 5141 terra
1326 5082 1448 5160 AEgypti.
1467 5099 1521 5140 non
1535 5084 1625 5141 solum
1645 5082 1674 5139 in
1689 5083 1808 5151 anunm,

213 5171 432 5242 deminutionis
447 5182 472 5227 et
484 5181 574 5243 potens
591 5172 644 5230 iste
656 5172 713 5228 nee
729 5174 832 5246 ptorioe.
846 5172 904 5232 lloc
915 5192 966 5233 nos
1016 5174 1157 5232 sedetiam
1171 5174 1199 5230 iu
1212 5172 1327 5234 interno.
1337 5171 1377 5230 Ex
1387 5173 1462 5230 illius
1471 5188 1537 5246 crgo
1552 5174 1714 5231 auctoritate
1724 5172 1809 5232 robis

178 5264 304 5322 eoelcstes
315 5263 403 5338 angeli
413 5264 531 5321 dicimus
543 5265 622 5322 tubis
631 5264 965 5334 inlernalibnsministris.
1016 5266 1133 5324 dicimus
1148 5284 1156 5321 a
1170 5263 1264 5321 Yoltite
1276 5275 1383 5336 portus,
1400 5266 1541 5337 principes,
1560 5275 1670 5333 oestm,
1683 5273 1713 5322 et
1725 5264 1810 5322 tubis

179 5358 253 5432 quod
265 5358 327 5426 iste,
345 5357 425 5428 cnjus
440 5359 591 5429 potentiam
605 5372 655 5415 ros
669 5358 819 5425 miramini,
836 5359 966 5415 Dominus
1016 5359 1133 5416 dicimus
1145 5367 1229 5429 porto
1244 5357 1391 5426 morantes,
1403 5356 1718 5430 quaesubAEgyptiorutn
1727 5357 1811 5415 duris

181 5447 257 5514 sortia
268 5456 293 5502 et
306 5455 397 5518 potens
409 5456 458 5510 eat.
473 5448 507 5505 de
521 5463 577 5519 qno
591 5448 717 5519 praedixit
731 5448 883 5521 tentastis,
898 5451 942 5522 ld)
958 5471 965 5507 :
1017 5450 1147 5506 oneribus
1164 5463 1267 5520 pressae
1280 5447 1383 5516 inistis,
1399 5465 1472 5507 uune
1485 5449 1636 5517 elevamini,
1656 5458 1685 5506 et
1699 5452 1810 5507 malta·

178 5553 193 5612 Ιι
211 5535 279 5590 Eece
295 5534 428 5594 Dominus
438 5539 466 5592 in
484 5536 643 5595 tortitudine
657 5541 757 5606 veniet,
778 5550 805 5596 et
822 5542 966 5598 brachium
1018 5541 1095 5608 mini,
1108 5541 1172 5612 quia
1185 5542 1256 5597 ultra
1277 5557 1332 5597 non
1351 5541 1527 5614 subjacebitis
1547 5542 1738 5615 AEgyptiorum
1754 5544 1809 5599 do—

182 5623 473 5689 nicoterensium.»
495 5628 574 5687 Venit
587 5631 676 5704 primo
692 5630 726 5687 ad
744 5641 832 5690 terras
852 5632 885 5690 dc
897 5636 967 5692 eoelo
1017 5632 1170 5698 minutioni,
1188 5632 1235 5689 sed
1249 5648 1298 5704 per
1310 5632 1434 5690 Rubrum
1450 5650 1525 5691 marc
1539 5635 1680 5707 sanguinis
1700 5632 1807 5692 Christi
