3817 6000
187 245 331 301 ¹269

801 240 1353 299 communium
1393 239 1462 297 IN
1500 237 1834 299 PsaLMos.
1874 270 1945 281 --
1984 236 2162 294 PARS
2199 236 2262 294 ll.
2303 267 2367 278 —
2399 234 2594 294 PSAL.
2637 235 2827 295 xxix,

3285 236 3428 296 ¹270

183 360 357 418 sentit
376 329 689 431 vesperum,
728 362 944 434 quoties
973 361 1028 416 in
1073 361 1340 416 charitate
1376 359 1579 429 patitur
1605 358 1752 413 defe—
1780 365 1826 417 A
1856 354 2082 410 fuissem
2114 355 2166 409 in
2197 354 2462 410 charitate
2507 362 2937 420 consummatus,
2988 366 3096 408 non
3140 370 3421 425 negassem

184 462 360 519 ctum,
394 453 680 524 virtusque
719 454 835 525 ipsa
863 452 1103 510 charitas
1132 461 1356 523 urgetur
1397 451 1467 505 ad
1492 464 1750 506 occasum

182 554 379 599 contra
408 545 698 601 consilium
729 544 974 615 Apostoli
1014 544 1291 600 dicentis:
1332 540 1424 597 Sol
1465 557 1567 596 non
1614 542 1754 595 occi·

176 636 278 690 dat
330 652 484 705 super
526 635 861 691 iracundiam
902 644 1128 690 vestram
1156 632 1373 705 (Ephes.
1402 648 1475 700 tv,
1508 632 1621 700 26).
1647 630 1753 687 Sed

179 728 485 798 respirante
513 727 694 783 anima
723 742 821 798 per
866 726 1240 798 poenitentiam
1268 725 1349 781 sol
1373 724 1618 796 justitiae,
1655 738 1754 778 cu·

174 818 272 889 jus
292 826 441 874 totus
470 817 670 889 fulgor,
692 827 749 874 et
775 818 1032 889 splendor
1059 825 1145 873 est
1173 816 1228 872 in
1277 816 1563 882 charitate,
1591 814 1750 885 quasi

178 924 407 980 vespere
452 908 683 979 depulso
730 906 860 962 facit
904 906 1268 971 matutinum,
1305 904 1634 976 quandoque
1676 904 1749 959 ita

181 1000 550 1073 splendidum,
577 1009 640 1056 ut
657 1000 804 1056 dicat
834 999 999 1055 homo
1023 997 1080 1053 in
1105 995 1459 1053 abundantia·
1479 1010 1578 1050 sua
1607 1013 1621 1050 :
1649 1011 1753 1049 non

181 1092 421 1148 nsovebor
452 1093 507 1148 in
534 1102 808 1148 oetentnm.
841 1090 935 1148 Sic
962 1105 1063 1162 ego
1088 1087 1282 1145 Petrus
1331 1087 1611 1158 apostolus
1637 1086 1754 1140 dixi

173 1186 233 1240 in
267 1186 593 1240 abundantia
616 1200 766 1239 mea:
801 1183 926 1238 Non
948 1180 1186 1236 movebor
1215 1180 1289 1234 in·
1310 1188 1584 1235 oeternum.
1614 1177 1751 1232 Cum

176 1278 324 1333 enim
359 1277 571 1332 viderer
616 1276 754 1331 mihi
797 1274 1085 1331 abundans
1123 1273 1179 1327 in
1215 1271 1480 1327 charitate
1523 1269 1751 1334 Christi,

176 1367 234 1425 in
266 1367 369 1423 hac
418 1367 533 1438 ipsa
574 1365 910 1422 abundantia
954 1379 1076 1419 mea
1131 1362 1278 1418 dixi:
1331 1360 1562 1415 Etiamsi
1605 1372 1765 1430 opor·⁴

172 1460 332 1513 tuerit
364 1476 444 1514 me
483 1460 618 1513 mori
667 1468 857 1525 tecum,
913 1473 1016 1511 non
1047 1465 1099 1511 te
1126 1453 1321 1525 neyabo
1360 1451 1578 1523 (Macen.
1601 1466 1751 1519 xxvi,

163 1552 280 1622 55).

237 1641 419 1698 Item:
463 1640 531 1697 Et
580 1644 630 1699 si
674 1659 852 1697 onum
897 1641 1256 1698 scandalizati
1312 1643 1507 1714 [rtet-int
1557 1641 1614 1695 in
1680 1650 1751 1706 te,

1855 448 2142 504 ullatenus.

1926 538 2066 596 Sunt
2092 540 2238 595 enim
2265 548 2377 596 tres
2400 540 2601 611 gradus
2653 537 2958 606 charitatis,
2991 553 3222 609 quorum
3255 538 3300 592 si
3337 540 3424 593 vel

1857 647 1997 686 unus
2037 629 2288 699 defuerit,
2332 632 2488 687 facile
2525 648 2554 687 a
2605 632 2869 688 charitate
2924 631 3192 698 resiliunt,
3220 631 3315 700 qui
3363 645 3424 687 se

1854 721 2086 777 invicem
2111 721 2334 793 diligere
2364 733 2676 794 coeperunt.
2699 722 3017 793 Exemplum
3044 723 3271 779 istorum
3294 729 3422 793 gra-⁴

1853 814 2022 869 duum
2054 815 2333 886 capiamus
2361 815 2432 870 ab
2470 815 2589 885 ipso
2619 814 2712 870 Dei
2741 814 2898 882 Filio,
2937 816 3030 885 qui
3055 815 3122 870 ad
3150 829 3250 871 nos
3273 815 3423 869 venit

1855 907 1909 961 in
1952 921 2079 962 vera
2125 916 2181 962 et
2215 916 2592 962 consummata
2630 908 2912 962 charitate.
2946 905 3071 961 Fuit
3105 906 3251 961 enim
3290 905 3423 960 cha-

1854 1000 1989 1056 ritas
2027 1000 2201 1072 ipsius
2251 1002 2428 1072 primo
2481 1000 2677 1068 dulcis,
2729 1001 2856 1057 dein
2913 1010 3095 1066 cauta,
3142 1007 3420 1072 postremo

1854 1090 2046 1147 fortis:
2075 1093 2211 1148 adeo
2249 1092 2446 1158 dulcis,
2498 1102 2558 1149 ut
2593 1101 2898 1150 assumeret
2922 1109 3088 1149 causa
3112 1093 3418 1157 hominum,

1854 1200 1995 1254 quos
2020 1184 2232 1251 dilexit,
2265 1199 2374 1239 non
2404 1184 2580 1240 solum
2617 1194 2869 1240 naturam
2895 1185 3215 1251 humanam,
3248 1183 3343 1238 sed
3365 1190 3420 1236 et

1854 1277 2156 1334 miseriam.
2208 1277 2360 1333 Adeo
2401 1287 2581 1341 cauta,
2614 1286 2676 1333 ut
2722 1278 3132 1333 communicans
3166 1277 3421 1331 humanae

1855 1379 2068 1425 naturae
2095 1385 2160 1425 ac
2201 1369 2438 1425 miseriae
2487 1368 2797 1425 nullatenus
2832 1367 3267 1424 communicaret
3310 1366 3417 1421 lm-

1855 1477 2033 1517 manae
2059 1462 2270 1532 culpam
2303 1461 2430 1532 quia
2470 1461 2634 1517 homo
2660 1462 2876 1532 quidem
2931 1460 3052 1529 fuit,
3089 1462 3183 1517 sed
3227 1465 3423 1531 pecca-'

1853 1563 1970 1610 tum
2014 1567 2124 1608 non
2156 1552 2301 1619 fecit,
2338 1569 2430 1607 nec
2465 1554 2724 1608 inventus·
2754 1562 2832 1607 est
2880 1552 3031 1607 dolus
3079 1553 3134 1607 in
3178 1570 3267 1607 ore
3302 1552 3423 1621 ejus·

1857 1642 1909 1713 (Ι
1920 1641 1950 1697 1
1980 1642 2126 1699 Petr.
2159 1660 2222 1710 11,
2257 1643 2373 1712 22).
2403 1643 2535 1709 imo,
2564 1659 2688 1699 cum
2732 1651 2879 1699 totus
2932 1644 3146 1699 arderet
3191 1644 3246 1698 in
3275 1643 3417 1700 dile-

162 1753 257 1807 eqo
277 1753 379 1791 non
400 1736 806 1792 scandalizabor
828 1735 1123 1806 (ibid.,35).
1146 1735 1274 1792 Item
1302 1754 1316 1791 :
1348 1735 1582 1791 Paratus
1602 1749 1738 1799 sum,
1772 1720 1815 1774 Β
1841 1738 2020 1792 ctione
2042 1735 2347 1803 hominum,
2380 1744 2560 1791 tamen
2611 1736 2760 1792 zelus
2805 1736 3002 1791 domus
3031 1735 3126 1791 Dei
3169 1736 3409 1792 comedit

162 1840 215 1884 et
237 1830 291 1883 in
315 1845 599 1897 carcerem,
648 1839 697 1884 et
733 1829 788 1883 in
816 1838 1035 1883 mortem
1061 1829 1138 1882 ire
1183 1827 1337 1899 (Luc.
1372 1842 1506 1893 xxn,
1538 1826 1651 1895 55).
1683 1823 1739 1879 Si
1841 1841 1966 1880 eum
1994 1834 2212 1896 propter
2236 1825 2365 1881 vitia
2396 1824 2699 1880 hominum.
2728 1823 2923 1892 Porr0‚
2951 1839 3075 1881 cum
3121 1825 3201 1880 sic
3237 1824 3414 1881 dulcis

163 1923 397 1993 loquens
423 1922 479 1976 in
507 1921 840 1976 abundantio
870 1937 1006 1986 meo,
1044 1920 1095 1975 id
1140 1929 1242 1987 est,
1272 1919 1340 1975 de
1366 1933 1452 1974 me
1479 1933 1746 1988 praesum·
1841 1925 1896 1972 et
1917 1924 2076 1973 cauta
2109 1917 2271 1973 fuerit
2300 1917 2539 1973 charitas
2562 1917 2758 1989 ipsiuS,
2790 1926 2851 1972 ut
2894 1925 3042 1972 totus
3079 1916 3332 1988 flagraret
3357 1917 3414 1974 in

163 2024 257 2085 pta
286 2014 399 2070 dixi
427 2034 440 2069 ;
471 2031 575 2083 non
629 2014 869 2069 movebor
911 2015 966 2068 in
1004 2020 1279 2068 oelernum.
1307 2010 1567 2066 Veniente
1611 2024 1741 2064 vero

161 2107 462 2163 tentatione
490 2122 587 2177 per
633 2106 885 2162 ancillam
937 2105 1140 2160 illisum
1195 2112 1278 2159 est
1316 2101 1517 2157 flumen
1552 2098 1739 2155 domui

161 2212 321 2263 xneae,
344 2205 400 2252 et
452 2196 631 2267 potuit
658 2210 779 2251 eam
810 2209 1050 2263 movere,
1087 2193 1215 2265 quia
1244 2192 1485 2248 nondum
1514 2189 1739 2247 fundata

159 2299 283 2346 erat
310 2306 473 2361 supra
503 2289 715 2344 firmam
746 2299 954 2359 petram
988 2303 1085 2358 per
1112 2286 1456 2355 charitatem,
1486 2300 1608 2355 quae
1627 2284 1739 2353 [or-

162 2384 233 2438 tis
259 2392 335 2437 est
357 2395 412 2437 ut
444 2399 583 2436 mors
622 2381 799 2453 (Cant.
830 2396 951 2448 vui,
978 2380 1056 2451 6).
1094 2377 1249 2435 llanc
1278 2378 1325 2435 si
1348 2387 1480 2434 tunc
1509 2376 1736 2432 habuis-

160 2485 302 2538 sem,
336 2486 444 2526 non
479 2479 587 2525 tam
614 2468 774 2525 facile
815 2477 998 2525 motus
1029 2468 1254 2524 fuissem
1277 2468 1476 2524 timore
1518 2466 1733 2531 mortiS,

159 2564 424 2632 qnoniam
456 2563 605 2618 hunc
655 2562 850 2617 mortis
877 2560 1126 2616 timorem
1160 2559 1311 2616 foras
1337 2559 1579 2615 misisset
1606 2559 1736 2615 cha-

161 2652 301 2707 ritas
325 2650 483 2708 fortis
529 2660 589 2708 ut
617 2666 787 2708 mors.
824 2651 965 2719 Quia
996 2666 1125 2707 vero
1155 2661 1337 2707 motus
1378 2650 1455 2705 fui
1486 2650 1542 2705 in
1593 2653 1734 2706 atrio

158 2743 384 2814 Caiphae
445 2744 589 2800 inter
634 2744 918 2802 ministros
961 2745 1229 2801 scelerum
1289 2742 1630 2799 illudentium
1680 2753 1770 2799 et·-

155 2836 579 2906 conspuentium
637 2835 930 2894 Dominum
981 2853 1188 2904 meum,
1244 2836 1365 2907 ipso
1417 2853 1503 2894 me
1557 2838 1734 2908 respi-

156 2928 340 2984 ciente
390 2927 541 2986 l'oras
577 2943 834 3002 egressus
871 2929 993 2985 flevi
1035 2945 1242 2996 amare,
1286 2941 1451 3002 atque
1503 2939 1634 2987 tunc
1661 2929 1733 2985 ad

156 3041 428 3095 vesperum
451 3025 838 3081 demorabatur
858 3024 993 3081 mihi
1023 3027 1200 3096 fletus,
1224 3035 1279 3082 et
1312 3034 1432 3082 erat
1462 3025 1594 3080 mihi
1622 3027 1733 3095 plo-

157 3126 317 3174 ratus
338 3127 394 3174 et
426 3118 667 3175 ululatus
693 3134 926 3190 magnus
948 3118 1271 3190 gravissime
1292 3119 1630 3175 invalescens
1659 3119 1729 3174 od
1758 3085 1802 3142 C

155 3228 448 3283 vesperum,
499 3213 719 3285 quando
746 3212 1036 3269 Dominum
1082 3227 1263 3268 meum
1301 3211 1530 3282 cognovi
1584 3226 1734 3266 mor·

154 3314 316 3359 tuum
348 3319 414 3360 ac
463 3305 759 3376 sepultum,
785 3314 838 3360 et
866 3319 955 3359 me
987 3303 1043 3358 in
1083 3303 1268 3359 anima
1313 3302 1543 3373 cognovi
1586 3318 1733 3358 mor-

154 3406 336 3452 tuum.
386 3396 462 3452 De
490 3397 593 3453 hac
638 3396 853 3468 gemina
897 3410 1018 3451 mea
1072 3395 1287 3451 tristitia
1316 3395 1607 3452 consolans
1647 3409 1734 3450 me

151 3490 641 3561 quantulacunque
699 3488 887 3544 laetitia
938 3493 994 3543 in
1046 3487 1141 3544 illo
1200 3488 1473 3543 matutino
1517 3487 1729 3555 eluxit,

150 3582 379 3653 quando
410 3583 637 3653 angelus
680 3582 748 3638 ad
788 3580 1099 3652 sepulcrum
1134 3580 1351 3636 Domini
1383 3594 1733 3636 commorans

151 3675 480 3746 discipulos,
503 3690 594 3730 me
630 3674 960 3745 specialiter,
985 3682 1040 3729 et
1074 3674 1400 3729 nominatim
1434 3674 1728 3745 expressit,

150 3766 242 3824 sic
266 3766 456 3823 dicens
487 3785 500 3820 ε
528 3765 631 3833 Ite,
659 3767 821 3821 dicite
841 3765 1115 3836 discipulis
1144 3765 1258 3835 ejus
1293 3774 1343 3819 et
1362 3762 1517 3819 Petro
1533 3763 1728 3835 (Marc.

153 3876 271 3928 xvi,
318 3860 394 3932 7),
430 3861 558 3931 quia
612 3859 842 3914 surrexit
886 3857 1151 3913 Dominus
1180 3855 1399 3927 (11111111.
1437 3871 1629 3923 xxvnt,
1655 3854 1729 3926 7).

154 3950 267 4007 Ubi
306 3965 437 4007 vero
460 3949 769 4022 specialiter
792 3948 928 4003 mihi
975 3946 1253 4018 apparuit,
1277 3957 1440 4015 atque
1476 3946 1581 4000 hoc
1612 3960 1734 4001 ver-

153 4046 297 4101 bum
325 4044 470 4099 inter
500 4043 798 4114 discipulos
823 4041 1035 4097 celebre
1064 4039 1188 4107 fuit,
1232 4038 1306 4093 ita
1346 4046 1405 4093 ut
1445 4037 1729 4094 dicerent:

153 4136 288 4206 quia
313 4137 544 4190 surrexit
583 4133 842 4189 Dominus
889 4148 1022 4199 vere,
1068 4141 1117 4186 et
1165 4130 1410 4202 apparuit
1445 4129 1622 4199 Petro,
1646 4145 1734 4186 re-

154 4244 285 4283 vera
326 4235 457 4284 tunc
488 4227 622 4282 mihi
651 4227 756 4281 fuit
791 4225 973 4284 laetitia
1005 4226 1293 4298 plusquam
1318 4227 1584 4283 matutina
1609 4234 1732 4281 orto

154 4321 271 4393 jam
310 4321 427 4377 sole
450 4336 559 4374 non
588 4320 765 4376 solum
804 4334 900 4389 per
926 4319 1129 4375 Christi
1161 4318 1565 4375 manifestatam
1597 4317 1731 4374 mihi

1842 2010 2134 2066 dilectione
2163 2011 2449 2066 hominum
2481 2019 2535 2066 et
2580 2011 2707 2066 odio
2764 2010 3043 2076 vitiorum,
3093 2017 3302 2080 poterat
3343 2011 3416 2068 311

1840 2102 1945 2158 bac
1971 2102 2115 2159 dulci
2138 2112 2192 2158 ct
2219 2113 2378 2159 cauta
2405 2103 2696 2159 dilectione
2742 2105 2909 2158 averli
2957 2121 3141 2157 vni-*nm
3198 2105 3414 2173 injuriis

1838 2202 1894 2248 et
1919 2194 2266 2250 contumeliis
2289 2194 2556 2263 irritatus,
2594 2209 2830 2264 quorum
2858 2205 3065 2249 nauli-m
3121 2197 3330 2245 :uniens
3358 2205 3410 2245 31

1837 2284 1988 2341 vitiis
2017 2286 2275 2342 inimicus
2335 2295 2474 2352 erat,
2525 2286 2629 2342 nisi
2679 2285 2833 2356 [ortis
2893 2289 3101 2347 l'nj-ast-t,
3165 2297 3218 2337 111
3274 2301 3410 2337 mma

1838 2376 2011 2446 ipsius
2031 2376 2245 2432 dilectio
2278 2375 2460 2448 (Com.
2480 2393 2598 2445 vin,
2629 2376 2706 2448 6).
2737 2376 2875 2444 Quia
2909 2397 3029 2429 vern
3085 2377 3238 2429 fni-lis.
3270 2389 3410 2441 erat,

1837 2479 1898 2526 ut
1927 2485 2074 2525 mors
2102 2470 2341 2537 dilectio,
2390 2472 2667 2542 quomodo
2710 2487 2860 2527 mors
2913 2485 2989 2526 vsi
3029 2473 3254 2538 1311111131·
3309 2473 3410 2526 im*

1836 2561 2202 2630 medicabilis,
2265 2562 2337 2618 ita
2377 2562 2597 2619 dilectio
2639 2558 2812 2635 ipsius
2862 2561 2965 2617 fnit
3007 2566 3406 2634 insuperabilis,

1834 2664 1888 2711 et
1944 2655 2088 2711 Sicut
2125 2654 2410 2711 medicina}
2455 2654 2641 2711 multae
2680 2669 2790 2710 non
2834 2666 3093 2726 superant
3133 2670 3358 2710 111111111111
3394 2698 3406 2718 ,

1834 2746 1916 2802 sic
1947 2762 2104 2819 aquae
2134 2745 2336 2813 mullae,
2375 2762 2496 2817 quae
2520 2746 2856 2802 intraverunt
2882 2763 3053 2818 usque.
3077 2750 3141 2798 :nl
3173 2750 3406 2798 [1111111311]

1833 2839 1975 2908 ejus,
2012 2854 2120 2895 11011
2159 2846 2459 2910 potuerunt
2492 2838 2546 2893 111
2578 2852 2646 2893 eo
2693 2837 3037 2907 exstingueris.
3065 2842 3408 2894 firmitatem.

1833 2930 1974 2987 Hinc
2009 2942 2113 2999 est,
2143 2932 2288 3004 quod
2330 2931 2385 2986 in
2415 2945 2577 2986 cruce
2598 2929 2777 2985 oravit
2817 2944 2917 3002 pro
2968 2928 3410 2986 interfectoribus

1832 3024 1950 3081 suis
1967 3025 2156 3082 dicens
2181 3044 2195 3080 z
2222 3023 2406 3090 Pater,
2430 3024 2637 3078 dimitte
2670 3022 2802 3091 illis,
2840 3023 3082 3078 nesciunt
3117 3023 3260 3077 enim
3282 3024 3408 3093 quid

1835 3120 2041 3190 [ocium
2085 3119 2238 3191 (Luc.
2263 3134 2422 3184 xxm,
2453 3117 2566 3188 34).
2612 3114 2858 3184 Quorum
2888 3125 3142 3172 naturam
3171 3131 3268 3187 per
3287 3116 3424 3172 dui--

1834 3227 1951 3267 cem
1990 3211 2313 3268 charitatem
2352 3209 2669 3279 assumpsit,
2731 3203 3076 3278 quorumque
3123 3206 3422 3263 stultitiam·

1833 3322 1933 3376 per
1959 3314 2175 3360 cautam
2201 3312 2257 3359 et
2295 3303 2593 3374 sapientem
2651 3301 2970 3357 charitatem
3011 3299 3280 3356 instruere
3309 3314 3409 3357 eu-

1835 3397 1995 3465 ravit,
2035 3412 2136 3468 pro
2165 3395 2298 3466 ipsis
2324 3395 2584 3462 moriens,
2633 3403 2686 3449 et
2733 3393 2801 3448 ab
2837 3392 2973 3463 ipsis
3018 3401 3248 3447 mortem
3301 3391 3425 3448 sibi·

1835 3488 2042 3543 illatam
2070 3487 2250 3544 sciens
2276 3502 2372 3558 per
2407 3485 2602 3543 fortem
2636 3484 2955 3542 charitatem
2983 3485 3180 3540 oravit.
3214 3482 3426 3539 Nonne·

1834 3575 1941 3634 ista
1966 3575 2206 3632 charitas
2250 3575 2409 3631 fortis
2436 3583 2555 3631 erat
2597 3583 2658 3630 ut
2696 3574 2898 3630 mors?
2934 3572 3048 3629 lmo
3086 3573 3192 3628 dici
3222 3581 3409 3644 posset

1833 3666 2050 3736 fortior,
2111 3682 2277 3738 quam
2333 3681 2504 3734 mors»,
2543 3681 2708 3736 quam
2756 3680 2862 3721 non
2904 3665 3179 3736 superavit
3234 3679 3405 3729 mors,

1833 3758 1930 3815 sed
1950 3759 2068 3828 ipsa
2097 3766 2332 3813 mortem
2355 3757 2652 3827 superavit,
2699 3755 2804 3812 nisi
2828 3756 2992 3830 ,quod
3034 3765 3087 3810 et
3118 3756 3256 3825 ipsa,
3283 3770 3425 3825 quae·

1833 3848 2026 3905 fortior
2049 3856 2134 3905 est
2172 3858 2347 3904 morte
2368 3861 2661 3917 corporum
2721 3847 2982 3916 charitas,
3011 3863 3163 3905 mors
3191 3856 3275 3904 est
3323 3849 3407 3902 vi-

1834 3940 2059 3996 tiorum.
2099 3938 2198 3995 Est
2219 3953 2351 4008 ergo
2371 3937 2531 3993 fortis
2564 3945 2626 3991 ut
2662 3952 2831 4005 mors,
2863 3938 2992 4008 quia
3037 3937 3153 4008 ipsa
3181 3946 3264 3992 est
3291 3936 3406 3993 for-

1831 4033 2044 4090 tissima
2101 4045 2252 4088 mors
2275 4032 2530 4087 vitiorum
2575 4031 2806 4104 diligens
2829 4029 3064 4084 amicum
3093 4029 3144 4082 in
3190 4027 3300 4083 Deo
3350 4038 3405 4085 et

1833 4125 2114 4181 inimicum
2142 4134 2359 4196 propter
2398 4123 2591 4179 Deum.
2634 4121 2748 4178 Nisi
2774 4120 3279 4196 Christusypatieus
3301 4137 3419 4189 pro·

1833 4217 2028 4275 amicis
2057 4226 2350 4283 tormenta,
2407 4216 2561 4288 ipsos
2615 4215 2671 4270 in
2723 4213 2834 4270 Deo
2860 4211 3162 4280 dilexisset,
3197 4228 3404 4283 nequa-

1833 4325 2002 4382 quam
2032 4325 2132 4381 pro
2155 4308 2265 4365 illis
2289 4316 2502 4365 orasset
2525 4305 2713 4363 dicens
2745 4322 2758 4358 ε
2808 4301 2992 4369 Pater,
3020 4318 3170 4358 serva
3216 4317 3304 4357 eos
3347 4302 3404 4354 in

154 4414 634 4478 resurrectionem,
668 4411 764 4469 sed
790 4411 953 4467 etiam
975 4426 1071 4482 per
1107 4426 1284 4466 meam
1305 4410 1373 4468 de
1405 4427 1493 4466 me
1520 4410 1732 4466 iustru-
1762 4446 1805 4500 D
1835 4402 2046 4458 nomine
2072 4410 2183 4469 tuo,
2213 4417 2343 4472 quos
2373 4399 2565 4454 dedisti
2590 4397 2721 4452 mihi
2751 4395 2932 4467 (loon.
2965 4410 3097 4460 xvu,
3126 4393 3237 4466 11).
3263 4393 3430 4461 Quia·

154 4507 412 4564 ctionem.

1832 4495 1980 4550 enim
2002 4509 2099 4550 eos
2129 4492 2281 4548 novit
2306 4506 2428 4547 esse
2458 4490 2514 4546 in
2565 4486 2696 4555 Deo,
2735 4496 2889 4543 'recte
2934 4486 3146 4557 rogavit
3176 4499 3405 4541 conser-

227 4598 310 4654 Ex
334 4607 464 4654 tunc
485 4598 630 4654 enim
659 4597 926 4653 eruditior
945 4596 1124 4654 factus
1158 4611 1268 4653 non
1315 4595 1640 4668 praesumpsi
1664 4595 1734 4650 de
1828 4586 1948 4641 vari
1970 4601 2067 4643 eos
2096 4585 2153 4641 in
2178 4599 2244 4641 eo
2287 4583 2477 4639 dicens
2511 4601 2524 4636 τ
2573 4580 2756 4646 Pater,
2789 4596 2906 4633 cum
2953 4594 3118 4634 mem
3156 4592 3276 4631 cum
3304 4576 3402 4642 δίε.

156 4690 493 4748 abundantia
523 4705 642 4745 mea
685 4689 915 4745 ulterius
961 4688 1186 4745 dicens:
1215 4685 1340 4742 Non
1390 4685 1631 4741 movebor
1676 4687 1733 4739 in

155 4795 438 4851 oetermtm,
493 4784 588 4840 sed
638 4781 1065 4855 praesumptione
1094 4780 1208 4851 jam
1257 4787 1533 4835 transacta
1572 4779 1729 4833 dixi:

153 4877 403 4945 Domine,
435 4875 781 4932 involumenta
816 4885 911 4930 tna
946 4873 1244 4945 proestitisti
1266 4871 1442 4926 decori
1479 4887 1592 4925 meo
1621 4870 1733 4924 vir-

157 4983 348 5037 tutem,
368 4968 576 5026 faciens
597 4984 708 5037 me,
732 4982 842 5023 non
858 4980 957 5039 pro
985 4965 1182 5021 merito
1211 4977 1357 5031 meo,
1381 4962 1475 5018 sed
1505 4976 1602 5030 pro
1637 4977 1736 5018 vo-

155 5064 368 5118 luntate
403 5070 520 5130 tua,
545 5061 613 5117 de
650 5061 923 5132 piscatore
954 5057 1394 5130 praedicatorem,
1416 5062 1472 5111 et
1496 5053 1734 5110 miracu-

156 5155 336 5210 lorum
385 5162 746 5224 operatorem.
781 5151 914 5219 Sed,
966 5150 1094 5221 quia
1130 5149 1198 5206 de
1242 5147 1574 5204 abundantia
1613 5160 1734 5201 mea

154 5246 484 5319 praesnmpsi
517 5254 719 5317 putans
761 5245 897 5301 mihi
927 5244 1205 5300 abundare
1261 5239 1517 5297 virtutem
1550 5236 1735 5294 chari-

154 5338 289 5395 tatis
322 5353 433 5410 prae
459 5338 671 5394 caeteris
704 5336 986 5408 apostolis,
1020 5336 1259 5390 avertisti
1307 5335 1497 5406 [aciem
1522 5340 1671 5386 tuom
1701 5346 1735 5384 a

155 5449 263 5500 me,
290 5442 345 5488 et
368 5432 542 5503 {actus
596 5445 714 5486 sum
746 5429 1091 5485 conturbatus
1134 5438 1217 5486 ter
1263 5427 1511 5500 negando
1537 5424 1736 5480 verita·

157 5534 296 5590 tem,
324 5522 455 5595 quia
492 5522 735 5578 nondum
764 5519 1062 5592 perfectam
1105 5520 1272 5576 habui
1298 5520 1472 5592 ipsius
1493 5515 1735 5573 veritatis

156 5618 512 5673 charitatem.
533 5614 708 5671 Habui
744 5613 964 5685 quidem
1006 5613 1400 5683 aliquantulam
1433 5620 1564 5667 tunc
1593 5609 1736 5664 veri-

165 5708 300 5788 tatis
321 5707 667 5777 charitatem,
707 5705 804 5762 sed
828 5703 1060 5762 necdum
1087 5703 1470 5763 abundantem.
1507 5700 1733 5759 sienim

1829 4693 1923 4750 eqo
1943 4676 2214 4735 servabam
2235 4691 2342 4743 eos,
2370 4690 2500 4746 quos
2527 4673 2719 4729 dedisti
2750 4672 2901 4727 mihi.
2939 4670 3098 4726 Nunc
3130 4679 3304 4726 autem
3333 4671 3420 4724 od·

1833 4780 1882 4824 te
1905 4769 2075 4825 venio.
2102 4765 2225 4822 Non
2255 4783 2400 4838 roqo,
2448 4777 2506 4820 ut
2547 4764 2705 4820 tollas
2736 4781 2823 4819 eos
2869 4764 2934 4819 de
2982 4764 3202 4832 mundo,
3225 4763 3316 4818 sed
3346 4771 3415 4815 nt

1830 4877 2000 4917 serves
2027 4876 2114 4916 eos
2138 4877 2171 4914 a
2208 4858 2352 4914 malo
2377 4857 2558 4926 (loon.
2591 4874 2726 4924 xvn,
2761 4857 2849 4923 13,
2881 4856 2992 4927 15).
3025 4855 3267 4914 Rursum
3295 4853 3407 4911 nisi

1833 4953 2142 5012 dilexissem
2180 4950 2437 5007 inimicos
2482 4959 2701 5021 propter
2746 4948 2938 5017 Deum,
2978 4962 3088 5003 non
3138 4947 3403 5003 dixissem

1833 5045 1891 5101 in
1931 5059 2131 5101 cruce:
2160 5042 2345 5107 Pater,
2386 5042 2597 5097 dimitte
2650 5042 2783 5107 iltis,
2808 5043 2935 5113 quia
2983 5042 3219 5096 nesciunt
3265 5037 3403 5110 quod

1833 5137 2062 5208 faciunt.
2102 5136 2195 5192 lsti
2252 5135 2460 5192 inimici
2494 5133 2737 5192 nondum
2792 5141 2951 5189 erant
2999 5133 3052 5187 in
3098 5130 3234 5198 Deo,
3281 5131 3417 5187 ideo

1834 5230 1990 5303 diligi
2014 5242 2124 5285 non
2169 5237 2419 5299 poterant
2441 5228 2496 5283 in
2528 5242 2617 5296 eo,
2644 5226 2739 5283 sed
2772 5223 3138 5296 diligebantur
3184 5231 3405 5293 propter

1837 5324 2030 5391 Deum,
2050 5322 2271 5395 quando
2292 5322 2372 5377 sic
2402 5329 2618 5378 oratum
2646 5329 2730 5375 est
2758 5334 2855 5389 pro
2890 5318 3020 5384 illis,
3061 5325 3124 5373 ut
3157 5317 3405 5373 venirent

1836 5419 1888 5473 in
1919 5418 2091 5476 Deum
2144 5432 2241 5488 per
2292 5414 2684 5487 indulgentiam
2734 5419 3083 5482 peccatorum
3122 5427 3138 5477 ;
3189 5416 3245 5465 et
3272 5408 3414 5479 quia.

1836 5511 1995 5566 fortis
2045 5510 2286 5567 charitas
2329 5509 2435 5564 hoc
2482 5505 2677 5571 oravit,
2716 5503 2862 5577 quod
2905 5502 3098 5567 voluit,
3145 5502 3403 5573 impetra-

1836 5604 1934 5664 vit.
1982 5602 2119 5658 Nam
2174 5601 2392 5673 plurimi
2444 5615 2656 5663 eorum,
2693 5598 2786 5668 qui
2836 5596 3158 5668 sanguinem
3197 5594 3399 5650 Christi

1837 5698 2112 5768 fuderunt,
2143 5695 2393 5753 eumdem
2418 5690 2736 5764 sanguinem
2778 5698 2967 5760 postea
2992 5687 3220 5746 fideliter
3247 5689 3401 5745 bibe-
