3817 6000
171 139 241 236 taos
655 183 1024 245 cenuontrnanosmr
1043 187 1319 248 trutcuansnune.
1733 194 1802 250 ιιιι

170 302 272 374 cipere,
287 302 379 369 idest,
398 314 494 374 rapere
512 301 554 357 uel
571 301 679 360 auterre
690 301 756 360 milri
771 305 902 371 animam,
915 319 964 375 par
977 309 999 366 ll
1015 304 1100 360 lilium
1117 303 1180 361 iuliae
1193 302 1356 373 Pharaonis,
1369 305 1474 377 origem
1484 306 1573 377 magis
1585 306 1667 380 affligi
1678 323 1742 365 cum
1753 326 1804 382 pa·
1903 303 1904 310 '

169 393 321 451 catholicos
342 392 440 450 Patres
459 395 624 452 auctoritate
638 394 760 467 Spiritus
781 396 870 456 sancti
883 397 962 453 dam-
1012 396 1078 466 pulo
1091 394 1151 465 Dei,
1165 412 1248 468 quam
1261 397 1420 468 temporalis
1439 397 1544 468 pcccati
1556 398 1660 456 babere
1676 398 1805 470 iucundi·

169 489 235 539 nata
256 481 373 540 ulterius
390 498 447 540 non
466 484 686 553 resuscitabitur,
706 484 889 556 pandentibus
905 486 962 543 Ca·
1012 497 1096 546 tatem
1110 489 1182 546 inter
1194 487 1347 562 AEgyptios.
1368 488 1470 545 Deinde
1484 503 1617 560 percusso
1627 489 1758 563 Egyptio
1774 492 1804 549 iu

131 651 133 654 Υ
170 574 291 642 tlrollcis,
306 574 381 645 quod
392 576 814 646 moauctorsalutisbumanae,
830 585 962 634 uttotum
1012 578 1348 646 detensionclratrissul,
1363 576 1821 648 hominisllebraeiminrenstar

169 667 310 724 bominem
331 683 431 725 sanam
447 667 577 736 lacerem,
591 678 679 726 totum
702 667 731 726 in
748 670 881 727 unitatem
900 685 963 742 per·
1012 685 1136 740 raonem,
1150 670 1197 729 illo
1212 668 1293 744 loqlt,
1307 669 1804 744 nbiedeotuspastororiumsepbn-

169 771 246 814 sona
261 757 400 829 assumpsi
412 757 566 827 bominem,
587 757 614 814 id
629 766 683 827 cst,
702 758 825 820 animam
840 759 963 817 rationa-
1012 776 1072 818 ram
1086 776 1171 818 unam
1182 759 1217 817 de
1229 767 1335 832 septem
1349 759 1460 817 liliabus
1473 760 1625 823 sacerdotis
1635 760 1743 818 llatlian
1758 777 1805 820 ao

170 851 224 906 lem
239 859 267 907 ει
281 864 391 908 carnem
407 849 441 908 de
454 848 559 923 uirgine
573 860 714 923 acceptant
727 851 761 909 de
774 850 879 923 spirita
894 868 962 916 sau·
1012 853 1084 925 cepit
1094 869 1222 925 uxorem,
1237 855 1272 913 de
1283 871 1338 926 qua
1349 855 1420 914 duos
1434 857 1506 916 ilios
1515 858 1620 930 genuit.
1639 857 1669 914 ln
1687 860 1740 916 bac
1752 874 1806 931 pa·

169 948 216 996 cto
228 950 402 1011 conceptam.
1012 944 1292 1017 storalicurapositus
1303 947 1331 1004 in
1340 945 1451 1004 llamma
1460 946 1521 1004 rubi
1530 947 1663 1004 visionem
1673 962 1805 1020 magnam

204 1027 328 1101 Nequius
339 1037 431 1086 autem
443 1029 548 1088 weris
558 1027 690 1088 sponsat
703 1046 737 1090 ac
752 1031 856 1091 Scribe
868 1034 963 1092 uolue-
1012 1035 1090 1104 sidit,
1108 1044 1138 1093 et
1150 1051 1249 1109 magna
1271 1045 1405 1111 precepta
1424 1037 1474 1095 bot
1485 1037 1521 1096 de
1538 1037 1648 1095 damma
1660 1039 1800 1110 loquentis

170 1130 235 1178 runt
248 1121 374 1193 accipere
386 1122 508 1177 animam
524 1137 626 1190 meam,
645 1137 779 1189 conantes
792 1140 854 1183 earn
870 1125 962 1184 locere
1012 1127 1116 1187 audiuit
1128 1168 1138 1196 ,
1151 1127 1248 1201 iussus
1271 1143 1352 1202 agere
1370 1129 1533 1202 legationem
1551 1130 1590 1194 ad
1612 1130 1701 1201 ipsum
1717 1146 1802 1188 suurn

149 1267 151 1270 ,
170 1224 382 1274 consentaneam
399 1215 459 1273 suis
476 1216 557 1275 malis
572 1219 777 1290 traditionibus,
793 1220 846 1294 legi
857 1221 904 1277 lici
919 1236 962 1279 re·
1009 1219 1215 1291 persecutorem
1228 1220 1411 1291 Pharaonem,
1422 1220 1458 1277 ad
1471 1236 1555 1293 quem
1567 1223 1680 1280 ueniens
1690 1239 1748 1279 nou
1758 1239 1805 1282 re·

169 1307 432 1381 pugnantibusdqo
444 1317 535 1367 autem
545 1311 854 1372 nolensacrnmmodare
862 1314 962 1371 talibus
1012 1314 1082 1370 ritus
1102 1312 1305 1371 animositatem
1326 1312 1406 1383 ejus,
1426 1314 1517 1369 denuo
1536 1328 1599 1369 eum
1621 1322 1805 1385 persequente

169 1416 334 1459 consensum
345 1402 445 1459 anima
451 1418 529 1471 mee,
542 1402 600 1460 dial
610 1405 651 1462 cis
663 1422 671 1460 ι
681 1404 769 1472 Quare
777 1415 963 1479 tornampre·
1009 1404 1070 1476 ipse
1081 1419 1145 1461 cum
1159 1411 1217 1462 toto
1229 1405 1331 1478 populo
1342 1402 1425 1461 lsrael
1438 1403 1563 1460 transisit
1576 1419 1653 1460 mare
1664 1401 1803 1471 Rubrum,

169 1493 266 1549 dimitti
279 1493 436 1556 mandatam
450 1493 501 1552 Dei
514 1506 622 1568 propter
636 1499 809 1560 traditionem
825 1501 964 1564 uestram?
1012 1503 1039 1551 et
1048 1493 1123 1551 uenit
1136 1492 1170 1551 ad
1178 1504 1299 1552 montem
1313 1491 1401 1563 Sinai,
1412 1491 1460 1549 ubi
1473 1502 1621 1565 apparente
1633 1502 1660 1548 ct
1673 1493 1805 1565 loquente

171 1584 243 1641 Nam
257 1584 328 1642 beat
346 1585 416 1642 dixit
431 1602 442 1642 .·
456 1586 569 1650 liotore
581 1602 684 1660 patrem
697 1598 784 1661 taam,
803 1601 829 1648 et
846 1602 961 1649 matrem
1012 1586 1065 1644 sibi
1079 1585 1197 1647 bomine
1211 1585 1382 1658 resplenduit
1394 1585 1479 1642 lucica
1492 1585 1554 1656 cius
1574 1583 1601 1641 in
1622 1600 1723 1656 magum
1743 1586 1804 1642 cla·

169 1685 254 1731 tuam.
275 1673 326 1731 Ver
341 1683 430 1738 satem
442 1675 554 1740 dicitis:
569 1677 676 1734 Doaaat
685 1680 858 1753 quodcunque
869 1691 908 1739 ειι
927 1698 961 1739 ca
975 1652 998 1710 Β
1011 1679 1100 1736 ritatis
1111 1678 1210 1753 gloria,
1221 1693 1284 1752 qua
1297 1678 1384 1751 gloria
1394 1686 1423 1737 et
1431 1677 1542 1737 clarltss
1555 1676 1608 1735 luit
1617 1678 1734 1735 alterius
1745 1678 1805 1735 ela⁴

168 1783 220 1836 ma,
242 1767 290 1823 tili
301 1768 438 1839 proderit,
456 1777 482 1826 et
496 1770 605 1827 irritant
614 1771 718 1842 {cristis
739 1773 897 1830 mandatam
911 1773 962 1831 Dei
1011 1770 1099 1829 uitatis
1113 1770 1308 1843 praeparatoria
1320 1779 1349 1827 et
1361 1771 1552 1843 praecursoria,
1562 1785 1646 1843 quant
1666 1770 1694 1827 in
1712 1769 1806 1826 Eran-

167 1868 276 1932 propter
297 1861 472 1923 traditionem
486 1872 610 1920 cestram.
629 1861 804 1935 lltpamitoel
815 1864 885 1922 llere
896 1881 961 1938 pro·
1010 1863 1081 1935 qetto
1094 1862 1333 1936 recognoscimus,
1343 1863 1540 1935 ubipraesente
1556 1863 1616 1934 ipso
1626 1861 1722 1933 llopse
1737 1877 1804 1922 cunr

167 1953 281 2024 pbetaeit
293 1954 326 2009 de
336 1953 408 2017 coiis
422 1953 513 2012 iaciat
524 1955 651 2027 propbeta
662 1956 753 2013 dicens
763 1972 773 2013 ι
784 1956 904 2030 Papulas
913 1959 961 2018 bia
1010 1953 1070 2010 titia
1081 1952 1294 2024 transfiguratus
1303 1962 1346 2010 est
1355 1951 1446 2010 lesus.

169 2043 248 2100 tabiis
261 2059 302 2099 are
316 2044 429 2100 honorat
440 2084 449 2113 ,
462 2061 509 2102 aar
523 2055 612 2104 autem
630 2063 720 2106 aarum
732 2048 808 2121 loaqr
818 2058 856 2106 est
876 2066 894 2105 a
908 2066 959 2106 trra.
1045 2044 1142 2102 Nonrrc
1157 2044 1181 2103 si
1201 2043 1327 2102 ordincrn
1340 2044 1424 2118 istum
1439 2043 1659 2112 consideramus,
1684 2041 1805 2100 maalle

169 2131 233 2191 Sine
252 2150 337 2194 eausa
361 2145 450 2192 autem
473 2137 564 2198 colant
579 2154 620 2193 mr
634 2138 756 2202 demutet
778 2140 915 2198 doctrinas
934 2150 961 2198 et
1011 2136 1205 2195 stenoscimus
1219 2136 1293 2208 quod
1311 2135 1550 2208 adperllciendam
1563 2144 1591 2193 ct
1604 2148 1804 2193 consummau-

167 2225 298 2283 ataadata
313 2227 450 2283 laminam
469 2227 580 2300 (ldattbt
597 2245 650 2300 tr,
672 2230 732 2290 bet
747 2232 838 2312 seqq.)
856 2232 960 2290 Contra
1010 2230 1073 2287 dam
1097 2230 1250 2288 claritatem
1261 2231 1356 2289 nultus
1369 2228 1457 2304 lloysi
1471 2230 1574 2302 pariter
1593 2228 1648 2285 sibi
1667 2239 1804 2298 coopera-

169 2317 328 2390 bujusmodi
343 2320 498 2384 animarum
512 2329 646 2394 raptores,
662 2322 710 2396 qni
722 2322 805 2387 babet
816 2339 898 2383 aures
910 2341 961 2389 an·
1009 2325 1112 2383 bantur
1123 2325 1197 2384 circa
1208 2325 1286 2382 illum
1300 2334 1329 2382 et
1340 2324 1517 2382 inimicorum
1530 2321 1723 2396 AEqyptiomm
1738 2336 1801 2393 perv

164 2407 227 2467 diat
241 2411 316 2483 quid>
327 2409 448 2483 Spiritus
459 2413 535 2470 dicat
544 2412 697 2474 Emlesiis:
714 2413 823 2488 Audite,
840 2424 866 2473 et
880 2417 961 2481 intel-
1009 2417 1176 2485 secutioncs,
1189 2415 1415 2473 etlnteradtersa
1427 2413 1592 2486 ipsadirinae
1602 2413 1802 2484 apparitiones,
1903 2411 1904 2424 ¹

167 2501 243 2576 ‘teile
256 2504 415 2567 traditiones
428 2521 495 2580 sset
516 2504 588 2566 Dete
600 2506 672 2565 dedit
684 2507 768 2567 mdis.
1009 2519 1042 2562 ac
1054 2514 1114 2578 post
1136 2505 1250 2563 adversa
1271 2504 1359 2577 plenae
1383 2503 1431 2560 liei
1453 2502 1673 2569 consolationes·
1681 2516 1802 2573 quarum

203 2595 286 2669 Eripe
296 2614 337 2654 att
347 2601 380 2654 dr
392 2615 474 2655 mauu
487 2599 657 2656 inimicarum
668 2617 797 2673 mearam,
810 2611 836 2660 et
849 2620 960 2675 aparu-
1009 2597 1056 2654 illa
1071 2596 1125 2653 luit
1136 2597 1286 2669 praecipua,
1302 2596 1375 2669 quod
1388 2594 1475 2652 iacies
1488 2595 1549 2666 ejus
1558 2603 1620 2672 >tam
1633 2592 1662 2650 in
1683 2599 1804 2650 austerae

167 2688 306 2761 quantitas
321 2706 373 2750 me.
393 2688 464 2758 Quia
475 2690 504 2747 ir
515 2691 639 2750 matribus
658 2694 711 2751 tuit
721 2705 805 2752 sortes
820 2713 894 2765 meo,
917 2697 960 2754 vel
1010 2688 1349 2762 legisaooeptione,quam
1369 2686 1398 2742 ⁵¹¹
1411 2685 1575 2757 &linteum
1585 2683 1804 2757 ssfflliaelssssllffl·

169 2790 289 2852 tempora
303 2797 363 2837 maa
379 2789 446 2839 sunt
459 2782 585 2854 positast
598 2783 742 2856 disposita.
762 2786 889 2846 llanibus
907 2802 959 2844 au·
1010 2782 1085 2838 tione
1103 2780 1157 2836 luit
1170 2780 1308 2842 illustrata
1321 2777 1350 2834 in
1370 2784 1445 2838 tanta
1464 2776 1607 2844 claritate,
1628 2776 1739 2847 qualem
1750 2790 1803 2833 nee

168 2881 224 2932 tera
240 2872 294 2929 tots
313 2887 413 2936 manos
426 2872 602 2933 inimicorum
616 2891 741 2934 meorum
755 2887 798 2937 est
810 2880 958 2938 cornaria.
1009 2872 1062 2931 aab
1075 2872 1134 2946 tete
1147 2871 1196 2927 llil
1208 2870 1303 2937 lsrael.
1318 2884 1370 2926 nec
1394 2869 1422 2926 ta
1435 2868 1583 2942 evangetio
1593 2866 1711 2941 apostoli
1725 2876 1804 2939 pate

168 2961 227 3022 lloc
249 2980 265 3020 a
279 2963 380 3036 pictate
394 2971 442 3023 ιιι
458 2964 539 3039 exigo
554 2975 594 3034 ut,
607 2967 673 3039 quta
684 2983 736 3041 aga
746 2971 776 3026 ιιι
788 2987 883 3028 mam
899 2981 960 3030 ιιι.
974 3001 996 3064 c
1010 2969 1073 3018 rant
1086 2960 1186 3019 intueri
1200 2968 1314 3032 aspectu
1333 2958 1510 3017 immediatol
1524 2955 1595 3017 ilinc
1614 2957 1755 3030 estquod
1772 2957 1802 3014 in

168 3054 357 3115 commendari
379 3056 504 3128 ιριιίιιιιι
536 3074 645 3127 meam,
663 3069 691 3117 ea
708 3061 737 3124 tn
757 3062 880 3121 maneta,
905 3065 958 3121 ms,
1011 3048 1334 3125 legevclamenposltum
1344 3056 1387 3106 cst
1399 3048 1434 3106 ad
1447 3046 1622 3121 splendorem
1636 3045 1803 3117 rultusejus

167 3155 234 3203 sunt
253 3156 372 3217 tempora
395 3163 474 3216 mea,
497 3149 566 3219 nibil
585 3150 613 3207 in
634 3166 679 3217 tna
697 3151 797 3223 babeat
816 3155 959 3226 potem
1011 3141 1229 3230 temperandum,
1243 3148 1272 3198 et
1291 3140 1319 3197 in
1333 3138 1482 3212 Evangelio
1496 3137 1585 3195 nubes
1598 3136 1690 3194 lucida
1703 3136 1803 3193 ebone

168 3251 268 3294 manus
280 3237 430 3306 contraria,
448 3252 549 3302 manus
563 3238 739 3313 inimicorum
753 3256 891 3307 meorum,
914 3243 960 3300 ιιι.
1009 3235 1099 3296 breuia
1117 3234 1257 3307 apostolos
1266 3233 1356 3291 adbuc
1366 3232 1460 3289 minus
1471 3229 1586 3288 idoncos
1597 3229 1633 3286 ad
1643 3228 1801 3294 ridendam.

167 3328 274 3391 terdum
284 3327 435 3405 seeundum
447 3329 521 3403 quod
531 3330 664 3404 scriptum
678 3342 739 3391 est:
753 3333 836 3392 Terra
846 3335 910 3392 tata
919 3345 960 3392 aar
1010 3326 1051 3383 rel
1068 3327 1151 3383 etiam
1165 3324 1336 3385 referendam
1344 3324 1427 3382 talem
1439 3323 1585 3382 visionem.
1599 3320 1749 3395 Propterea
1759 3322 1803 3379 di·

166 3420 197 3476 io
206 3436 301 3479 mattas
310 3421 388 3492 impii
404 3419 466 3491 (tab
482 3435 520 3489 ιι,
534 3420 594 3493 ll),
608 3431 725 3495 pessunt
740 3423 843 3496 aliquid
858 3424 886 3481 ia
897 3439 957 3483 cor·
1010 3426 1084 3476 ιιιιιι
1095 3425 1138 3474 cst
1149 3417 1190 3473 cis
1201 3435 1208 3473 :
1219 3416 1327 3472 Nuntiat
1339 3412 1802 3503 diceritisrisioaent,doaecl’iliua

168 3526 221 3583 pus
236 3520 360 3568 bibitum
376 3513 419 3568 tel
430 3514 514 3571 etiam
528 3515 556 3572 io
568 3522 704 3579 terrerum
717 3514 899 3588 substantiam
909 3530 960 3572 ιιι,-
1009 3509 1123 3565 bominis
1137 3526 1153 3563 a
1168 3509 1280 3571 mortuis
1295 3516 1414 3579 resarpnt
1429 3506 1537 3581 (natm.
1551 3522 1618 3575 xutt,
1636 3506 1675 3578 9).

168 3609 253 3657 stram
265 3609 387 3672 potestas
395 3612 425 3660 et
435 3620 534 3662 manus
545 3604 704 3676 impiorum.
718 3605 772 3662 Sed
783 3606 848 3662 lllud
861 3621 960 3680 maqno
1044 3598 1138 3671 ltaque
1152 3598 1340 3671 principaliter
1351 3612 1403 3669 eqo
1414 3596 1553 3665 Christus,
1567 3597 1614 3669 qui
1628 3613 1680 3651 raon
1692 3596 1750 3652 aeui
1759 3595 1801 3652 lr-

167 3700 233 3748 uoto
252 3691 347 3752 cordis
363 3709 468 3766 quaro,
483 3704 575 3768 utcgo
591 3695 651 3767 ipse
667 3696 782 3761 omnino
802 3706 913 3768 ereptus
931 3705 960 3753 et
1009 3689 1242 3766 scrutatorque
1255 3687 1363 3760 implere
1378 3686 1487 3761 (batti.
1501 3703 1528 3756 ι,
1546 3686 1601 3757 ll),
1619 3686 1724 3753 omnia,
1737 3702 1802 3758 qua

167 3783 237 3839 liber
253 3785 288 3840 de
300 3800 383 3846 rnanu
399 3785 558 3859 impiorum,
580 3785 638 3846 eta
653 3788 883 3860 persequentibus
903 3803 958 3858 mc,
1010 3781 1183 3854 praefigurata
1198 3790 1292 3839 sunta
1307 3779 1410 3852 blosse,
1427 3787 1501 3835 recte
1523 3777 1551 3833 in
1564 3776 1617 3833 hoc
1628 3776 1736 3847 psalmo
1748 3791 1803 3847 pro

168 3875 240 3932 sieut
253 3876 385 3935 liberatos
400 3879 592 3950 estquondam
606 3879 728 3938 tumulus
743 3889 807 3945 tuus
819 3879 926 3953 ilopses
942 3895 959 3936 a
1010 3887 1054 3929 mc
1068 3872 1129 3944 illi⁰
1144 3870 1204 3938 tibi,
1220 3870 1303 3939 ⁰⁰⁰⁵,
1315 3868 1342 3925 1¹¹
1355 3869 1435 3940 iulii
1447 3884 1544 3926 manus
1563 3867 1690 3940 sl>iritum
1706 3883 1802 3926 mium

165 3978 349 4041 persequente
362 3985 392 4028 sc
404 3969 560 4040 Pharaone,
573 3981 605 4037 ut
615 3987 705 4044 neque
716 3971 804 4053 illum,
815 3987 904 4048 neque
913 3987 960 4043 po,
1010 3964 1183 4034 commendo,
1197 3963 1237 4020 sic
1255 3963 1367 4035 loquor,
1382 3970 1412 4018 ut
1424 3970 1517 4032 optem
1528 3960 1562 4018 dc
1575 3976 1660 4018 manu
1676 3958 1805 4016 inimieo-

168 4058 263 4130 pulum
285 4059 338 4116 sibi
358 4062 538 4127 commissum
551 4069 646 4134 passae
665 4076 776 4129 nouere,
794 4050 960 4132 inrepens
1010 4071 1083 4125 rum,
1095 4064 1144 4112 eta
1156 4053 1434 4128 persequentibusme
1446 4053 1556 4111 liberari
1573 4053 1803 4125 exemploquon-

169 4150 278 4221 quondo
290 4150 418 4221 inuentus
426 4160 468 4209 cst
479 4151 618 4223 proluisse
630 4150 822 4225 illuciuqando
834 4152 959 4224 ldopseq,
975 4157 981 4163 “
1010 4147 1074 4204 dam
1091 4147 1199 4205 liberati
1225 4145 1333 4220 ltoyst,
1349 4154 1432 4218 atque
1454 4144 1521 4217 ipsis
1544 4144 1801 4217 persecutionibus,

168 4255 194 4311 pr
202 4240 267 4309 imo,
285 4241 331 4297 ubl
344 4241 373 4307 in
386 4240 495 4311 damma
511 4242 572 4309 rubi
589 4243 741 4313 apparuisti
760 4244 807 4315 ei;
826 4244 958 4309 mundo,
1011 4237 1120 4314 tuisque
1130 4237 1364 4297 consolationibus
1379 4236 1591 4309 cooperantibus
1605 4236 1641 4292 ita
1655 4235 1801 4305 illustrari,

170 4329 216 4385 ubi
231 4346 315 4401 super
329 4329 461 4391 uerticem
482 4331 585 4388 montis
612 4329 690 4405 Sinai
711 4332 860 4404 apparuisti
877 4332 902 4388 ei
916 4332 960 4389 lo·
977 4330 1090 4389 bsieut.
1102 4329 1237 4390 illustrata
1252 4329 1305 4386 luit
1319 4325 1406 4385 iacies
1426 4326 1524 4402 bleysi,
1542 4337 1570 4386 et
1582 4338 1658 4387 tanto
1672 4328 1803 4385 meren-

169 4432 258 4488 qaens
275 4418 310 4474 ad
322 4433 386 4475 eum
397 4418 478 4490 quasi
492 4418 599 4479 amicus
609 4420 643 4476 ad
657 4422 788 4492 amicum,
807 4430 834 4478 et
846 4436 881 4478 ex
892 4438 961 4487 mnf
1011 4423 1066 4481 tius
1075 4438 1133 4497 prae
1145 4422 1202 4493 illo,
1214 4432 1319 4495 quanto
1332 4421 1505 4480 differentius
1517 4436 1573 4493 prae
1584 4422 1631 4478 illo
1641 4421 1804 4477 nomeulra·
1852 4481 1857 4485 ,

170 4506 255 4562 sartio
270 4508 405 4581 sermonis
419 4507 469 4581 tui,
481 4508 547 4571 dum
563 4509 714 4583 respiceres
727 4511 754 4567 in
772 4525 850 4590 eum,
865 4511 906 4570 sic
927 4512 961 4586 ll·
1010 4515 1072 4579 beo,
1085 4521 1112 4570 et
1123 4521 1227 4585 quanto
1240 4515 1328 4585 major
1344 4521 1387 4570 est
1399 4512 1533 4569 Dominus
1547 4526 1638 4580 seruo,
1654 4509 1729 4567 Deus
1746 4525 1803 4565 na·

169 4596 293 4652 lustrasti
307 4597 405 4655 laciem
420 4599 491 4671 ejus,
508 4608 539 4655 ut
552 4600 706 4673 claritatem
723 4600 816 4682 rubus
829 4602 890 4674 eius
904 4618 960 4664 non
1010 4605 1107 4666 taralis
1122 4603 1178 4663 lieo
1192 4604 1332 4676 adoptato.
1354 4601 1423 4660 llam
1444 4603 1481 4659 illi
1495 4603 1608 4674 quidem
1623 4601 1727 4658 dietum
1747 4600 1804 4657 luit

170 4698 263 4760 posset
274 4689 481 4763 terremortalis
496 4696 603 4763 oculus,
616 4693 762 4772 imoquasi
773 4694 801 4755 in
812 4695 900 4755 catast
911 4695 961 4773 ad«
1010 4712 1026 4764 a
1045 4695 1123 4753 lieo:
1149 4694 1217 4752 liare
1236 4695 1361 4754 carteritai
1381 4704 1407 4751 te
1425 4692 1511 4749 Deam
1524 4691 1674 4748 Pharaonis
1697 4691 1802 4763 (Eroti.
1903 4736 1904 4753 ,

170 4781 302 4839 mirantes
317 4791 346 4840 ct
361 4794 503 4855 stupentes
517 4787 668 4856 timuerunt
681 4786 761 4864 valde
772 4787 898 4853 seniores
920 4786 961 4863 ¹i·
1011 4804 1059 4855 ιιι,
1074 4788 1101 4860 l)
1115 4807 1122 4843 :
1135 4787 1203 4843 milti
1215 4795 1306 4843 autem
1320 4785 1387 4842 dicit
1400 4783 1502 4842 Pater:
1525 4780 1616 4838 Filios
1627 4797 1700 4836 ιιιοιι
1715 4796 1744 4835 es
1759 4786 1802 4845 ta,
1903 4810 1904 4843 ι

170 4873 238 4949 rael,
253 4887 316 4930 cum
328 4887 383 4930 nou
393 4886 507 4947 possent
522 4877 663 4934 inundare
675 4875 812 4934 infaciem
825 4877 961 4950 ejuspro·
1009 4898 1056 4955 eqo
1069 4881 1145 4954 bodi
1156 4882 1234 4953 qenai
1245 4888 1269 4934 te
1288 4877 1379 4950 (Psoi.
1400 4893 1433 4945 ιι,
1448 4874 1487 4947 tt.
1504 4874 1576 4946 Ergo
1591 4873 1636 4930 ille
1655 4872 1729 4929 Deus
1740 4881 1804 4927 etat
1903 4890 1904 4909 t

170 4974 228 5037 pter
244 4966 358 5037 gloriam
374 4967 467 5033 uultus
480 4969 556 5041 eius:
570 4985 632 5042 qoae
644 4969 731 5045 gloria
744 4962 962 5049 tultus'compp·
1010 4988 1059 5045 por
1077 4971 1193 5042 gratiam
1205 4985 1288 5041 super
1310 4984 1395 5031 unum
1417 4983 1508 5040 rcqem
1532 4965 1700 5023 eorrsritntos
1721 4982 1730 5018 ε
1747 4976 1802 5035 eqo

166 5064 229 5113 rota
245 5057 410 5132 illigloriae,
436 5060 604 5132 quamidem
630 5060 758 5139 ltoyses,
790 5068 818 5117 et
838 5058 912 5117 Elias
931 5062 960 5135 in
1012 5056 1596 5135 [leussumnaturalitcrabcoqcnitus,et
1612 5053 1802 5127 superomnia

171 5159 341 5207 monteculo
354 5148 472 5208 Domino
491 5152 597 5222 babuit,
614 5151 654 5219 sic
668 5160 818 5227 cvacuatur
830 5154 903 5221 sicut
913 5153 959 5211 lu·
1010 5172 1092 5228 opera
1105 5170 1235 5225 tnanuum
1246 5154 1307 5225 ejus
1317 5152 1494 5209 constitutus.
1506 5148 1634 5204 Attamen
1649 5161 1701 5219 pro
1711 5145 1802 5203 sernia

171 5254 234 5295 men
246 5238 382 5312 lampadis
396 5240 424 5299 iu
435 5243 640 5318 comparatione
653 5244 755 5302 solaris
769 5244 883 5307 luminis
895 5260 962 5323 cras
1011 5246 1158 5305 lilrerandis
1169 5245 1196 5300 in
1210 5243 1299 5302 forma
1311 5243 1382 5300 sarri
1395 5240 1566 5309 humiliatus,
1578 5239 1615 5295 ita
1628 5248 1660 5295 ot
1669 5244 1802 5310 aspectus

172 5336 280 5387 erratur.
294 5330 421 5405 ᾼιιιιιιειι
435 5333 482 5398 illa
492 5334 568 5405 prior
580 5333 667 5400 blansi
682 5336 770 5409 gloria
782 5335 961 5415 ιειιιειιιίιει
1011 5351 1089 5413 meus
1105 5334 1210 5411 nopsit
1224 5334 1252 5390 iu
1272 5349 1327 5400 mc,
1344 5333 1395 5391 scd
1414 5332 1525 5389 uideant
1539 5346 1584 5388 me
1596 5329 1681 5387 amici
1692 5338 1722 5387 ct
1745 5326 1802 5386 ini·

173 5421 287 5493 majoris
302 5422 354 5480 tuit
369 5426 583 5497 praeparator-io,
603 5443 665 5501 quac
677 5428 730 5485 boc
750 5428 846 5487 ordine
866 5428 917 5484 luit
931 5428 958 5505 in
1011 5425 1076 5496 mici
1089 5441 1145 5484 non
1166 5425 1310 5482 habentem
1325 5425 1463 5497 speciem,
1484 5436 1573 5495 neque
1586 5422 1731 5491 decorem,
1757 5420 1802 5480 sie

174 5510 221 5569 illo
236 5514 382 5586 completa.
400 5517 653 5579 dliliaPlraraonis
665 5537 734 5593 puer
748 5521 807 5594 ipsc
819 5523 959 5595 nutrieba-
1010 5533 1059 5591 pro
1072 5518 1106 5593 qd
1120 5527 1156 5600 te,
1167 5515 1357 5586 eamznrtpe
1369 5515 1541 5574 medemena
1552 5510 1802 5571 iabaieorarrtmeoae
1903 5528 1904 5541 ¹

173 5609 219 5676 tur
236 5604 263 5685 in
276 5607 390 5685 deliciis.
407 5611 442 5675 tlt
465 5602 524 5685 ipse
544 5613 655 5687 grandis
672 5613 783 5671 edoctus
802 5615 910 5689 negarit
929 5629 959 5672 ss
1010 5626 1068 5666 ram
1084 5620 1109 5667 et
1132 5628 1148 5665 a
1163 5609 1375 5684 persequentibus
1391 5625 1449 5678 atr,
1465 5609 1511 5685 qni
1527 5622 1582 5664 non
1599 5606 1734 5665 haberent
1744 5620 1801 5683 po·
