3817 6000
122 201 192 260 llll
449 197 731 258 COMMENTARIUS!
751 198 784 254 ΙΝ
804 196 1139 255 Psu1.utos.4uaus
1158 196 1189 254 lt.
1210 228 1245 238 -
1262 193 1362 252 PSAL.
1383 193 1454 251 uxi.
1543 226 1546 233 ⁴
1691 194 1763 254 lodi

117 317 223 377 Christi
239 317 362 392 sangnis.
382 315 500 375 Erremus
521 317 603 373 etiam
621 315 789 388 coinquinati
809 316 835 370 in
851 328 913 384 pcc·
927 316 950 374 ll
965 314 1044 386 equis
1062 313 1115 370 illis
1131 312 1279 385 permistas
1297 320 1324 367 et
1343 312 1538 379 sanctiticatam,
1560 328 1622 383 quae
1642 312 1760 368 lluunta

116 421 191 476 cato,
205 420 233 468 et
250 409 312 466 ideo
333 408 488 466 necessaria
502 407 554 465 luit
569 408 680 477 lauatio,
694 424 749 465 non
764 408 852 464 solum
867 421 915 476 per
965 406 1049 461 lutere
1063 403 1165 461 Christi
1177 404 1284 471 dextro,
1297 404 1362 474 quia
1380 404 1478 471 inde,‹
1499 404 1546 460 ubi
1560 404 1688 462 Christus
1705 415 1759 474 est,

116 518 221 575 aquam
235 501 380 569 visibilem,
397 500 586 572 quomodo‘et
602 498 723 557 loannes
736 499 765 555 in
778 513 850 569 aqua
863 497 913 553 bu·
966 494 993 550 in
1008 496 1103 551 dextra
1115 494 1163 551 oet
1185 494 1284 551 sedens
1297 493 1411 565 (Colore.
1427 509 1469 562 nt,
1483 494 1519 564 1),
1539 514 1548 547 r
1566 496 1699 567 usquead
1715 496 1760 550 in-

116 595 226 665 peirans
239 602 344 649 tantum
364 591 453 664 potuit
469 592 572 659 lauare,
588 590 636 648 scd
657 606 706 663 per
727 605 826 662 aquam
838 589 914 661 parl-
965 590 1028 646 lima
1050 590 1136 661 ipsius
1150 588 1272 645 membra
1289 588 1412 659 procedit
1424 588 1511 644 sancti
1523 587 1643 659 Spiritus
1660 589 1758 661 gratio,

117 693 160 739 ter
177 682 313 739 risibilem
321 695 348 738 et
360 681 682 753 invisibilemquomodo
695 680 772 737 solus
786 679 913 735 Christus
964 682 1022 739 siue
1034 681 1062 737 in
1076 679 1152 737 lonte
1164 679 1292 752 baptismi
1305 678 1445 751 operando
1455 679 1646 736 remissionem
1655 695 1761 756 v,trecea-

117 775 239 845 baptizat
252 790 300 845 per
310 773 460 844 quemlibet
472 773 628 829 ministrum
641 771 797 829 adhibendo
811 786 911 843 aquam
963 780 1065 839 torum,
1080 770 1139 827 sire
1156 770 1184 826 in
1205 769 1281 827 lonte
1297 769 1481 843 lacrymarum
1501 770 1668 840 perliciendo
1685 769 1759 828 inle-

115 865 265 939 risibilem,
277 879 326 934 per
338 863 458 934 seipsum
474 879 539 920 uero
566 871 592 918 et
606 877 661 918 nou
675 862 820 933 puralium
834 862 914 918 udlri·
963 863 1023 920 rius
1033 871 1061 918 et
1073 862 1200 929 superius
1214 862 1359 933 irriguum.

114 955 206 1021 bondo
220 970 320 1027 aquam
338 954 514 1021 invisibilem,
527 953 555 1011 id
569 964 612 1011 est
624 952 756 1025 Spiritum
771 965 907 1023 sanctum,
996 952 1128 1009 deimus
1155 967 1218 1023 ergo
1243 967 1293 1023 pro
1317 951 1476 1022 hujusmodi
1500 952 1575 1009 lento
1592 952 1758 1011 inveniendo

112 1049 196 1121 eujus
208 1048 489 1120 adessepraesentlam
506 1054 713 1118 testaturuquae
727 1046 909 1104 risibillsele·
961 1060 1072 1112 manus,
1083 1044 1166 1115 pedes
1190 1051 1218 1099 et
1238 1043 1375 1114 precipue
1399 1045 1472 1099 latus
1492 1044 1594 1100 Christi
1616 1045 1755 1115 dextrum,

112 1150 251 1209 murnum,
266 1140 376 1211 quando
396 1140 486 1195 eidem
512 1138 647 1195 elemento
668 1137 773 1195 accedit
794 1139 908 1195 uerbum
961 1134 1036 1191 uerbi
1049 1133 1149 1207 gratia,
1165 1149 1229 1191 cum
1244 1133 1362 1189 dicimus
1384 1133 1547 1205 adipsum:
1564 1134 1616 1191 Per
1630 1136 1758 1195 natiuita-¹

111 1242 141 1302 et
155 1234 186 1288 ut
200 1241 414 1299 sacromentum.
440 1230 570 1288 Testatur
590 1245 700 1301 quoque
728 1230 816 1301 ipsius
840 1246 909 1302 prae·
961 1238 1015 1284 tem
1040 1235 1115 1282 tuam
1140 1226 1227 1282 libero
1247 1240 1310 1291 nos,
1322 1224 1448 1280 Domine.
1463 1224 1516 1281 Per
1536 1226 1715 1297 baptismum,
1729 1236 1758 1285 ct

111 1320 231 1379 seruiium
264 1320 428 1376 invisibilem
458 1319 574 1377 risibilis
606 1336 677 1391 aqua
704 1320 907 1393 lacrymarum,
957 1317 1092 1389 ieiunium
1106 1327 1263 1388 tuum3pcr
1279 1331 1388 1371 crucem
1402 1326 1428 1372 et
1443 1318 1598 1387 passionem
1624 1329 1698 1374 trram
1722 1320 1757 1374 li·

111 1414 225 1484 quando
247 1413 405 1485 peonitentis
428 1413 520 1469 ultima
543 1412 585 1468 uel
603 1421 740 1485 pungente
758 1412 851 1469 diuino
873 1415 908 1469 ti·
959 1406 1024 1463 bera
1039 1422 1100 1473 nos,
1113 1407 1238 1472 Domine,
1254 1419 1282 1462 ct
1303 1407 1356 1463 ulia
1378 1406 1405 1461 iu
1421 1406 1495 1463 luunc
1517 1409 1757 1481 modum‚quibus

111 1488 192 1560 rurore
214 1504 355 1560 descendit
374 1505 566 1577 odelmigutlm
591 1503 706 1561 inferius
725 1505 837 1576 plorans
857 1522 907 1577 pro
959 1497 990 1553 lli
1014 1497 1241 1554 commemoratio
1271 1499 1462 1570 temporalium
1486 1500 1548 1572 ojtls
1572 1501 1756 1572 disponsatio-

109 1595 171 1657 snis
197 1594 370 1664 excessibus,
397 1596 440 1652 nel
465 1610 559 1651 amore
582 1594 675 1651 piscino
691 1607 904 1669 compungente,
958 1605 1036 1645 num.
1051 1589 1176 1660 Amplius
1190 1598 1281 1644 autem
1299 1591 1606 1648 transcensisomnibus
1619 1601 1757 1665 tempora-

110 1684 236 1740 ascendit
254 1683 289 1739 ad
304 1684 437 1755 irriguum
459 1684 585 1756 superius
601 1685 712 1756 plorans
726 1701 775 1756 pro
789 1695 906 1743 aetcrno·
923 1664 943 1719 B
958 1683 1040 1748 libus,
1054 1698 1187 1738 manuum
1213 1689 1274 1754 ejrts
1296 1683 1436 1754 operibus,
1450 1700 1483 1740 uc
1505 1685 1603 1755 pedum
1633 1686 1756 1758 uestigiis

108 1791 172 1829 rum
188 1775 322 1831 bonorum
336 1776 426 1849 longis
439 1776 627 1832 dilationibus.
957 1789 1045 1845 usque
1056 1773 1189 1844 adipsum
1199 1774 1271 1829 latus
1283 1773 1422 1840 doxtrum,
1445 1774 1566 1830 lanceam
1580 1786 1679 1833 nostrae
1692 1793 1754 1834 ora·

145 1862 215 1920 Nota
245 1873 287 1922 est
312 1865 428 1922 historia
461 1867 495 1922 de
531 1866 602 1934 dra,
635 1868 691 1924 lllia
718 1866 820 1935 Caieb,
844 1884 906 1941 quae
955 1865 1039 1922 tionis
1051 1865 1092 1920 rel
1104 1865 1303 1921 obsecrationis
1312 1864 1456 1929 mittimus,
1471 1881 1534 1921 cum
1546 1866 1573 1921 in
1589 1868 1753 1926 :eternitatis

107 1974 125 2015 a
149 1968 225 2029 putre
246 1973 296 2015 suo
318 1961 419 2031 petiit«
441 1960 574 2032 irriguum
594 1962 721 2033 superius
741 1971 769 2019 et
789 1963 905 2022 interius
954 1958 1016 2026 eius
1031 1956 1110 2012 beato
1127 1971 1221 2012 amore
1234 1956 1381 2027 llagrantos
1400 1956 1519 2013 dicimus
1533 1958 1615 2013 cordo
1628 1959 1670 2014 rol
1684 1975 1750 2016 ore:

108 2051 186 2125 (lor.
208 2055 272 2125 xv).
298 2076 307 2107 r
332 2055 420 2124 Quam
446 2066 474 2114 er
495 2073 546 2114 nos
571 2058 671 2114 imitari
698 2059 830 2118 (tenemus
856 2076 905 2132 pe.
954 2044 1074 2112 Christe,
1086 2045 1138 2100 Fili
1154 2044 1200 2099 lici
1216 2045 1281 2112 viri,
1294 2047 1425 2101 miserore
1440 2045 1538 2111 nobis;
1563 2047 1610 2117 qui
1626 2049 1752 2104 serlesud

108 2147 191 2203 tendo
211 2164 227 2203 a
245 2145 300 2203 Deo
321 2147 401 2203 Patre
422 2147 793 2224 snrrnmtacrymarum,ve1
816 2153 850 2210 pe
872 2154 905 2209 p.
954 2137 1095 2195 dexterum
1108 2136 1157 2193 Dei
1171 2136 1262 2194 Putris
1272 2136 1480 2209 omnipotentis,
1504 2138 1634 2195 uriscrerc
1660 2140 1752 2199 nobis.

73 2233 82 2239 '
107 2250 185 2293 ruore
206 2237 344 2309 supplicii,
370 2238 413 2294 rel
433 2239 467 2294 de
486 2254 581 2296 amoro
600 2242 677 2312 regni
697 2241 902 2312 profluentium,
953 2228 1038 2287 ¹10ffl²

108 2334 140 2382 ut
164 2327 313 2385 babeamus
340 2328 476 2401 irriguum
501 2332 630 2401 superius
651 2344 679 2389 et
700 2335 827 2391 inferius.
854 2333 902 2392 Vel
1062 2344 1193 2415 Splendor
1208 2355 1328 2416 putemur
1341 2346 1438 2417 ploriru

107 2427 183 2475 certo
194 2420 324 2492 irriguum
342 2421 454 2491 inferius
474 2433 516 2479 est
528 2423 626 2480 cursio
639 2425 822 2498 laerymarum
835 2427 903 2485 uisi·
1060 2414 1099 2470 ⁰⁶
1110 2415 1169 2470 ‘⁸10⁶
1179 2416 1414 2554 {ilselllf’lolmlf
1423 2459 1437 2499 ι,

107 2510 201 2569 biliter
216 2514 419 2584 erumpentium
441 2531 449 2567 t
467 2516 599 2588 irriguum
620 2520 740 2589 superius
751 2529 794 2576 est
807 2521 903 2579 inuisi·
1060 2484 1120 2539 Lux
1132 2486 1210 2549 ''m‘’
1225 2498 1250 2541 a
1280 2504 1328 2543 ⁰⁸⁸
1339 2489 1451 2543 ‘mmm‘

308 2605 314 2617 .
432 2605 439 2619 .
502 2607 534 2621 ,,
1060 2554 1122 2610 Dies
1140 2557 1428 2624 dicrumr'llmrtiumrs,

105 2602 171 2659 brlrs
192 2604 333 2661 rnundauo
352 2614 440 2662 sanctu
463 2605 582 2678 Sprrrtus
601 2623 651 2680 per
674 2612 769 2668 canale
787 2613 845 2685 (tt)
859 2615 902 2672 di·
1065 2624 1196 2697 Venusque
1208 2628 1249 2681 rol
1260 2628 1379 2690 illabere,

104 2694 164 2748 riul
189 2696 295 2752 timoris
318 2696 361 2752 rel
385 2697 489 2755 amoris
508 2698 624 2758 affluens
639 2703 768 2762 humanis
783 2707 901 2778 pectori-
1061 2694 1166 2750 modo
1182 2697 1267 2753 ”dm
1280 2700 1381 2766 perpeti
1396 2714 1405 2753 ·'

105 2779 171 2835 bus.
186 2779 369 2854 Porriguntur
393 2799 458 2842 uero
483 2787 540 2843 hec
559 2788 615 2845 duo
636 2790 742 2848 canalis
764 2795 900 2865 usquead
1055 2765 1193 2836 ''mmm“
1206 2770 1294 2823 '‘ms'‘
1311 2767 1430 2839 ΨΜ

105 2870 179 2929 lutus
191 2872 293 2931 Christi
314 2876 452 2947 dextrum,
469 2886 500 2935 ut
516 2880 580 2937 iude
600 2882 740 2951 hauriant,
755 2888 829 2958 quod
844 2890 900 2946 buc
1058 2835 1175 2906 infunde
1193 2848 1291 2894 mmm
1306 2840 1437 2894 ‘mmm'

104 2965 261 3026 trutanniam.
277 2968 347 3027 enm
365 2971 438 3029 enim
456 2972 584 3032 clurisrus
597 2974 654 3049 jam
676 2979 770 3037 sedeat
783 2982 818 3038 ad
832 2982 933 3064 ‘¹⁸¹'G
949 2969 980 3028 ln
997 2970 1042 3029 lris
1055 2979 1140 3044 atquo
1158 2973 1220 3030 aliis
1242 2973 1344 3031 talibus
1361 2973 1591 3043 invocationibus,
1604 2975 1632 3031 iu
1645 2975 1748 3048 quibus

104 3067 192 3114 teram
209 3058 257 3118 liei
277 3060 379 3132 Patris,
395 3065 458 3121 inde
477 3077 611 3124 uenturus
630 3069 756 3141 judicare
775 3072 852 3130 uiuos
871 3084 899 3132 et
949 3079 1006 3121 11011
1029 3066 1206 3137 1101101116ΰὶ
1220 3065 1325 3124 Chiisfi
1341 3066 1586 3139 dispeffiififfilssssb
1599 3067 1647 3124 ⁵0¹¹
1666 3077 1748 3125 aelll·

102 3159 241 3219 mortuos,
264 3150 302 3208 ibi
318 3162 362 3211 est
383 3169 467 3212 cansa
492 3157 598 3215 timoris
618 3161 764 3230 peniteret
783 3166 896 3236 amoris,
947 3173 1013 3215 nam
1024 3167 1053 3215 et
1066 3160 1288 3229 supcrcoelestcnu
1306 3160 1394 3232 ipsius
1408 3159 1558 3217 almitatem
1572 3174 1746 3218 commemo·

102 3239 170 3311 qnia
187 3251 319 3300 vernerus
329 3243 412 3316 judex
425 3246 468 3300 vel
480 3246 592 3304 rimetur
604 3260 751 3309 accusante
764 3268 814 3310 „03
828 3270 896 3311 con·
946 3262 1043 3305 ramus
1054 3267 1061 3304 ι
1074 3246 1204 3304 nimirum
1214 3247 1287 3306 lutus
1296 3249 1357 3321 ojus
1369 3249 1497 3305 doxtrum
1511 3248 1660 3319 largimus,
1672 3248 1746 3307 undo
1821 3301 1823 3306 ,

68 3361 73 3368 ,
102 3331 234 3402 scientia,
252 3334 296 3392 ,ep
314 3343 423 3398 amru,
437 3347 587 3396 excusante
603 3356 654 3399 „05
666 3342 739 3399 pona
751 3346 897 3403 couscien-
947 3339 983 3396 ad
996 3355 1047 3398 nos
1060 3340 1120 3397 duit
1131 3340 1276 3398 inundatio
1289 3340 1408 3412 Spiritus
1428 3339 1517 3397 suncti
1534 3339 1576 3395 rcl
1591 3341 1746 3410 perconale

101 3423 152 3479 ¹5⁰·
946 3433 1054 3490 timoris
1070 3433 1104 3490 ad
1128 3433 1323 3504 perficiendum
1338 3433 1471 3505 irriguum
1491 3431 1623 3500 iniurius,
1638 3432 1680 3490 rel
1697 3447 1745 3503 per

138 3514 199 3587 lpsa
212 3518 285 3574 enim
307 3520 474 3578 conscientia
494 3522 602 3580 duobus
623 3527 713 3583 modis
732 3539 853 3597 accusat,
868 3541 895 3589 er
945 3522 1041 3580 canalo
1055 3523 1160 3580 aratoris
1184 3523 1217 3579 ud
1237 3523 1435 3594 perlicieudum
1452 3523 1587 3596 irriguum
1603 3524 1742 3595 superius.

101 3604 212 3661 duobus
229 3608 320 3664 modis
337 3618 460 3666 excusat.
477 3611 595 3669 Accusat
607 3615 741 3684 uidelicet,
756 3633 820 3675 eum
842 3622 894 3678 sibi
944 3612 1097 3671 Pretiosos
1108 3621 1200 3669 auum
1220 3614 1340 3670 dicimus
1366 3629 1428 3672 ⁰⁵⁵⁰
1450 3630 1548 3673 «11111111
1574 3616 1701 3687 superius
1715 3625 1743 3672 0⁸

101 3696 212 3752 conscia
226 3706 269 3754 est
284 3715 371 3768 mens,
382 3703 455 3773 quod
468 3703 533 3760 uelit
546 3706 636 3763 adhue
651 3707 680 3763 in
692 3709 786 3767 surum
799 3727 894 3783 pecca.
944 3704 1061 3776 inierius
1078 3705 1223 3776 irriguum,
1237 3720 1320 3776 quam
1335 3715 1459 3762 arentem
1476 3716 1504 3762 rt
1517 3707 1669 3764 incultilem
1683 3706 1743 3762 sue

100 3802 141 3855 re,
156 3790 199 3845 rel
212 3801 354 3861 peccatum
367 3794 424 3865 jam
442 3794 545 3852 lucrum
560 3796 725 3868 impunitum
739 3818 892 3874 remanere,
944 3799 1076 3868 sterilem,
1088 3798 1179 3870 qrualis
1196 3807 1239 3855 est
1253 3808 1325 3854 tcrre
1345 3798 1507 3871 Spuragogae,
1522 3815 1585 3870 qum
1596 3814 1652 3856 uon
1666 3814 1743 3856 rece·

98 3894 219 3951 quorum
235 3883 350 3940 alterum
374 3888 492 3956 pertinet
512 3889 546 3945 ad
566 3890 631 3945 mali
649 3891 808 3962 volentium,
824 3896 893 3954 alte·
943 3892 983 3964 pit
997 3907 1096 3963 aquarn
1111 3890 1294 3962 egredientem
1317 3890 1351 3947 de
1376 3892 1477 3962 templo
1497 3892 1614 3948 alstcre
1633 3893 1741 3961 dextro,

98 3986 162 4029 rum
179 3973 212 4030 ad
229 3974 468 4046 impoenitentium.
490 3978 604 4037 Duobus
615 3997 725 4054 quoque
743 3986 832 4043 modis
843 4003 892 4044 ea·
944 3983 1001 4040 imo
1014 3998 1065 4041 uec
1082 3982 1171 4056 ipsum
1190 3996 1291 4055 aquarn
1314 3982 1394 4052 uidit,
1406 3983 1472 4055 quia
1491 3983 1626 4041 uolumine
1649 3985 1741 4043 uultus

98 4063 162 4119 dem
195 4066 365 4124 conscientia
394 4069 593 4129 rationabiliter
622 4084 736 4132 excusat
761 4087 891 4148 mentem,
942 4074 1029 4147 Moysi
1049 4074 1195 4147 propellite
1209 4073 1298 4133 nescii
1310 4074 1413 4141 vidore,
1426 4075 1472 4132 sed
1491 4074 1623 4133 lotidem·
1639 4076 1741 4136 Soneio

97 4169 162 4211 eum
182 4155 235 4213 sibi
252 4158 364 4214 conscia
377 4166 421 4215 est
442 4176 521 4218 mens
533 4162 602 4235 lpsa,
617 4165 692 4235 quod
706 4166 740 4222 de
753 4168 892 4238 praeterito
943 4181 1008 4224 uero
1019 4164 1141 4223 Ecclesia
1161 4165 1297 4222 catlrolica
1310 4173 1337 4221 et
1349 4164 1377 4220 in
1389 4180 1423 4221 oa
1433 4164 1561 4236 numlibet
1574 4164 1662 4223 tidelis
1674 4182 1739 4239 per·

97 4256 210 4318 peccato
222 4248 323 4317 doleat,
344 4261 373 4307 et
393 4252 427 4308 de
446 4252 540 4311 luturo
561 4254 677 4313 libenter
695 4267 799 4316 cureat.
818 4259 893 4320 Talis
943 4272 1011 4316 sunu
1025 4272 1089 4314 curu
1104 4256 1268 4328 iubilatione
1292 4265 1386 4313 cantat
1405 4277 1413 4314 z
1430 4276 1440 4311 r
1456 4256 1517 4314 llidi
1542 4273 1642 4329 aqrram
1658 4275 1740 4331 epro-

96 4339 177 4395 dolor
188 4356 251 4397 eum
267 4343 407 4402 uoluntate
425 4345 542 4402 ulterius
555 4359 635 4405 ceute
647 4350 756 4407 uiuendi
769 4360 812 4408 est
824 4367 889 4408 uera
905 4351 927 4405 u
941 4352 1060 4409 dientem
1083 4350 1117 4406 de
1137 4349 1239 4421 templo
1261 4366 1278 4405 a
1299 4349 1384 4406 latere
1408 4349 1515 4417 dextro,
1535 4359 1563 4407 et
1591 4365 1689 4408 omnes
1704 4352 1740 4409 ad

96 4433 271 4504 peonitentia,
287 4451 370 4507 quam
391 4438 431 4493 sir
448 4438 582 4496 deliniunt
601 4443 688 4500 sancti
707 4443 890 4502 :Poenitentie
940 4461 1011 4518 quos
1031 4441 1154 4513 pervenit
1168 4456 1241 4513 aqua
1261 4440 1324 4509 ista,
1340 4441 1408 4498 salvi
1429 4440 1494 4498 lecti
1518 4449 1593 4498 sunt.
1612 4462 1622 4495 r
1640 4441 1738 4499 Salta-

95 4537 159 4577 vcua
174 4531 217 4580 est
231 4525 352 4583 admissu
376 4527 488 4597 dedere,
506 4544 539 4586 ao
555 4529 644 4588 dendo
668 4549 723 4590 non
735 4535 888 4593 admittere.
940 4530 1025 4590 tionis
1037 4532 1119 4603 hujus
1134 4531 1282 4588 efficaciam
1300 4547 1356 4588 non
1372 4532 1558 4600 intenderunt,
1573 4533 1621 4604 qui
1634 4532 1738 4593 Christi

96 4612 149 4669 uti
172 4615 234 4673 talis
248 4625 291 4674 est
309 4620 479 4690 poenitentia,
500 4624 538 4679 ibi
561 4639 616 4680 non
634 4629 814 4685 remanebunt
826 4645 890 4701 per·
939 4642 1049 4692 monuo
1064 4637 1091 4682 0²
1105 4627 1198 4698 podes,
1214 4644 1246 4684 ³⁰
1275 4629 1347 4684 lalus
1366 4628 1395 4684 5¹1
1423 4644 1506 4686 “¹¹⁰⁸
1527 4627 1667 4687 Ῑθῧθΐΰΰῑ·
1683 4630 1738 4688 Sed

94 4713 156 4759 cata
170 4704 314 4776 impunita,
329 4709 394 4778 quis
412 4709 471 4782 ipsu
484 4712 644 4784 poeuiteutiu
659 4714 732 4773 dicta
744 4727 890 4790 estapoe·
938 4715 1024 4773 llario
1049 4718 1209 4791 llagdalcna
1247 4736 1304 4776 non
1332 4721 1451 4778 errando
1479 4721 1601 4789 errarit,
1624 4721 1737 4793 quando

80 4792 149 4860 nis,
172 4794 215 4850 uel
241 4811 257 4851 a
279 4798 429 4867 puniendo,
455 4802 536 4871 quusi
559 4805 720 4874 punitentia,
744 4817 887 4881 pmpterea
938 4806 1080 4865 Christum
1096 4811 1122 4865 in
1137 4812 1216 4866 lrorto
1240 4812 1338 4868 uidens
1370 4812 1549 4870 hortulanum
1572 4828 1635 4871 esse
1658 4814 1736 4872 illum

92 4885 168 4955 qued
186 4885 248 4957 igne
268 4887 373 4947 doloris
394 4892 474 4961 punit
494 4902 522 4950 et
541 4895 631 4951 esurit
652 4907 780 4968 peccator
803 4901 886 4973 ligne,
937 4901 1105 4957 existimauit
1118 4900 1208 4974 (toan.
1226 4920 1272 4971 rr,
1287 4904 1344 4976 15).
1358 4904 1417 4962 Nisi
1444 4905 1518 4962 enim
1535 4907 1656 4978 prudens
1670 4910 1736 4965 lor-

93 4973 199 5044 iennm,
211 4976 352 5048 stipulam,
374 4980 401 5038 id
418 4990 461 5039 est
477 4993 549 5054 acta,
569 4986 699 5060 cogitatu,
714 4990 885 5059 dictu,uitie.
937 4994 1050 5051 tubuas
1079 4993 1186 5062 luisset,
1199 4993 1320 5054 lossores
1335 4998 1405 5058 istos
1435 5015 1492 5057 non
1516 4999 1674 5058 admisisset
1699 5000 1735 5057 ad

93 5064 181 5124 'l'otus
195 5068 270 5125 enim
288 5072 357 5129 ordo
368 5073 534 5144 iudiciarios
550 5078 642 5150 agitur
651 5079 679 5135 in
694 5081 777 5137 corde
797 5083 887 5152 poerri·
936 5086 1094 5144 fodiendam
1108 5095 1211 5143 terrum
1224 5087 1268 5147 sui
1281 5092 1416 5163 eorporis,
1428 5107 1499 5162 quos
1512 5090 1574 5146 ideo
1587 5091 1616 5145 in
1628 5105 1658 5147 sc
1667 5104 1732 5161 per·

93 5159 187 5228 tentis,
202 5160 248 5216 ubi
260 5165 429 5222 conscientia
446 5168 577 5242 inculpat,
596 5172 667 5228 ratio
676 5172 791 5244 judicet,
804 5175 887 5232 timor
935 5179 1014 5237 misit
1040 5178 1143 5252 rodere,
1160 5183 1227 5255 tpria
1245 5183 1322 5240 norit
1344 5182 1403 5254 ipso
1427 5181 1601 5246 hortulanus,
1611 5187 1734 5249 quantus

91 5249 168 5324 ligat,
184 5253 264 5311 dolor
276 5258 427 5329 excruciat,
450 5262 564 5335 suisque
577 5265 773 5336 punctionibus
786 5277 813 5323 et
826 5269 886 5324 uul-
935 5270 970 5329 de
983 5272 1030 5331 illu
1044 5270 1166 5332 fossione
1179 5283 1362 5346 proventurus
1372 5282 1446 5329 esset
1459 5272 1576 5340 lructus,
1587 5270 1732 5342 qualisque

92 5344 282 5406 necationibos
300 5353 381 5423 quasi
395 5356 542 5426 quemdam
564 5358 726 5429 sanguinem
747 5359 885 5418 interioris
935 5362 998 5425 lons
1012 5367 1047 5423 dc
1059 5368 1144 5424 latere
1171 5366 1258 5438 ipsius
1280 5365 1357 5423 losso
1370 5375 1443 5423 essct
1472 5377 1663 5436 processurus.
1676 5361 1732 5436 lpi-

91 5435 213 5498 bominis
233 5444 356 5514 periculo
376 5447 478 5508 emittit
501 5449 648 5542 lacrpmm,
671 5452 775 5528 ubsque
799 5453 884 5512 dubio
934 5467 981 5517 tur
991 5474 1046 5516 non
1057 5459 1147 5520 solum
1155 5457 1296 5517 uenando
1313 5472 1392 5517 suam
1407 5457 1577 5530 passionem,
1590 5455 1639 5514 sed
1650 5463 1677 5513 et
1688 5454 1729 5520 tl·

125 5614 183 5702 (st)
202 5613 241 5688 nn¹
254 5617 321 5691 eor,
