3817 6000
208 145 351 205 {2515

808 145 1362 205 costati-:Nuntust
1401 148 1467 203 ΙΝ
1504 149 1843 210 Pssmtos.
1882 184 1952 197 —
1985 153 2168 211 PARS
2199 154 2264 213 tt.
2288 186 2359 198 —-
2397 156 2594 214 PSAL.
2629 156 2842 216 xxvn.

208 270 362 317 ctutn
395 257 628 315 timbriae
658 258 856 315 mulier
878 269 1126 317 sanatam
1156 259 1225 316 de
1255 261 1523 333 profluvio
1552 265 1780 337 sangui·-
1808 271 1857 331 A
1881 267 2113 325 ulterius
2141 283 2250 326 non
2284 270 2703 342 reaedificentur,
2735 274 2877 330 sicut
2905 276 3180 347 quondam
3211 296 3306 353 per
3342 284 3449 343 Ba÷

210 353 299 409 nis
339 350 642 407 Ecclesiam
668 366 734 407 ex
766 347 1020 424 gentibus
1041 352 1313 425 significat
1336 370 1369 410 a
1390 357 1645 415 sordibus
1665 358 1786 415 ido-

212 442 443 500 lolatriae
475 440 733 498 Sanatam
782 459 880 515 per
907 444 1302 502 incarnationis
1336 445 1630 505 Dominicae
1648 466 1788 522 prte-

210 535 512 590 dicatorem
560 532 870 603 apostolum
915 533 1172 602 Paulum,
1204 535 1302 608 qui
1354 551 1415 593 se
1461 537 1622 610 quasi
1663 538 1787 594 tim-

211 626 387 680 briam
417 624 617 681 latetur
647 626 925 680 minimum
946 627 1341 698 Apostolorum,
1371 644 1497 686 cum
1539 630 1653 687 sint
1680 630 1788 702 ipsi

209 716 457 788 Apostoli
504 716 662 787 quasi
722 715 941 773 Domini
986 719 1373 777 vestimentum
1398 762 1414 791 ,
1472 723 1562 778 cui
1620 721 1788 780 vesti-

210 820 398 866 mento
429 812 711 881 apostolus
735 809 940 867 Paulus
956 811 1272 870 aestimasse
1292 813 1450 885 quasi
1470 816 1785 886 appenden-

213 911 323 960 tem
362 900 632 956 (imbriam
661 916 886 972 parvam
910 902 1100 960 dicens
1125 922 1139 959 ε
1174 901 1288 976 qu
1307 906 1444 959 enim
1482 922 1599 960 sum
1627 906 1787 961 mini-

210 1009 329 1047 mus
356 991 750 1062 Apostolorum,
787 992 880 1064 qui
916 1009 1019 1048 non
1049 1010 1169 1048 sum
1213 995 1404 1066 dignus
1436 996 1615 1050 uocari
1659 1010 1786 1065 upo-

211 1083 382 1140 stotus
416 1083 464 1154 (1
492 1080 616 1139 Cor.
650 1099 741 1152 xv,
774 1083 851 1155 9).
880 1082 986 1151 Qui
1015 1085 1095 1141 sic
1122 1088 1351 1158 mystice
1374 1087 1645 1159 intelligit,
1670 1088 1786 1158 ipse

213 1190 323 1230 non
363 1174 539 1230 solum
575 1174 826 1246 intelligit
865 1191 1024 1246 opera
1060 1175 1299 1245 Domini,
1352 1177 1445 1233 sed
1498 1178 1661 1233 etiam
1695 1178 1782 1233 in-

211 1267 404 1338 telligit
423 1267 480 1320 in
519 1283 677 1337 opera
703 1265 943 1337 Domini,
974 1268 1029 1324 id
1054 1279 1157 1337 est,
1182 1269 1236 1324 in
1255 1270 1515 1341 operibus
1550 1272 1785 1327 exterio-

213 1358 370 1414 ribus
400 1358 664 1415 interiora
711 1375 868 1429 opera
892 1358 1129 1427 Domini,
1157 1376 1280 1431 quae
1317 1369 1449 1417 sunt
1476 1377 1634 1433 opera
1667 1378 1784 1417 mu·

211 1465 375 1504 nuum
402 1449 538 1520 ejus,
565 1450 692 1521 quia
723 1450 808 1507 his
847 1450 1196 1523 perficiendis
1234 1452 1502 1524 impendit
1536 1468 1596 1509 se
1639 1454 1784 1510 dilli-

212 1544 427 1614 gentius
455 1545 612 1616 quasi
644 1545 879 1616 propriis
932 1544 1049 1602 suis
1078 1546 1352 1602 manibus.
1380 1544 1517 1601 Nam
1562 1547 1666 1603 ista
1704 1547 1783 1605 vi·

212 1638 391 1695 sibilia
422 1648 477 1694 et
501 1639 779 1695 exteriora
811 1638 1099 1708 miracula,
1131 1639 1334 1711 quibus
1364 1639 1619 1697 Ecclesiae
1648 1642 1779 1696 bor·
1809 1618 1853 1674 B

213 1743 301 1789 tus
335 1734 611 1804 plantatur
667 1741 722 1789 et
755 1733 985 1805 rigatur,
1032 1733 1197 1789 etiam
1243 1748 1338 1805 per
1388 1750 1588 1790 manus
1621 1734 1784 1789 mini-

211 1835 450 1881 strorum
475 1834 530 1881 et
552 1840 841 1881 servorum
890 1823 1022 1880 iacit
1062 1822 1360 1892 Dominus;
1391 1826 1484 1881 sed
1524 1825 1619 1881 illa
1648 1825 1785 1882 inte-

212 1919 359 1974 riora
412 1917 696 1986 miracula,
742 1917 943 1989 quibus
1002 1916 1398 1974 incrementum
1447 1918 1626 1984 datur,
1670 1932 1784 1973 non

212 2012 321 2067 nisi
351 2027 445 2083 per
474 2027 533 2068 se
582 2011 761 2082 ipsum
817 2010 935 2068 suis
990 2010 1249 2067 manibus
1297 2019 1576 2081 operatur.
1629 2006 1785 2066 Unde

210 2102 511 2175 Apostolus
544 2121 558 2158 :
607 2101 739 2174 Eyo,
793 2102 994 2174 inquit,
1026 2101 1290 2173 plantavi,
1324 2100 1517 2172 Apollo
1569 2100 1782 2172 rigavit,

216 2195 354 2249 Deus
384 2207 563 2251 autem
615 2195 993 2250 incrementum
1029 2193 1174 2249 dedit
1215 2192 1268 2265 (1
1306 2192 1431 2250 Cor.
1460 2208 1545 2260 nt,
1571 2192 1648 2264 6).
1680 2191 1785 2248 Per

210 2287 305 2341 illa
337 2284 610 2341 exteriora
642 2285 905 2341 sanctitas
929 2284 1206 2339 interdum
1236 2283 1620 2341 manifestatur
1645 2301 1660 2338 t
1689 2299 1786 2355 per

213 2377 317 2433 ista
340 2375 612 2431 exteriora
644 2375 911 2430 sanctitas
933 2374 1245 2444 inchoatur,
1272 2375 1709 2431 incrementatur
1731 2385 1787 2432 et

210 2477 647 2525 consummatur.
681 2466 807 2523 Haec
844 2476 974 2523 sunt
1020 2468 1280 2525 interiora
1324 2485 1482 2539 opera
1531 2485 1786 2523 manuum

211 2559 452 2627 Domini,
484 2574 606 2630 quae
644 2558 805 2630 longe
845 2559 1283 2629 superexcedunt
1319 2574 1427 2614 non
1467 2560 1646 2615 solum
1683 2560 1785 2614 bu-

210 2667 454 2719 manam,
483 2651 577 2707 sed
619 2651 783 2705 etiam
806 2650 1108 2723 angelicam
1141 2650 1577 2722 possibilitatem,
1602 2660 1655 2705 et
1676 2665 1785 2707 non

214 2747 495 2817 pertinent
538 2744 644 2800 nisi
697 2744 765 2799 ad
813 2744 1127 2818 Agricolam
1176 2743 1520 2801 Trinitatem.
1567 2743 1626 2805 ln
1675 2744 1787 2799 laeoec

210 2853 371 2907 opera
396 2854 647 2892 maranum
676 2836 891 2891 Domini
931 2851 1027 2907 per
1052 2837 1290 2893 visibilia
1318 2853 1480 2907 opera
1520 2853 1629 2898 non
1655 2853 1787 2895 suos

1887 358 2132 431 bylonios
2152 360 2408 415 destructi
2430 374 2549 433 post
2565 363 2903 433 septuaginta
2920 380 3094 426 annos
3109 368 3302 427 iterum
3325 384 3482 429 sunt-2

1886 450 2215 507 reaedilicati.
2241 449 2362 507 Non
2387 452 2458 508 ita
2505 468 2653 509 nune
2685 454 2775 511 liet
2822 455 2928 514 illis
2974 467 3099 529 post
3133 460 3292 519 linem
3324 465 3485 521 belii.-¹

1885 544 2138 615 Romani,
2166 557 2369 604 statuta
2404 551 2671 607 desolatio
2693 566 2803 607 non
2843 552 2983 609 sinet
3010 569 3106 633 eos
3137 557 3482 616 reaediticari·

1885 637 1954 698 ad
1985 638 2192 695 cultum
2219 636 2510 723 {udaismn
2535 656 2602 696 ne
2645 640 2783 698 sorte
2808 642 2914 700 illis
2938 644 2993 701 in
3027 644 3153 703 loco
3177 658 3365 706 sancto
3393 650 3451 708 in
3471 674 3486 687 ··

1882 724 2184 786 Jerusalem
2224 728 2633 799 iudaizantibus
2663 730 2989 804 impediatur
3021 734 3452 798 Christianitatis

1884 818 2075 890 religio
2103 819 2307 876 munda
2329 829 2384 878 et
2411 821 2779 891 immaculata,
2816 826 2883 881 ad
2915 842 3080 899 quam
3106 829 3348 902 reliquiae
3387 831 3452 887 il-

1884 907 2064 964 lorum
2112 918 2241 965 sunt
2268 912 2644 969 convertendae
2670 913 2825 986 juxta
2877 916 3194 977 vaticinium
3250 918 3403 976 Isaiae
3433 938 3486 977 :2

1884 1000 1988 1072 ipsi
2029 1017 2177 1070 vero,
2208 1005 2304 1075 qui
2333 1016 2712 1075 permanentes
2735 1007 2973 1068 indurati
2999 1026 3109 1068 non
3138 1022 3453 1070 converten-

1885 1104 1997 1159 tur,
2027 1093 2082 1150 in
2114 1094 2486 1161 destructione
2535 1113 2600 1153 ac
2643 1098 2981 1157 desolatione
3011 1102 3447 1172 permanebunt;

1882 1184 2010 1255 quia
2038 1193 2089 1239 et
2116 1184 2170 1240 in
2197 1183 2300 1241 hac
2331 1185 2439 1241 vita
2469 1188 2750 1254 tradentur
2778 1205 2965 1245 manus
2994 1191 3050 1250 in
3071 1192 3241 1263 aladii
3269 1193 3474 1264 (Psak-

1882 1291 2017 1343 un,
2037 1274 2126 1346 tt)
2150 1274 2404 1344 Romani,
2421 1285 2476 1333 et
2494 1287 2620 1349 post
2643 1279 2785 1340 banc
2805 1279 2970 1336 vitam
2993 1283 3450 1355 partesvulpium,
3466 1330 3485 1342 .

1884 1366 1941 1422 id
1962 1376 2067 1435 est,
2096 1367 2463 1439 malignorum
2495 1369 2785 1440 spirituum
2815 1381 2988 1429 erunt.
3032 1371 3131 1431 Vel
3179 1376 3453 1439 tradentur

1881 1459 1939 1513 in
1962 1474 2150 1513 manus
2199 1458 2369 1532 gladii
2394 1460 2460 1517 de
2485 1476 2714 1532 corpore
2736 1461 2985 1526 videlicet
3018 1465 3450 1537 patriarcharum

1880 1546 2074 1614 decisi,
2102 1556 2157 1604 et
2177 1557 2332 1603 erunt
2354 1560 2531 1620 partes
2553 1549 2807 1621 vulpium,
2838 1550 2891 1608 id
2935 1561 3039 1619 est,
3087 1554 3479 1624 malignorum=

1883 1639 2213 1711 principum,
2246 1638 2490 1710 qualium
2551 1656 2696 1697 unus
2750 1639 2856 1696 suit
2908 1638 3173 1711 llerodeS,
3224 1644 3291 1701 de
3341 1661 3452 1717 quo

1882 1732 1994 1789 dixi
2025 1751 2038 1787 ε
2067 1731 2169 1810 Ite,
2195 1731 2355 1788 dicite
2388 1732 2531 1805 vulpi
2553 1732 2635 1789 illi
2659 1749 2678 1787 .-
2701 1734 2830 1805 quia
2862 1751 2967 1788 non
2984 1736 3127 1805 capit
3148 1738 3471 1807 prophetam

1881 1823 2051 1894 perire
2075 1832 2227 1878 extra
2252 1822 2554 1879 Ierusalem
2576 1823 2729 1896 (Luc.
2764 1841 2884 1894 xm,
2910 1826 2980 1881 52
3011 1835 3065 1882 et
3092 1828 3205 1898 55).
3234 1826 3339 1884 Per
3367 1839 3459 1886 ta·

1880 1912 1963 1972 les
1981 1913 2170 1984 vulpes
2207 1915 2443 1969 destrues
2465 1914 2609 1984 illos,
2630 1916 2759 1987 quia
2789 1931 2888 1988 per
2929 1916 3208 1974 Romanos
3246 1918 3453 1990 princi·

1883 2020 1980 2078 pes
2028 2007 2230 2077 captivi
2271 2007 2539 2063 ducentur
2573 2008 2626 2063 in
2659 2024 2852 2066 omnes
2882 2018 3091 2081 gentes,
3127 2026 3304 2082 neque
3346 2028 3455 2067 un-

1883 2112 2048 2169 quam
2099 2098 2439 2159 rebabebunt
2490 2099 2788 2168 civitatem,
2817 2111 2868 2157 et
2899 2102 3158 2172 templum
3203 2102 3270 2158 ad
3298 2118 3454 2159 exer-

1884 2191 2116 2246 cendum
2153 2190 2515 2262 judaismum,
2571 2193 2654 2248 vel
2709 2203 3033 2253 consuetum
3085 2194 3454 2262 latrocinium,

1884 2295 1994 2351 quo
2021 2281 2243 2337 domum
2266 2297 2443 2338 meam
2471 2282 2717 2341 fecerunt
2744 2285 3057 2357 speluncam
3086 2286 3380 2342 latronum.

1957 2370 2125 2428 Vens.
2156 2374 2209 2427 6.
2238 2373 2550 2429 Benedictus
2598 2374 2878 2445 Dominus,
2901 2378 3150 2449 quoniam
3186 2378 3458 2434 exaudivit

1885 2480 2059 2518 vocem
2095 2455 2479 2535 deprecationis
2505 2482 2653 2521 meoe.
2699 2465 2832 2523 Post
2873 2467 3153 2524 orationes
3189 2477 3335 2524 recte
3360 2483 3453 2524 se-

1885 2554 2076 2625 quitur
2097 2555 2397 2624 gratiarum
2428 2556 2593 2624 actio,
2620 2559 2855 2614 maxime
2880 2557 2971 2614 ubi
2998 2570 3147 2615 certa
3174 2568 3259 2616 est
3284 2575 3456 2615 exau·

1884 2647 2040 2703 ditio.
2066 2645 2132 2703 Et
2160 2662 2262 2719 ego
2295 2646 2469 2705 Filius
2498 2647 2595 2706 Dei
2619 2650 2932 2722 unigenitus
2974 2649 3113 2706 hene
3155 2652 3270 2707 seio
3311 2651 3457 2723 quod

1884 2736 2047 2794 Pater
2076 2754 2232 2794 meus
2252 2753 2338 2795 me
2357 2754 2574 2811 semper
2600 2740 2773 2808 audit,
2797 2750 2853 2797 et
2876 2741 3119 2803 exaudit,
3145 2740 3266 2798 ideo
3288 2757 3458 2797 exau-

1885 2830 2034 2887 ditus
2060 2829 2116 2885 in
2157 2845 2277 2886 mea
2306 2831 2576 2899 oratione,
2605 2848 2769 2906 quam
2795 2848 2903 2888 non
2927 2850 2995 2889 ex
3019 2833 3335 2902 diffidentia,
3361 2835 3453 2889 sed

211 2930 525 2985 intellectus
575 2928 949 2997 intenderunt,
992 2928 1085 3000 qui
1132 2941 1222 2985 me
1272 2927 1553 2986 Christum
1597 2928 1783 2986 Jesum
1813 2960 1855 3017 C
1887 2939 1954 2980 ex
1982 2933 2130 2980 certa
2154 2923 2466 2981 futurorum
2491 2924 2832 2997 praescientia
2879 2924 2995 2981 sudi
3024 2927 3323 2981 secundum
3356 2926 3457 2981 bu-

210 3030 556 3094 operatorem
588 3020 778 3075 talium
829 3036 1054 3092 operum
1093 3021 1434 3089 occiderunt,
1474 3028 1530 3077 et
1559 3035 1646 3077 me
1686 3036 1784 3077 oc-

212 3116 354 3184 ciso,
386 3130 452 3171 ac
482 3112 547 3169 de
576 3122 754 3171 morte
779 3114 1105 3170 resuscitato
1126 3113 1427 3186 discipulos
1454 3113 1643 3168 talium
1665 3129 1790 3186 ope·

214 3221 342 3262 rum
371 3220 623 3264 meorum
669 3205 1051 3262 testificatores
1082 3213 1137 3261 et
1175 3206 1561 3276 praedicatores
1598 3221 1788 3277 perse-

214 3298 330 3355 cuti
357 3305 508 3353 sunt.

285 3386 498 3443 Habent
524 3403 700 3458 usque
722 3387 775 3442 in
809 3387 969 3443 linem
1000 3387 1185 3443 saeculi
1218 3386 1435 3457 utrique
1479 3401 1613 3442 suos
1659 3401 1790 3443 suc·

215 3496 500 3546 cessores,
553 3481 804 3537 videlicet
844 3489 955 3536 tam
1006 3478 1180 3534 «ludaei
1218 3495 1443 3551 operum
1476 3479 1791 3535 divinorum

218 3583 531 3645 negatoreS,
552 3590 718 3645 quam
752 3573 997 3644 Apostoli
1026 3572 1346 3631 eorumdem
1391 3588 1621 3644 operum
1650 3588 1793 3644 prae-

220 3664 491 3721 dicatores
513 3673 567 3719 et
604 3664 936 3732 laudatores,
980 3675 1035 3720 et
1074 3663 1153 3718 illi
1195 3664 1329 3722 istos
1364 3672 1789 3735 persequuntur,

220 3757 349 3827 quia
383 3756 486 3812 sibi
516 3756 746 3812 invicem
765 3756 1142 3813 adversantur.
1168 3755 1281 3813 illis
1310 3757 1551 3815 inimicis
1572 3765 1627 3813 et
1660 3771 1793 3814 con-

225 3847 619 3904 tradictoribus
645 3863 869 3918 operum
899 3845 1139 3915 Domini,
1167 3847 1462 3919 primitivis
1502 3847 1793 3919 primitivte

221 3937 485 3996 Ecclesiae
533 3940 999 4011 persecutoribuS,
1040 3954 1151 3996 non
1182 3938 1363 3997 solum
1417 3939 1712 3996 daemones·
1740 3946 1795 3995 et

223 4032 450 4103 maligni
508 4032 784 4100 homineS,
833 4048 1023 4088 verum
1083 4031 1248 4086 etiam
1305 4031 1556 4087 carnales
1611 4038 1794 4088 motus

223 4132 720 4189 connumerantur;
759 4123 886 4194 quia
923 4122 980 4177 hi
1031 4122 1236 4193 pariter
1274 4122 1535 4192 operibus
1577 4120 1796 4177 Domini

224 4213 605 4268 adversantur.
630 4211 712 4268 Tu
740 4228 870 4285 ergo
901 4211 1043 4269 Deus
1065 4212 1234 4283 judex
1266 4202 1440 4284 juste,
1469 4212 1705 4267 destrues
1728 4211 1795 4267 it-

1886 3016 2227 3084 manitatem,
2257 3025 2311 3072 et
2337 3032 2462 3073 cum
2482 3016 2643 3074 Patre
2670 3017 2878 3089 audivi,
2907 3027 2963 3075 et
2991 3019 3241 3076 exaudivi
3268 3035 3459 3075 secun-

1886 3109 2016 3164 dum
2045 3108 2409 3164 Divinitatrna.
2445 3109 2597 3165 Nunc
2642 3129 2770 3181 crgo
2794 3129 2954 3165 inrue
2982 3110 3148 3165 homo
3182 3126 3314 3166 vero
3345 3110 3457 3166 Deo

1887 3200 2035 3257 Patri
2057 3201 2259 3273 gratias
2281 3217 2381 3269 :ign
2413 3213 2465 3257 et
2489 3205 2609 3257 itinn
2638 3221 2650 3257 1
2686 3201 2992 3258 iterus-sinsus
3021 3201 3299 3270 Dominus,
3324 3216 3457 3274 quo·

1889 3295 2035 3349 nium
2081 3293 2349 3348 exaudit-it
2401 3313 2565 3346 rnrrm
2613 3297 2993 3366 stagnea-risimus
3033 3311 3179 3350 meoe.
3217 3292 3349 3362 Quae
3388 3292 3461 3348 sit

1890 3385 2193 3441 differentia
2224 3383 2642 3450 heistulfi-lisinis,
2670 3402 2774 3454 qun
2821 3390 2980 3438 lnnnn
3030 3384 3197 3441 Deum
3227 3384 3460 3439 laudans

1890 3476 2184 3543 benedicit,
2209 3485 2264 3532 et
2317 3478 2457 3530 Ili-ns
2489 3482 2762 3532 lnnnitwm
2814 3482 3028 3534 sulm-ms
3077 3476 3369 3543 benedicit,
3401 3476 3455 3531 in

1892 3569 2002 3623 alio
2032 3568 2243 3638 psalmo
2287 3567 2492 3624 dictum
2546 3577 2649 3625 est.
2684 3569 2790 3625 Sed
2817 3571 2946 3640 quia
2990 3569 3079 3625 hic
3120 3569 3286 3625 homo
3314 3566 3458 3624 Deus

1891 3655 1988 3710 Dei
2016 3653 2190 3710 Filius
2205 3653 2423 3709 Patrem
2446 3653 2736 3711 benedicit.
2772 3654 3036 3726 Speeialis
3056 3657 3261 3711 cstista
3294 3652 3462 3709 hene-

1891 3745 2061 3802 dictio
2103 3744 2412 3815 specialiter
2467 3743 2798 3801 conveniens
2859 3745 2989 3801 huic
3043 3743 3211 3800 David
3236 3786 3252 3811 ,
3302 3741 3461 3813 cujus

1893 3838 2100 3894 mentio
2129 3835 2233 3891 suit
2260 3836 2317 3891 in
2345 3836 2503 3892 titulo
2541 3837 2759 3907 psalmi.
2783 3835 2880 3893 Est
2915 3851 3044 3907 ergo
3069 3836 3157 3891 bic
3181 3850 3376 3891 sensus
3403 3833 3459 3888 in

1894 3930 1998 3986 boc
2023 3929 2257 4001 psalmo,
2291 3928 2386 4002 qui
2417 3938 2469 3985 et
2495 3929 2551 3983 in
2605 3927 2920 4001 Evangelio,
2952 3930 3041 3984 ubi
3067 3927 3198 3984 dicit
3220 3927 3309 3982 bic
3354 3924 3461 3982 Da-

1892 4021 1985 4077 vid
2021 4040 2039 4076 2
2083 4020 2272 4089 Pater,
2302 4019 2542 4090 clarifica
2583 4017 2790 4074 Filium
2830 4028 3000 4087 tuum,
3031 4028 3090 4073 ut
3132 4017 3306 4072 Filius
3339 4025 3460 4071 tuus

1894 4115 2153 4186 clarificet
2176 4123 2224 4170 te
2253 4112 2435 4186 (loun.
2463 4130 2598 4183 xvn,
2635 4112 2711 4186 1).
2739 4111 2845 4170 Sed
2876 4128 2976 4185 ego
3002 4110 3173 4168 Filius
3214 4125 3304 4166 me
3345 4110 3463 4167 scio

1893 4209 2209 4265 exauditum
2241 4216 2423 4278 atque,
2465 4216 2523 4261 ut
2548 4207 2720 4271 oravi,
2751 4222 2848 4278 per
2887 4203 3307 4263 resurrectionis
3343 4203 3461 4272 glo-

224 4303 327 4372 !os,
351 4313 401 4358 et
428 4320 529 4358 non
568 4303 857 4374 (edificabis
883 4319 991 4371 eos,
1024 4303 1083 4360 Si
1128 4304 1366 4359 dicerem
1397 4303 1607 4358 destrue
1636 4302 1788 4371 illos,
1819 4306 1868 4366 D
1892 4302 2033 4358 riam
2063 4308 2212 4357 tanta
2236 4300 2407 4372 gloria
2443 4298 2752 4355 Divinitatis
2790 4297 3226 4362 clarificandum,
3266 4305 3326 4351 ut
3354 4313 3461 4351 non

225 4406 274 4452 et
304 4412 408 4450 non
427 4396 635 4466 aedifica
649 4395 792 4463 illos,
806 4404 1047 4467 poteram
1065 4396 1237 4452 videri
1261 4400 1378 4453 haeo
1402 4396 1583 4452 dicere
1602 4404 1795 4467 optan-

228 4490 300 4545 tis
330 4500 478 4554 voto,
504 4498 558 4545 et
582 4489 792 4547 orantis
819 4489 1116 4545 desiderio.
1151 4486 1309 4545 Nunc
1338 4497 1519 4544 autem
1550 4503 1657 4543 non
1681 4496 1792 4542 tam

229 4596 349 4645 oro,
378 4580 462 4635 vel
487 4590 635 4650 opto.
656 4595 820 4651 quam
839 4580 1074 4651 praedico
1102 4580 1395 4635 enuntians
1424 4594 1662 4648 poenam,
1688 4593 1794 4649 qua

230 4670 378 4743 digni
402 4680 551 4740 sunt,
582 4680 638 4727 et
671 4670 795 4738 dico
821 4689 834 4726 :
868 4670 1116 4725 Destrues
1130 4668 1273 4736 illos,
1301 4678 1351 4724 et
1378 4685 1480 4723 non
1506 4668 1795 4738 aedificabis

227 4779 335 4819 eos.
372 4762 487 4819 lloc
523 4763 745 4835 dignum
771 4772 825 4819 et
841 4763 1053 4835 justum
1085 4771 1170 4818 est
1196 4777 1263 4816 ex
1291 4777 1423 4816 vero
1444 4761 1689 4818 veritatis
1709 4761 1798 4833 ju·

228 4852 396 4922 dicio,
420 4860 481 4908 ut
520 4853 650 4923 quia
678 4853 783 4924 ipsi
822 4852 1079 4923 templum
1111 4850 1362 4921 corporis
1390 4851 1499 4917 mei
1524 4865 1619 4922 per
1645 4867 1793 4906 mor·

226 4951 339 5003 tem
377 4946 647 5003 solventes
672 4945 1079 5013 destruxerunt,
1110 4952 1167 5000 et
1190 4941 1322 4998 illud
1344 4941 1397 4997 in
1433 4941 1631 5010 tridu0,
1660 4943 1799 4998 sicut

228 5039 611 5113 praedixeram,
642 5038 960 5096 reaedilicari
978 5052 1140 5110 posse
1156 5051 1265 5093 non
1299 5033 1664 5100 crediderunt,
1689 5034 1800 5089 imo

230 5131 576 5202 quantumin
614 5131 749 5202 ipsis
785 5129 907 5199 suit,
935 5129 1056 5201 eius
1077 5126 1546 5185 reaedificationem
1566 5126 1678 5198 jam
1719 5124 1801 5180 sa-

231 5235 378 5282 etam
422 5224 570 5282 credi
609 5224 991 5280 dissuaserunt
1028 5232 1274 5279 ementes
1299 5237 1329 5276 a
1354 5219 1621 5276 militibus
1649 5235 1804 5274 men-

232 5317 474 5386 dacium,
511 5326 568 5373 ut
596 5317 859 5385 dicerent,
889 5333 977 5373 me
1027 5333 1056 5372 a
1088 5315 1372 5388 discipulis
1416 5313 1603 5369 furtim
1648 5313 1801 5368 abla-

235 5417 373 5477 tum,
405 5425 473 5465 ne
502 5409 627 5480 quis
656 5410 900 5465 crederet
948 5408 1212 5480 templum
1245 5407 1489 5479 corporis
1529 5406 1635 5462 mei
1667 5421 1804 5462 reae-

235 5501 514 5564 dillcatum
542 5508 638 5556 :ct
680 5499 783 5572 ipsi
813 5500 894 5556 sic
922 5501 1275 5556 destruantur
1304 5515 1401 5571 per
1438 5498 1715 5555 Romanos
1751 5505 1806 5554 et

238 5594 516 5650 daemones
566 5607 798 5663 corpora
850 5601 904 5649 et
939 5593 1151 5650 animas
1197 5607 1387 5650 eorum
1419 5598 1719 5659 vastatum,
1745 5600 1802 5646 ut

1894 4391 2163 4449 assimiler
2189 4391 2616 4448 descendentibus
2640 4387 2914 4454 inlocum,
2946 4388 3040 4445 sed
3069 4387 3253 4460 potius
3275 4386 3468 4442 viden-

1895 4479 2042 4535 tibus
2067 4478 2348 4550 discipulis
2378 4478 2433 4533 in
2456 4492 2653 4548 magna
2686 4477 2931 4533 claritate
2961 4475 3252 4532 ascendam
3277 4474 3332 4528 in
3362 4473 3468 4528 cte·

1894 4571 2008 4626 lum
2033 4580 2359 4640 regnaturus
2388 4569 2443 4622 in
2487 4578 2770 4635 aeternum,
2811 4576 2866 4624 et
2893 4582 3122 4639 regnum
3155 4582 3336 4622 meum
3361 4566 3466 4621 crit

1897 4662 2265 4729 benedictum,
2297 4661 2597 4717 secundum
2655 4659 2801 4730 quod
2829 4675 2896 4714 ex
2944 4675 3038 4714 ore
3078 4657 3388 4723 infantium,
3412 4667 3467 4713 et

1896 4755 2212 4810 lactentium
2234 4751 2470 4824 perfecte
2492 4766 2580 4806 me
2599 4750 2936 4806 laudantium
2962 4751 3166 4806 dictum
3202 4760 3283 4806 est
3311 4769 3327 4806 ι
3367 4747 3469 4804 Be-

1898 4846 2137 4901 nedictus
2166 4844 2256 4914 qui
2277 4844 2493 4898 venitin
2531 4844 2739 4898 nomine
2763 4841 3005 4911 Domini,
3030 4852 3081 4907 et
3120 4841 3466 4909 benedictum,

1897 4938 2037 5012 quod
2066 4938 2202 4992 venit
2230 4946 2448 5010 req'num
2478 4936 2659 4992 Pulsis
2704 4938 2875 4992 nostri
2894 4936 3068 4992 David
3111 4936 3306 5010 (Marc.
3334 4953 3410 5003 xt,
3433 4936 3469 4991 9

1897 5038 1954 5086 et
1983 5028 2093 5101 to).
2120 5027 2210 5085 Sic
2240 5044 2340 5100 ego
2369 5028 2701 5085 clarificatus
2731 5039 2784 5085 et
2811 5029 3131 5085 benedictus
3163 5045 3319 5084 versa
3351 5029 3468 5082 viee

1900 5120 2163 5186 clarifico,
2216 5128 2271 5176 et
2300 5120 2560 5178 benedico
2611 5120 2780 5177 Deum
2835 5118 3051 5175 Patrem
3076 5134 3281 5185 meum,
3328 5118 3469 5173 sieut

1900 5212 2038 5269 alias
2064 5212 2177 5269 dixi
2205 5231 2219 5268 ε
2257 5211 2425 5267 Pater
2453 5212 2694 5283 clarifica
2731 5210 2937 5266 Filium
2980 5220 3151 5278 tuum,
3181 5219 3238 5264 ut
3289 5208 3466 5264 Filius

1904 5313 2026 5360 tuus
2048 5304 2303 5376 clarificet
2326 5313 2374 5362 te
2414 5303 2599 5377 (Ioan.
2640 5320 2772 5372 xvn,
2809 5305 2884 5376 1).
2910 5301 3051 5358 Ecce
3095 5302 3207 5374 jam
3238 5301 3467 5359 exaudi-

1904 5406 2015 5467 tus,
2044 5408 2103 5455 et·
2143 5400 2209 5457 de
2268 5416 2390 5457 mea
2436 5397 2822 5455 clarificatione
2863 5393 3202 5451 certissimus
3251 5391 3472 5447 Patrem

1904 5491 2167 5558 clarifico,
2197 5502 2251 5548 et
2293 5490 2573 5557 benedico,
2620 5487 2909 5558 magnifico
2937 5495 2990 5541 et
3045 5484 3208 5540 lauclo
3237 5483 3425 5538 dicens
3451 5501 3471 5538 τ

1906 5582 2220 5641 Benedictus
2252 5584 2529 5650 Dominus,
2570 5581 2821 5654 quoniam
2871 5578 3137 5633 exaudirit
3184 5575 3461 5632 rocemdc·

3305 163 3569 230 1354·
