3817 6000
152 338 155 343 ’
189 306 258 368 titt
667 306 821 366 Guttuout
840 304 1034 365 uttAEuostTt
1055 304 1330 364 RElCHEDSPERG.
1754 307 1831 367 tzst

188 437 231 483 trs
242 426 364 497 floridus,
375 424 461 497 plotio
474 432 500 479 ct
514 425 611 479 lronore
636 433 789 492 coronatus,
808 434 833 480 et
847 425 979 479 constitu·
993 428 1016 484 Α
1031 439 1088 490 cus,
1104 438 1181 494 prtem
1194 440 1247 478 non
1271 423 1427 494 coprrouisti,
1446 424 1533 479 loono.
1550 425 1641 480 Adoro
1655 427 1684 479 in
1706 428 1827 496 stoiulo,

187 533 230 576 tus
242 536 320 591 super
335 534 414 589 opera
425 533 553 573 munuum
568 517 759 575 Plasmotoris.
782 516 869 589 dlapis
892 528 981 572 autem
1031 531 1106 586 puero
1117 513 1237 586 fupielos
1249 516 1276 570 in
1289 515 1427 586 paradiso.
1442 514 1553 571 Honora
1564 517 1733 588 presepirrsn,
1748 520 1829 590 eujus

187 610 219 664 olr
242 612 346 683 insipne
373 608 470 666 diuina
483 609 669 665 similitudinis
690 608 868 681 precellebat,
882 616 908 663 et
922 615 981 662 erat
1031 607 1213 676 contempsisti
1223 605 1373 677 imperium.
1393 604 1507 662 Comede
1519 607 1621 677 fenum,
1634 624 1712 677 poem
1727 626 1827 680 poneris

186 703 230 758 illi
259 719 316 758 sors
334 712 361 757 et
393 702 506 757 saculos
525 717 585 757 cum
603 700 676 772 plele
702 703 866 773 onpelorum,
881 709 907 754 ct
920 715 980 754 cunr
1030 708 1057 755 et
1080 715 1175 770 ponem
1197 699 1346 770 anpelienm
1371 699 1513 770 fastidisti.
1529 699 1581 756 Sed
1595 716 1828 773 pueramconso,

187 796 259 850 omni
272 794 369 850 militia
388 794 499 850 coelestis
511 796 651 851 coercitus.
1030 792 1129 862 inquis,
1145 798 1229 846 tantce
1240 790 1416 862 dejectionis?
1432 789 1558 862 Profecto
1578 792 1649 864 puod
1660 792 1749 861 loma,
1764 810 1829 850 coros

222 884 275 942 seo
291 887 496 942 mutauitistam
513 886 626 958 plasium
645 887 696 944 Dei
720 887 750 940 in
776 884 980 941 similitudinem
1030 885 1058 937 in
1070 882 1168 937 lsonore
1178 893 1257 951 esset,
1273 897 1326 937 nan
1337 882 1480 938 intellexit.
1496 883 1568 950 Quid
1592 899 1644 940 non
1665 884 1830 943 insultetur

187 977 265 1034 uituli
279 978 437 1034 comedentis
451 979 551 1049 fenum.
563 977 631 1034 lnde
640 989 689 1047 est,
702 976 772 1050 quod
784 977 861 1047 punis
872 974 981 1047 onpelo-
1032 972 1095 1028 Non
1105 974 1183 1039 dicit,
1195 990 1242 1029 nos
1256 975 1388 1030 dicantus.
1404 974 1512 1030 Positus
1527 976 1555 1029 io
1566 973 1663 1031 nonore
1673 993 1726 1032 non
1744 977 1830 1032 iutel-

187 1084 249 1124 rum
260 1069 349 1140 factus
358 1079 397 1125 est
410 1069 499 1140 fenum
509 1069 627 1140 positum
640 1071 668 1125 iu
681 1070 818 1140 praesepio,
830 1068 980 1139 oppositum
1030 1064 1107 1135 lecit,
1122 1068 1191 1139 puad
1213 1067 1293 1122 linrus
1318 1077 1396 1135 esset,
1418 1067 1525 1123 lionoris
1538 1068 1684 1124 delectatus
1701 1070 1826 1141 fostipio,

187 1160 263 1217 nolis
282 1171 408 1234 tanpuarn
422 1162 558 1229 iumentis.
574 1160 695 1219 veroum
721 1176 786 1219 euro
806 1159 909 1216 lactum
937 1167 981 1214 est
1029 1169 1056 1215 et
1069 1160 1194 1214 continuo
1207 1159 1234 1213 iu
1249 1175 1277 1214 se
1286 1168 1409 1230 expertus
1422 1160 1554 1231 est,puod
1570 1169 1644 1216 tanto
1668 1169 1729 1232 post
1753 1170 1827 1217 tem·

188 1252 281 1325 (loun.
297 1269 318 1321 1,
333 1252 389 1324 ll),
401 1263 425 1308 et
435 1252 517 1322 furto
531 1252 692 1324 Ptoplretam
705 1254 790 1307 omnis
800 1269 864 1307 coro
878 1252 978 1323 ferrum.
1029 1267 1092 1323 pore
1104 1252 1182 1305 loono
1195 1251 1227 1306 de
1240 1251 1307 1321 filiis
1322 1252 1485 1323 captiuitatis
1496 1261 1521 1306 et
1542 1251 1686 1322 prudenter
1696 1252 1824 1318 aduertit,

187 1346 223 1399 m
240 1344 330 1414 fenum
342 1343 414 1398 istud
428 1344 536 1399 minime
548 1344 710 1401 desiccatum
721 1354 771 1411 cst,
785 1360 831 1398 nec
843 1358 876 1399 eo
891 1359 922 1398 co
937 1359 980 1397 ce·
1029 1355 1054 1400 et
1064 1345 1192 1400 ueraciter
1201 1344 1312 1416 protulit
1323 1345 1413 1399 dicens
1425 1360 1434 1398 .·
1444 1342 1497 1411 Qui
1510 1358 1540 1401 se
1549 1353 1626 1415 putat
1637 1343 1740 1417 aliquid
1749 1360 1825 1415 usse,

188 1437 254 1492 cidit
269 1437 335 1506 fos;
352 1437 414 1508 puin
429 1437 555 1508 repulerit
575 1453 654 1509 super
677 1438 765 1509 ipsum
787 1435 904 1509 Spiritus
923 1434 980 1491 Da·
1029 1454 1091 1495 com
1115 1453 1169 1494 uou
1193 1437 1229 1494 sit
1255 1438 1314 1509 ipse
1338 1453 1368 1494 se
1389 1437 1495 1494 seducit
1509 1435 1582 1507 fGol.
1596 1453 1635 1502 rr,
1650 1438 1691 1506 5).
1710 1435 1755 1492 Vre
1771 1438 1825 1492 sni·

188 1527 265 1584 mitri.
283 1525 393 1597 Propter
406 1527 455 1583 lsac
470 1544 582 1600 namque
595 1527 740 1600 olipuando
761 1528 829 1583 versit
843 1528 904 1597 ,inis
917 1527 979 1582 uni·
1029 1545 1101 1596 sero,
1125 1529 1194 1601 quod
1212 1544 1265 1583 non
1280 1529 1344 1599 fuit,
1359 1529 1405 1599 qui
1422 1528 1482 1599 jorn
1501 1540 1563 1582 turre
1574 1529 1672 1584 discret
1687 1530 1712 1584 ei
1727 1528 1823 1596 :Quid

188 1637 269 1676 rcrsoe
279 1620 381 1687 earnis,
397 1620 458 1691 puio
470 1617 586 1690 Spiritus
606 1628 748 1675 recesserat
772 1620 843 1676 uilo.
861 1618 979 1690 Denique
1029 1621 1164 1694 superbis,
1180 1631 1254 1678 terra
1271 1630 1298 1678 ct
1312 1622 1399 1678 cinis?
1411 1619 1511 1693 (Ecclc.
1529 1638 1555 1689 s,
1571 1621 1611 1693 9.)
1628 1620 1694 1677 liter
1719 1623 1824 1694 eprepio

189 1715 228 1769 ait
243 1729 253 1767 .·
268 1710 328 1768 Nou
342 1711 512 1784 permanebit
535 1710 653 1783 Spiritus
675 1726 755 1769 mous
780 1711 809 1767 iu
824 1710 937 1767 homine
949 1710 977 1765 in
1028 1725 1152 1771 creatura
1164 1717 1236 1792 prepi
1252 1714 1369 1771 admisto
1387 1724 1436 1770 est.
1453 1714 1825 1770 llinciestiolisimilitudirre

190 1819 334 1871 ueternum,
350 1805 415 1877 quia
428 1819 493 1861 curo
506 1813 548 1861 eut
562 1803 639 1877 (Gen.
653 1819 692 1872 ut,
707 1805 747 1878 5).
766 1804 863 1861 Carnis
874 1804 979 1860 nornine
994 1789 1015 1844 Β
1030 1804 1078 1861 Dei
1092 1804 1243 1860 similitudo
1259 1813 1363 1859 nrutota
1387 1815 1436 1860 est.
1464 1804 1536 1859 liine
1560 1805 1673 1860 sacietas
1697 1821 1760 1859 eum
1777 1805 1825 1874 ju-

189 1900 237 1954 lroe
257 1899 315 1954 loco
335 1897 429 1953 uitium
456 1896 591 1968 desipnari
615 1895 743 1969 intellipe,
768 1914 820 1952 non
842 1908 977 1952 naturam.
1030 1897 1125 1951 mentis
1148 1912 1196 1967 pro
1222 1896 1356 1951 consortio
1381 1895 1536 1969 anpelorum
1560 1897 1630 1951 inito
1663 1905 1713 1952 est.
1745 1894 1825 1951 Vides

189 1986 302 2060 Propter
314 1990 408 2045 uitium
430 2003 492 2058 erpo
517 1987 609 2043 omnis
631 2002 697 2044 euro
720 1985 825 2055 lenum,
840 1998 867 2043 et
888 1987 979 2044 omnis
1030 2005 1110 2059 prom
1123 1988 1158 2043 sit
1175 1988 1302 2059 fupienda
1318 1988 1393 2044 nolis
1406 1987 1462 2044 troc
1482 1989 1644 2059 ipnorantio,
1656 1989 1689 2043 de
1711 2005 1766 2061 psa
1785 2000 1824 2043 tot

137 2092 139 2097 ·
189 2080 276 2152 glorio
299 2080 359 2151 ejus
376 2077 456 2151 quusi
477 2075 528 2135 dos
550 2077 616 2135 leui.
629 2076 804 2136 Exsiccutmn
816 2088 869 2147 ost,
884 2078 978 2150 inpuit,
1030 2077 1116 2133 millio
1131 2078 1397 2149 notorupspstuerso
1408 2089 1499 2137 nostro
1512 2082 1601 2153 posteri
1623 2094 1824 2153 promserunt:

188 2172 334 2239 serotinum
347 2169 507 2229 cecidlttlos
521 2169 591 2241 (lta.
608 2187 655 2240 xu,
666 2172 706 2242 6).
725 2169 777 2228 Set
791 2188 843 2227 non
856 2171 903 2226 ille
916 2172 977 2243 flos,
1029 2170 1075 2225 dit
1085 2173 1155 2225 enirn
1175 2180 1315 2243 propterea
1330 2172 1461 2229 lsomlnens
1480 2175 1610 2244 junmntis
1634 2174 1824 2245 insipientibus

188 2266 234 2336 pui
251 2264 284 2321 de
294 2264 369 2338 rirpa
392 2273 417 2322 et
440 2262 531 2320 rodite
542 2262 619 2320 lesse
639 2264 784 2333 descendit,
807 2281 837 2320 eo
852 2266 921 2336 quod
938 2281 979 2321 re·
1030 2270 1225 2333 computatum,
1241 2264 1304 2335 puin
1317 2280 1369 2319 non
1388 2264 1528 2322 uulturio.
1543 2264 1824 2336 Comndoproinosss-

188 2358 286 2430 quieuit
302 2374 449 2430 supereum
460 2355 577 2430 Spiritus
588 2355 706 2413 Domini.
724 2356 780 2414 Nec
794 2357 863 2413 illud
878 2358 978 2429 ferrono,
1031 2354 1146 2408 trimodis
1159 2354 1323 2426 ipnorontia,
1339 2371 1372 2411 ne
1388 2355 1457 2425 forts
1474 2357 1499 2411 si
1509 2354 1596 2412 adduc
1612 2358 1670 2413 sine
1684 2356 1822 2415 isstelleets

188 2451 258 2523 quod
277 2452 366 2523 fenum
377 2452 540 2522 factumest,
552 2466 600 2523 pro
613 2450 736 2522 eo,puod
750 2452 870 2522 sequitur
881 2450 909 2505 in
920 2464 981 2522 pto-
1029 2456 1126 2518 etpost
1145 2449 1309 2503 montionem
1331 2449 1431 2503 inuenti
1444 2447 1584 2520 fuerimus,
1597 2449 1681 2505 multo
1699 2451 1781 2522 plere
1796 2462 1823 2508 et

101 2562 105 2569 ¹
189 2544 290 2612 plecta:
309 2542 427 2600 Verbum
439 2550 530 2599 autem
543 2542 653 2599 Domini
670 2552 765 2600 monol
787 2543 815 2599 in
835 2553 977 2601 aeteunuru.
1030 2542 1153 2612 praviora
1166 2541 1299 2612 prioriius
1317 2541 1390 2597 mala
1410 2543 1547 2599 inueniunt
1571 2559 1629 2610 nos,
1643 2544 1769 2617 dicatque
1789 2547 1824 2603 ds

191 2633 222 2691 ss·
233 2634 302 2690 enim
313 2634 531 2705 ferrumuerium,
542 2642 567 2689 ct
579 2634 684 2689 serium
696 2643 786 2689 monet
801 2634 829 2688 in
839 2644 978 2703 oeternum,
1030 2635 1105 2691 nolis
1118 2636 1303 2694 :duravimus
1330 2635 1507 2709 Babylonem,
1535 2647 1563 2694 ct
1589 2651 1644 2694 uuo
1666 2649 1709 2694 est
1725 2649 1822 2697 sausu

189 2728 280 2801 fenum
295 2743 396 2799 puopue
408 2742 510 2783 nccmse
518 2734 570 2795 est,
589 2735 695 2782 mosseat
709 2726 737 2781 in
748 2737 887 2783 aternum.
904 2725 981 2782 ttto-
1030 2724 1098 2798 fier.
1112 2742 1150 2795 ιι,
1161 2726 1201 2797 d).
1217 2726 1313 2782 llerito
1323 2727 1441 2799 puldenr,
1454 2729 1524 2799 puod
1536 2745 1585 2784 nec
1598 2731 1702 2786 matio
1715 2730 1824 2786 intelle·

187 2822 254 2895 puin
266 2819 395 2892 quomodo
406 2818 488 2875 uitam
501 2819 600 2890 pruriet
616 2827 753 2888 eternum,
778 2819 802 2874 si
828 2820 915 2889 ipsum
929 2820 981 2873 mi·
1030 2831 1102 2875 ctum
1111 2820 1212 2877 dederit
1228 2819 1344 2876 auditui.

189 2913 259 2967 trimo
269 2922 357 2967 manet
380 2911 409 2966 in
431 2910 579 2966 eternum?
592 2909 639 2966 dit
653 2919 763 2966 autem:
780 2907 810 2967 st
820 2911 883 2983 quis
898 2926 978 2967 urun—
1066 2910 1101 2967 m
1125 2913 1183 2969 risle
1195 2915 1277 2969 etium
1289 2930 1322 2969 ne
1335 2910 1404 2985 fo'rte
1419 2930 1541 2985 sponsus,
1562 2930 1623 2969 curn
1637 2913 1763 2970 dilectem
1788 2914 1822 2968 si

189 3004 329 3061 (locaverit
340 3018 375 3061 ex
384 3005 437 3061 hoo
446 3018 527 3075 poue,
536 3004 610 3061 rivet
629 3003 658 3060 io
681 3013 813 3061 murnum
834 3003 928 3078 (ioan.
939 3021 978 3072 ur,
1029 3008 1182 3080 ipnorantia
1209 3016 1282 3063 tunto
1305 3008 1492 3080 increpationis
1523 3010 1639 3064 tonitruo
1666 3009 1820 3074 deterreret,

190 3095 249 3167 ut).
267 3094 302 3148 Et
318 3110 395 3168 puem
409 3110 503 3166 panem
516 3094 600 3162 dicot,
621 3095 717 3165 aperit,
737 3110 799 3151 curn
818 3095 954 3168 ssifunpit
970 3115 978 3154 ε
992 3137 1014 3195 c
1030 3112 1166 3173 propterea
1192 3102 1301 3157 minime
1324 3102 1423 3157 dixerit
1436 3117 1447 3157 .·
1458 3100 1589 3174 Epredcre
1602 3119 1662 3157 cum
1686 3103 1820 3175 propiiss,

190 3186 225 3243 lit
237 3189 326 3258 ponis,
339 3202 422 3259 quera
432 3201 483 3259 epo
492 3186 539 3256 (lu,
551 3201 618 3245 euro
631 3201 692 3245 mes
701 3194 745 3244 est
754 3202 806 3258 pro
816 3188 911 3245 mundi
924 3188 980 3245 rita
1031 3202 1078 3249 out
1092 3209 1102 3249 :
1114 3193 1245 3266 lipredcre
1272 3194 1307 3249 od
1332 3210 1432 3266 propes.
1453 3196 1499 3251 sest
1511 3211 1521 3250 .·
1535 3193 1677 3266 Epredere,
1698 3197 1748 3264 ait,
1761 3206 1821 3264 post

191 3279 283 3353 (loon.
298 3298 337 3350 rr,
352 3281 409 3353 ii).
426 3280 563 3349 Quomodo
575 3295 638 3353 erpo
649 3288 779 3336 eternum
790 3295 843 3337 non
862 3291 912 3348 est,
927 3297 978 3353 pno
1031 3302 1119 3358 propes
1134 3284 1267 3340 sodalium
1281 3295 1396 3342 tuorum.
1414 3285 1449 3342 llt
1474 3287 1539 3359 puid
1551 3287 1619 3343 lroct
1633 3286 1706 3343 Sane
1732 3303 1762 3345 ut
1783 3307 1822 3346 se·

190 3376 354 3433 eternaliter
365 3376 487 3433 uisitur?
1030 3374 1144 3430 cursdam
1158 3374 1267 3444 perinde
1277 3376 1456 3446 ipnorontiam
1469 3377 1557 3446 priore
1570 3378 1820 3449 mapispaoendssr,

223 3466 454 3525 Sedroeoletsune
468 3483 669 3526 mccsmrocem
679 3468 794 3527 Filliad
808 3469 919 3528 Patrem
940 3471 980 3526 lo-
1030 3467 1232 3538 pudendamque
1242 3468 1402 3536 ostenderet,
1415 3469 1486 3539 quod
1505 3469 1555 3524 illa
1570 3468 1704 3525 leunsinem
1731 3488 1821 3540 pareus

190 3558 496 3632 puntiss'nipsosNou
517 3560 607 3630 dubis,
620 3562 717 3635 inpslt,
742 3563 874 3621 Sanctum
901 3572 980 3622 tuum
1031 3564 1122 3621 testiis
1146 3564 1261 3635 fecisset,
1280 3564 1334 3618 isto
1349 3571 1374 3618 et
1401 3562 1584 3634 posteriorem.
1609 3562 1682 3619 Nom
1704 3563 1822 3624 loomim

189 3652 285 3709 mttere
297 3653 501 3726 corruptionem
516 3652 604 3729 (Psoi.
619 3671 664 3725 xv,
680 3655 736 3727 id).
761 3655 843 3713 iloud
857 3656 979 3724 dulium,
1030 3653 1237 3726 meritapuidem
1247 3655 1405 3726 ipnorontiar
1415 3655 1543 3726 ipnorati,
1555 3654 1632 3711 idest
1642 3655 1821 3728 emrolotisd

191 3743 255 3813 puin
270 3743 514 3816 decerporedioot,
527 3747 598 3818 quad
618 3747 778 3820 insepulrro
788 3748 898 3820 farciat
913 3765 979 3804 eoo·
1032 3746 1195 3801 tremendum
1224 3745 1292 3801 illud
1311 3746 1445 3817 judicium
1467 3758 1550 3815 stare,
1568 3757 1593 3804 et
1616 3751 1674 3820 ipni
1696 3760 1821 3821 perpretuo

191 3833 270 3889 ssime.
284 3833 343 3891 lloc
357 3837 426 3892 enim
443 3847 574 3904 sanctum,
591 3850 618 3895 et
640 3841 761 3910 usrpclus,
774 3841 821 3912 pssi
846 3842 980 3895 nurrtiasit
1031 3839 1104 3895 tradi
1118 3839 1235 3907 luteum·
1259 3856 1312 3895 non
1326 3851 1415 3896 autern
1436 3850 1461 3896 et
1483 3842 1604 3911 pecudes.
1630 3841 1687 3897 Nec
1707 3843 1821 3897 dulium

197 3924 310 3999 Virpt'ni,
321 3928 472 3986 loeutusest
484 3930 576 3987 dicens
592 3929 649 3988 :El
657 3933 731 4004 quod
745 3944 875 3991 irascetur
898 3948 931 3989 ex
953 3944 979 3989 tc
1031 3929 1087 4000 fote
1097 3928 1212 3985 deterius
1222 3930 1274 3998 luit,
1286 3932 1331 4002 pui
1346 3930 1385 3985 tle
1396 3940 1485 4000 erunt,
1500 3948 1580 4002 quum
1590 3932 1822 4002 triumuirum

192 4017 335 4091 Souctum,
344 4022 488 4079 vocabitur
496 4022 584 4081 Filius
598 4023 647 4081 Dei
659 4024 736 4097 (luc.
749 4042 771 4092 1,
783 4026 840 4099 55).
856 4025 915 4093 Quo
929 4025 980 4097 ipi·
1029 4033 1117 4079 erum.
1127 4021 1235 4092 Melius,
1248 4025 1367 4094 irrpuam,
1384 4022 1520 4091 lueratei,
1532 4026 1556 4081 si
1582 4032 1660 4080 nutus
1675 4037 1729 4080 ooo
1753 4021 1824 4079 luis

192 4123 237 4167 tur
246 4122 325 4184 pacto
335 4125 457 4172 sonetum
464 4117 553 4188 fenum
564 4117 762 4191 sideropoterat
772 4121 977 4190 corruptionem,
1030 4125 1073 4172 set
1089 4116 1230 4173 homoide
1245 4115 1342 4188 filare.
1357 4116 1559 4189 irrumpunt
1575 4118 1665 4189 stipae
1686 4118 1710 4171 si
1736 4127 1820 4171 natus

191 4206 304 4276 puudde
315 4208 464 4280 incorrupti
479 4210 548 4264 uteri
561 4220 685 4281 perpetuo
707 4212 794 4267 uirore
809 4214 979 4269 seruantilus
1032 4224 1083 4262 uon
1098 4208 1192 4278 fuisset
1207 4209 1295 4276 torno,
1320 4208 1366 4264 sed
1388 4210 1459 4264 uerti
1477 4209 1566 4280 pratia
1585 4219 1633 4263 aut
1662 4224 1750 4279 pecus,
1772 4218 1823 4264 eut

191 4298 298 4353 umeris
312 4308 411 4367 ortum,
422 4299 515 4370 etjam
532 4301 623 4356 doidos
645 4302 800 4374 onpelorum
813 4305 842 4358 in
858 4320 886 4360 se
900 4307 980 4378 fprre
1030 4301 1087 4357 alia
1100 4306 1448 4376 creaturapuapiam,puae
1465 4305 1592 4376 quoniam
1609 4305 1743 4375 judicium
1766 4321 1821 4360 nors

191 4398 277 4460 posset
305 4390 412 4446 obtutus
437 4394 626 4464 perpetualiter
648 4403 674 4450 et
696 4395 888 4454 iusotioiiliter
908 4399 981 4455 otte·
1030 4393 1136 4462 lralcnt,
1151 4395 1328 4466 adjudicium
1339 4413 1392 4451 non
1408 4398 1517 4461 ueniret,
1530 4413 1563 4450 ae
1576 4414 1624 4467 per
1638 4396 1687 4452 loo
1710 4413 1756 4452 nea
1784 4398 1820 4452 ed

191 4483 419 4541 oramott’eraar
432 4501 496 4542 sane
507 4486 812 4559 forumsimpronii·
828 4489 979 4547 uadosis·
994 4497 1017 4553 o
1031 4483 1200 4556 supplicium.
1217 4483 1292 4542 setus
1304 4504 1365 4559 erpo
1379 4489 1470 4543 anison
1482 4488 1638 4555 rationalis,
1658 4506 1718 4562 poe
1740 4506 1769 4544 se
1787 4490 1819 4545 οὔ

191 4578 330 4650 pinitatem
341 4578 471 4635 omiserit.
485 4578 556 4653 Erpo
569 4581 642 4637 eiius
654 4581 769 4637 tamiris
781 4584 894 4639 mutauit
912 4599 938 4640 rr
948 4586 978 4639 ip
1028 4578 1142 4647 priorem
1155 4577 1334 4648 ipnarantiosn
1347 4579 1488 4648 erubescit,
1501 4581 1612 4650 pecudes
1627 4582 1720 4638 nabere
1739 4582 1820 4634 sodo·

191 4670 317 4742 palulum
330 4673 441 4744 pecoris,
455 4673 559 4730 tornius
571 4683 674 4730 murato
687 4675 717 4729 in
730 4691 819 4745 ριω,
835 4673 895 4732 Heu
912 4677 978 4731 tris·
1028 4670 1065 4725 les
1078 4671 1106 4725 in
1116 4671 1283 4741 perfruendis
1294 4673 1385 4745 utique
1396 4673 1470 4729 larris
1480 4684 1570 4741 terra,
1581 4689 1633 4729 usos
1645 4675 1728 4729 etiarn
1739 4674 1818 4728 simi·

192 4764 228 4819 tis
242 4774 268 4820 st
284 4763 440 4836 lacrpmoso
455 4768 579 4834 mutatio,
598 4777 627 4823 nt
648 4768 725 4823 lsomo
735 4768 859 4839 paradisi
874 4768 977 4835 aceolo,
1028 4759 1090 4816 litet
1108 4763 1195 4816 tuclus
1219 4762 1370 4819 Doliturum
1392 4766 1419 4819 in
1442 4764 1606 4836 perferendis
1625 4765 1763 4820 turonensis
1775 4780 1814 4834 ps·

192 4871 270 4913 terror
291 4856 425 4928 dominus,
443 4858 504 4914 coeli
517 4860 592 4928 ciuis,
613 4859 773 4916 domesticus
793 4859 903 4916 Domini
924 4856 978 4915 So·
1028 4851 1130 4918 ilem,
1144 4861 1169 4907 ll
1182 4862 1237 4907 illm
1252 4854 1495 4910 dlmlmsslllm‘id
1512 4856 1718 4928 ‘'list-inim
1735 4855 1819 4910 Μ’·

192 4935 282 5017 iootlr,
297 4954 382 5023 frater
395 4952 531 5010 leatonsm
540 4956 694 5025 spirituum,
707 4954 851 5013 celestium
863 4953 977 5011 caltores
1028 4943 1095 4999 ΕΜ
1112 4944 1294 5014 jumentorum
1313 4962 1374 5000 “tm
1400 4947 1525 5004 ‘ltdtwlt
1550 4946 1756 5014 millium·
1772 4962 1820 5002 Μ

189 5044 476 5116 uirtutum,repcntino
488 5047 692 5103 seconuersione
719 5048 847 5104 inuenerit
866 5055 891 5102 ct
913 5061 978 5117 pro·
1023 5038 1084 5110 jam
1108 5040 1147 5093 vel
1161 5055 1221 5096 cum
1236 5041 1303 5111 lutlt
1328 5041 1440 5108 littam,
1457 5042 1501 5096 ⁸211
1515 5040 1593 5112 idm
1614 5053 1685 5113 ΡΝ,
1711 5039 1820 5112 ‘imi'

188 5143 248 5205 pter
261 5134 444 5205 infirmitatem
454 5134 586 5206 jocantem
595 5139 628 5192 in
642 5137 759 5206 stodulo,
775 5146 801 5193 et
813 5146 920 5208 propter
933 5152 978 5206 pe·
1028 5131 1083 5186 illis
1095 5131 1162 5186 nilsil
1175 5130 1242 5187 mali
1255 5133 1427 5189 sentientibus
1440 5135 1500 5205 ipso
1524 5134 1604 5190 molis
1629 5134 1750 5189 omniius
1772 5148 1821 5188 es-

189 5227 309 5282 corirsam
333 5229 534 5284 similitudinem
550 5229 710 5301 indipentern
731 5231 802 5302 feno,
825 5239 849 5286 et
873 5238 979 5301 propter
1027 5234 1148 5297 ponetur,
1162 5224 1285 5298 opuiius
1298 5243 1350 5282 non
1361 5227 1519 5283 liberabitur
1543 5228 1571 5283 in
1586 5236 1725 5295 eternum,
1738 5225 1766 5280 si
1778 5242 1821 5280 se·

189 5316 348 5373 indomitam
368 5320 501 5390 feritatem
513 5319 653 5392 adipatum
666 5322 806 5392 presepia,
819 5322 890 5376 sicut
910 5321 978 5375 scri·
1027 5320 1232 5392 eundopuidem
1249 5321 1372 5392 ipnorarc
1394 5321 1532 5392 adfecerit.
1556 5321 1701 5393 Epreditsr
1722 5319 1821 5393 quippe

188 5416 264 5478 ptum
273 5408 359 5466 esula
369 5411 698 5472 osmoetloenomosillos
707 5429 801 5470 eurum
811 5412 976 5484 constringe,
1027 5412 1115 5481 lamo,
1129 5424 1154 5468 et
1169 5412 1308 5469 solitarius
1321 5413 1376 5469 odit
1387 5425 1446 5486 post
1455 5430 1544 5487 propes
1552 5415 1686 5471 sodalium
1694 5429 1819 5477 summ,

190 5499 239 5568 qui
252 5515 307 5556 noo
319 5504 510 5574 approximant
523 5504 557 5561 od
571 5514 598 5561 te
616 5502 705 5576 (Ptol.
718 5522 794 5572 xxxi,
809 5506 848 5577 9).
860 5507 978 5580 dpnosce
1028 5523 1087 5564 cum
1101 5507 1175 5562 salus
1198 5509 1225 5561 in
1240 5508 1343 5577 inferno
1371 5510 1494 5580 infcriori
1516 5509 1673 5565 retruditur.
1694 5508 1738 5563 Ass
1764 5523 1820 5562 nors

192 5587 309 5657 taudem,
322 5607 338 5645 o
352 5591 408 5660 los,
427 5609 601 5662 possessorem
620 5606 741 5659 tuum,et
756 5605 795 5663 tn,
807 5596 891 5661 omre,
909 5614 978 5668 prse-
1028 5599 1076 5654 tili
1092 5600 1263 5668 posteriorem
1290 5600 1396 5656 uidetur
1423 5611 1508 5656 tenere
1530 5600 1629 5667 locum,
1654 5601 1701 5672 ptri
1722 5595 1821 5676 tipus

191 5692 250 5743 sepe
259 5681 361 5735 domini
373 5685 422 5750 tui,
435 5694 464 5737 ut
476 5686 609 5756 proplietoe
622 5685 672 5742 Dei
684 5687 774 5757 fideles
798 5688 976 5758 investiantur,
1027 5691 1150 5745 sisauilrus
1164 5701 1190 5745 et
1205 5691 1326 5762 pedidus,
1339 5693 1482 5763 projicitur
1493 5694 1520 5747 in
1532 5694 1651 5749 tenebras
1658 5691 1824 5747 exteriores?

193 5767 300 5837 puiista
317 5769 363 5826 Dei
378 5774 512 5830 mirabilia
527 5788 589 5831 sunt
607 5778 756 5848 prolocuti.
781 5779 913 5852 Copnosre
932 5797 977 5851 pe·
1029 5778 1064 5833 Et
1083 5791 1159 5835 crunt
1184 5784 1302 5851 profecto
1326 5785 1467 5839 nouissimo
1489 5785 1603 5841 lsomirris
1626 5783 1699 5839 illius
1721 5782 1823 5855 pep'ora
