3817 6000
92 245 151 301 pyr
689 238 953 304 Gabaoutartbtt.
975 274 1011 288 -
1030 241 1094 298 tto.
1118 240 1174 298 vlt.
1685 243 1741 309 ibt

94 363 167 436 tyriisv
178 360 331 416 decurrant
344 366 373 414 ct
389 365 506 429 ungunt.
524 352 669 426 inquibus
697 353 825 426 quisquis
843 368 894 409 un·
908 380 932 438 Α
946 363 1096 411 torrentem
1110 356 1162 410 nisi
1179 354 1261 425 hujus
1275 356 1398 414 mortalis
1418 357 1479 413 sitm
1500 373 1598 417 cursus
1609 359 1741 432 exprimi·

96 455 184 527 gitur,
196 451 325 524 quisquis
342 449 461 523 tingitur
477 449 594 505 interius
608 449 824 520 impinguatur.⁴
947 449 1011 504 turl
1028 450 1066 505 bc
1080 466 1136 521 quo
1148 465 1259 506 rursum
1279 466 1326 520 per
1349 448 1513 521 Prophetam
1533 453 1688 522 loquentem
1705 455 1740 509 de

133 544 269 600 liirorum
288 542 401 598 nomine
419 541 607 612 expositorum
638 548 739 595 sancta
765 538 895 595 Ecclesiae
946 536 1128 614 Redemptum
1138 552 1232 598 nostro
1242 541 1418 599 diciturrlle
1433 552 1547 599 torrente
1561 544 1588 597 iu
1604 546 1647 599 niu
1659 546 1738 615 bibet,

96 636 307 710 explanationes
331 634 521 706 designantur.
547 630 626 689 Unde
650 631 736 689 lsaias
762 633 896 703 propheta
928 643 1082 707 ¹propterea
1100 635 1230 689 exaltabit
1243 643 1323 706 eaput
1334 633 1424 705 (Psal.
1440 651 1496 703 arx,
1513 635 1551 708 l).
1570 635 1738 708 Redemptor

96 731 180 802 plana
199 736 294 784 sanem
313 724 443 783 Ecclesiae
470 725 650 796 expositionis
674 724 758 780 rerba
783 721 895 792 conspi·
946 728 1047 800 quippe
1072 738 1165 784 nostor
1193 729 1318 785 mortalis
1340 730 1403 786 ritae
1425 745 1536 802 poenam
1560 731 1587 786 in
1619 733 1739 803 quodam

96 823 229 885 cieuses
244 835 299 875 ooo
312 818 507 889 allegoriarum
521 816 641 873 tenebris
657 817 785 882 obscura.
802 815 895 870 excla-
946 824 1063 880 nansnu
1088 826 1188 896 attigit,
1215 833 1242 880 u
1262 824 1366 879 iccirco
1392 823 1439 878 utu
1464 824 1553 881 ciuem
1577 827 1670 891 morri,
1694 826 1740 883 cui

98 912 184 969 inavit
197 912 310 968 dicens:
325 910 412 966 Locus
426 911 568 981 discissam
596 911 645 965 risi
668 910 795 966 latissimi
806 919 831 964 et
848 926 895 980 ra·
946 925 1044 987 sponte
1055 917 1211 983 succubuit,
1228 933 1282 972 non
1300 915 1417 972 irrhaesit.
1437 913 1516 972 llndc
1527 916 1571 972 die
1591 917 1672 975 tertia
1685 919 1740 978 boc

97 1014 181 1061 tentes
197 1003 269 1075 (lsu.
286 1019 386 1072 nuru,
399 1003 457 1074 il).
471 1001 539 1058 llide
551 1017 635 1074 supra
649 1017 674 1058 c.
690 1002 718 1071 i,
733 1001 798 1058 dist.
813 1002 840 1058 l.
946 1009 1021 1079 quod
1041 1009 1184 1065 moriendo
1208 1016 1350 1080 posuerat,
1376 1009 1555 1082 resurgendo,
1566 1017 1650 1081 caput
1669 1010 1741 1067 rele-

133 1096 212 1169 (527)
230 1095 364 1151 lituorum
382 1094 494 1150 nomios
508 1093 611 1149 fluenta
635 1093 837 1165 praedisstlauis
851 1093 898 1148 de·
945 1100 1029 1156 varit.
1040 1098 1111 1167 Quid
1123 1109 1165 1156 cst
1175 1113 1240 1171 orgo
1252 1099 1326 1169 quud
1336 1101 1488 1157 dediabclo
1498 1101 1613 1160 dicitur:
1624 1105 1741 1157 circnm-

97 1191 256 1261 signantur,
265 1188 337 1244 sicut
346 1202 395 1258 per
406 1186 459 1242 lob
468 1187 502 1242 dc
515 1186 631 1244 Domino
641 1187 741 1243 dicitur
751 1206 758 1243 ι
769 1185 802 1241 lit
813 1185 895 1257 petris
946 1192 1048 1248 dabunt
1058 1209 1117 1250 eunt
1128 1195 1222 1248 salices
1235 1194 1369 1258 temnitis,
1382 1194 1436 1250 nisi
1447 1196 1521 1266 quod
1533 1205 1670 1253 amatores
1679 1196 1741 1253 ritae

96 1283 169 1335 tim
183 1277 467 1349 addit-Quidebllss
485 1293 534 1348 per
544 1287 635 1349 hellas
646 1278 698 1335 nisi
721 1279 790 1334 duta
805 1277 896 1348 stilli-
946 1285 1102 1341 mortalisa
1124 1285 1205 1342 bonis
1230 1286 1347 1353 actibus,
1363 1286 1628 1356 quasialructihus
1657 1287 1740 1344 alieni
1777 1348 1787 1365 .

96 1375 166 1431 bum
177 1373 263 1429 corda
275 1372 444 1443 aooipimusl
458 1370 529 1438 Quid
542 1386 592 1441 per
620 1371 696 1427 riuos
724 1369 777 1426 nisi
797 1369 895 1426 dusios
946 1385 1024 1433 tanto
1039 1375 1077 1431 illi
1091 1377 1195 1433 arctius
1211 1377 1354 1443 inherent,
1370 1387 1473 1447 quanto
1499 1394 1548 1435 cos
1569 1378 1672 1450 largius
1689 1380 1740 1435 dc-

95 1466 302 1539 praedicationis
316 1465 513 1538 intelligimus?
528 1465 557 1521 ln
572 1466 658 1536 petris
682 1479 748 1536 eruo
761 1463 895 1522 Dominus
946 1468 1057 1525 lectatio
1076 1468 1242 1525 transitoriae
1255 1468 1404 1538 voluptatis
1430 1469 1570 1527 inlunditt
1583 1470 1640 1527 llos
1665 1472 1740 1527 enim

96 1559 174 1615 risos
189 1556 381 1627 eremitanis
394 1555 423 1612 in
437 1557 516 1612 duris
534 1555 676 1628 gentilium
696 1556 827 1613 cordibus
841 1555 895 1610 llu-
946 1560 1027 1631 quasi
1044 1560 1071 1614 in
1087 1559 1225 1615 radicibus
1238 1568 1345 1615 torrens
1361 1559 1441 1631 rigat,
1466 1560 1531 1616 dum
1549 1561 1578 1616 in
1592 1562 1651 1618 suis
1666 1563 1741 1634 eogi-

95 1651 159 1707 rios
185 1648 391 1720 predicationis
420 1649 537 1719 aperuit,
553 1648 625 1704 sicut
651 1664 701 1720 per
729 1646 894 1719 Prophetam
946 1649 1261 1706 tutiouibosamorritne
1277 1649 1395 1706 carrralis
1410 1649 1536 1706 inebriat.
1560 1648 1612 1717 Qui
1635 1652 1742 1707 scilicet

94 1742 258 1814 quoquc'dc
269 1741 409 1813 irriganda
427 1741 528 1797 dicitur
540 1741 667 1798 ariditate
678 1742 819 1814 gentilium
830 1761 837 1796 :
847 1742 899 1796 Po·
912 1745 934 1800 B
949 1757 1026 1797 more
1039 1741 1154 1798 salicum
1170 1740 1276 1797 tructus
1287 1756 1341 1797 aon
1360 1740 1462 1807 lerunt,
1474 1742 1522 1797 scd
1542 1743 1569 1797 in
1585 1741 1659 1798 loliis
1674 1741 1740 1796 riri-

95 1836 154 1889 sait
169 1834 348 1889 decertantis
362 1842 487 1903 emunitus
510 1849 652 1905 uquarum,
667 1841 692 1888 et
715 1842 813 1888 terrum
838 1832 896 1887 sine
946 1835 1232 1908 destoutquiainea
1251 1850 1312 1906 qua
1337 1834 1430 1906 gravia
1451 1834 1485 1890 ad
1511 1834 1655 1891 dicendum
1683 1849 1739 1890 non

95 1944 170 1999 equa
190 1929 219 1981 in
238 1926 327 1980 esitus
355 1941 486 1997 unaarum
499 1924 586 1994 (Psoi.
602 1940 657 1990 crr,
674 1925 731 1995 55).
758 1927 847 1996 Atque
867 1924 896 1981 iu
946 1938 1021 1995 scrut,
1035 1928 1183 1999 aliquando
1195 1927 1348 1983 honestatis
1361 1927 1443 1982 rerba
1453 1925 1605 1997 proferunt,
1622 1926 1669 1983 sed
1681 1927 1740 1981 nul·

96 2020 250 2091 Euangelio
266 2017 399 2074 dontinus
416 2016 542 2088 promisit
564 2015 674 2071 dicens:
695 2014 748 2081 Qut
762 2017 846 2071 credit
867 2017 896 2069 itt
946 2022 1004 2077 lum
1019 2020 1081 2077 ritae
1096 2020 1204 2091 pondus
1219 2035 1253 2075 es
1271 2019 1351 2075 bonis
1363 2018 1491 2089 operibus
1504 2019 1660 2074 ostendunt.
1686 2017 1738 2074 lic·

96 2129 149 2179 ste,
166 2111 241 2169 sicut
255 2110 322 2166 dicit
337 2107 489 2179 Scriptura,
505 2109 618 2179 pumina
635 2123 712 2179 aquoe
725 2108 789 2163 ciero
813 2109 897 2179 tinent
946 2111 1181 2183 neergo'dicitur,
1193 2109 1395 2164 circumdabunt
1408 2126 1467 2164 cum
1483 2109 1578 2164 culices
1603 2110 1738 2176 torrentis,

96 2205 129 2260 de
143 2211 235 2259 uentre
248 2202 307 2272 ejus
320 2200 412 2271 (tuan.
431 2216 480 2269 ru,
492 2199 548 2271 38).
560 2200 640 2268 Quod
652 2201 819 2272 promissum
831 2212 896 2260 tuac
947 2204 1012 2275 qnia
1023 2202 1188 2260 infructuosi
1207 2203 1320 2274 quique,
1335 2202 1400 2256 dum
1416 2201 1504 2258 amori
1524 2202 1586 2257 sitm
1600 2212 1740 2273 tempora·

95 2296 275 2360 audirimus,
299 2294 382 2350 etiam
412 2308 486 2349 nunc
511 2293 652 2364 impletum
665 2294 799 2351 ridemus.
827 2294 896 2351 Ecce
946 2296 982 2352 lis
995 2296 1157 2361 inserviunt,
1174 2295 1288 2365 antiquo
1308 2292 1381 2349 hosti
1408 2293 1545 2364 peruersis
1562 2293 1688 2350 rnoribus
1702 2293 1741 2350 ia·

94 2389 170 2444 enim
189 2386 334 2443 instructis
356 2383 591 2455 predicatoribus,
611 2397 639 2442 et
667 2402 722 2441 non
744 2402 778 2442 ex
802 2385 896 2443 tudun
948 2388 1295 2458 milioriusobsequuntur.

94 2480 252 2555 progenitis
266 2494 316 2552 per
328 2488 456 2535 carretam
471 2478 622 2536 Ecclesiam
638 2481 665 2535 in
681 2488 738 2536 toto
761 2481 828 2537 orbe
843 2481 897 2537 dil·
984 2480 1060 2553 (550)
1077 2479 1218 2536 'lomentis
1229 2479 1341 2536 nonriuc
1354 2477 1498 2534 inundatio
1516 2478 1605 2534 sancti
1619 2477 1740 2549 Spiritus

94 2575 190 2631 lusam
204 2572 310 2629 fluenta
322 2571 476 2628 celestium
489 2574 680 2629 mandatorum
696 2573 812 2629 ubertim
838 2590 899 2629 ma·
946 2571 1116 2643 designatur,
1140 2570 1212 2626 sicut
1229 2570 1256 2624 in
1279 2570 1350 2625 libro
1371 2568 1443 2625 beati
1467 2567 1529 2637 lob,
1545 2570 1579 2625 dc
1596 2570 1741 2640 hypocrita

94 2676 164 2723 aaut
175 2683 212 2723 ex
224 2682 274 2722 ore
285 2667 437 2737 gentilium.
455 2666 485 2723 lo
496 2666 581 2738 petris
591 2666 684 2738 itaque
697 2666 773 2723 rivos
783 2667 895 2732 excidit,
947 2662 1065 2720 dieitur:
1078 2660 1140 2717 Nou
1151 2662 1238 2716 oideut
1252 2661 1352 2716 moetos
1366 2661 1496 2731 dominis,
1514 2662 1637 2715 torrentis
1653 2660 1739 2723 meilis

93 2761 160 2835 quia
175 2776 212 2816 cx
230 2760 311 2817 duris
324 2760 454 2817 cordibus
467 2759 567 2815 llurius
580 2768 682 2816 sancte
694 2757 897 2831 predicationis
946 2767 973 2811 ct
995 2756 1084 2827 butyri
1096 2754 1158 2826 (lob
1173 2771 1219 2822 xx,
1234 2754 1289 2825 li).
1305 2754 1439 2812 Fluminis
1453 2754 1525 2810 euim
1550 2753 1660 2811 nomine
1676 2753 1739 2824 Spi-

94 2853 250 2911 manarit.
948 2849 1018 2907 ritus
1034 2856 1145 2905 sanctus
1159 2847 1328 2919 intelligitur.
1345 2846 1488 2903 lomentis
1503 2861 1612 2918 quoque
1628 2846 1741 2904 nomiae

948 2943 1072 3015 eiusdem
1088 2942 1175 3000 sancti
1191 2941 1312 3015 Spiritus
1327 2940 1472 2996 irrundatio
1494 2939 1664 3013 designatur,
1678 2955 1741 3012 quae

949 3038 978 3093 iu
992 3036 1203 3110 contemplantis
1215 3035 1318 3102 animo,
1335 3033 1496 3091 extuberanti
1511 3032 1651 3089 inlusione
1661 3034 1741 3090 culli-

908 3105 930 3164 C
946 3130 1029 3202 gitur,
1043 3145 1106 3186 cum
1121 3144 1198 3186 mcus
1219 3127 1364 3200 plusquam
1395 3126 1546 3199 intelligere
1572 3125 1681 3193 sollicit,
1693 3141 1739 3182 re·

946 3221 1046 3292 pletur.
1063 3219 1096 3276 Et
1108 3219 1249 3276 sciendum
1258 3228 1299 3275 ost
1310 3219 1374 3290 quia
1387 3234 1452 3276 cum
1465 3233 1516 3274 nos
1532 3215 1650 3288 Spiritus
1672 3233 1739 3274 sau·

356 2990 442 3066 nne
455 2989 572 3048 curor
593 2987 648 3048 ru.

398 3100 432 3138 ott
452 3099 605 3140 taunasis.

95 3177 130 3236 ln
142 3176 290 3248 Scriptura
302 3187 382 3230 sacra
397 3184 500 3230 torrens
522 3192 582 3230 cunr
600 3175 629 3229 in
641 3173 774 3247 singulari
787 3191 895 3230 numero

129 3249 255 3320 ponitur,
269 3246 415 3318 aliquando
428 3248 497 3318 ipris
507 3247 618 3300 extremi
627 3245 737 3317 judicii,
750 3245 895 3316 aliquando

131 3318 262 3374 mortalis
288 3319 351 3372 uita
371 3333 475 3382 cursus,
490 3316 635 3387 aliquando
649 3316 790 3370 inundatio
809 3317 896 3371 sarrcti
946 3311 982 3366 eti
995 3309 1082 3383 gratia
1094 3309 1224 3378 infundit,
1236 3309 1318 3366 melle
1338 3325 1390 3365 rios
1412 3309 1514 3381 pariter
1536 3316 1563 3364 et
1584 3307 1683 3380 butyro
1696 3324 1740 3365 re·

131 3390 268 3460 Sl’ffill‘b
286 3387 431 3458 “stiland‘’
442 3388 469 3442 Μ
479 3388 525 3458 ttl'
544 3388 701 3441 ”limita
712 3387 836 3456 dulium·
850 3387 896 3441 ‘5⁴³-
946 3403 1019 3473 plut:
1035 3402 1087 3457 mel
1100 3401 1173 3457 euim
1187 3400 1305 3472 desuper
1318 3400 1400 3468 cadit,
1414 3400 1543 3472 butyrum
1559 3416 1625 3458 roro
1634 3418 1669 3458 ex
1682 3400 1740 3456 sni·

131 3463 155 3515 si
213 3470 298 3524 ntar;
311 3475 371 3512 cum
385 3475 444 3512 uero
458 3456 598 3527 pluraliter
612 3466 740 3512 torrentes
757 3456 894 3524 dicuutur,

134 3548 150 3585 u
166 3529 404 3601 incandescente
428 3544 566 3582 sacrorum
587 3527 717 3582 pyrorum
750 3526 788 3580 ay·
807 3529 896 3581 „ampo
947 3494 1061 3551 molium
1076 3494 1147 3550 lacte
1162 3492 1276 3548 tollitur.
1290 3491 1342 3550 liei
1363 3494 1455 3566 itaque
1469 3507 1503 3548 cx
1521 3509 1596 3559 aere,
1609 3495 1740 3565 butyrum

132 3603 288 3657 incentores
299 3615 481 3668 permiserant
495 3601 661 3668 saumatam,
673 3541 818 3669 utipuunffo
827 3615 897 3669 pin.
946 3601 1012 3642 vero
1025 3600 1059 3642 ex
1074 3599 1157 3642 earne
1173 3595 1226 3640 est.
1239 3582 1347 3640 Summi
1355 3596 1448 3657 putem
1463 3586 1552 3643 Patris
1565 3584 1739 3659 Unigenitus,

130 3672 271 3726 amatores
284 3670 372 3724 saneti
385 3668 583 3739 intettiyuntur.
947 3693 1011 3736 cum
1027 3676 1063 3733 sit
1080 3675 1153 3731 heus
1168 3676 1368 3745 superomnia,
1391 3676 1475 3732 homo
1493 3687 1535 3733 est
1557 3677 1647 3733 lactus
1668 3678 1739 3732 inter

133 3783 499 3858 (myyommtsnomtne
511 3783 708 3855 ygnysememy
730 3782 827 3854 judicu
849 3784 896 3839 ne.
947 3769 1051 3824 omnia.
1068 3767 1196 3834 Quicum
1217 3781 1269 3822 nos
1290 3767 1435 3823 dulcedine
1458 3768 1609 3824 divinitatis
1634 3783 1692 3823 sure
1712 3775 1740 3823 et

97 3883 237 3954 signatur,
259 3878 332 3934 sicut
352 3893 402 3947 per
426 3877 536 3933 beatum
556 3874 609 3930 lob
633 3875 750 3931 dicitur:
767 3874 897 3946 Lepidum
947 3860 1079 3933 mysterio
1101 3858 1300 3914 lucarrmtionis
1324 3860 1448 3928 replerit,
1471 3860 1551 3915 melle
1569 3876 1621 3915 nos
1638 3860 1740 3930 pariter

97 3970 339 4048 qucqucalipinis
352 3978 376 4024 et
386 3969 510 4023 umbrant
531 3968 624 4022 mortis
646 3967 742 4021 diuidit
766 3975 867 4022 terreus
879 3984 897 4020 a
947 3962 975 4009 0¹
985 3954 1084 4023 butyro
1096 3951 1216 4006 satiarit.
1232 3948 1303 4016 Quia
1320 3965 1387 4022 &8⁰
1410 3950 1523 4021 Spiritus
1539 3950 1624 4026 [408
1636 3950 1741 4008 Ghtltll

97 4063 198 4136 muln
210 4060 395 4132 perecrinunte
410 4056 471 4128 (lob
487 4059 595 4128 xxrtrr).
947 4053 1066 4104 merrtem
1078 4058 1161 4115 quarn
1172 4041 1316 4112 repleverit
1326 4051 1353 4097 et
1363 4042 1513 4098 diuinitatis
1524 4043 1585 4113 ejus
1595 4043 1743 4098 dulcedine

132 4154 215 4223 4529)
228 4150 374 4207 'foy-renuis
388 4151 500 4205 nomine
523 4148 646 4205 mortalis
658 4148 722 4203 cicae
736 4164 834 4204 cursus
846 4164 896 4205 eg.
947 4137 1148 4194 incarnationis
1158 4135 1211 4191 tide
1225 4134 1355 4203 laetificat,
1370 4136 1417 4192 isti
1433 4135 1515 4191 rituli
1537 4136 1667 4193 torrentis
1689 4135 1741 4191 llu⁴

97 4249 245 4322 primitur,
263 4245 334 4301 sicut
345 4245 380 4300 ad
391 4245 502 4300 beatum
524 4242 576 4298 lob
595 4243 629 4298 de
648 4242 757 4298 diabolo
781 4243 897 4313 loquens
948 4237 1032 4292 minis
1047 4230 1136 4289 ureltts
1149 4229 1273 4285 simulet
1287 4229 1450 4303 butyricsse
1466 4229 1742 4299 memorantur,quia

100 4339 240 4395 mminns
251 4345 368 4392 teststur
382 4335 494 4391 dicens:
510 4333 719 4389 circumdabunt
729 4349 789 4387 eum
801 4333 896 4388 culices
947 4337 975 4384 et
984 4331 1019 4386 dc
1028 4330 1186 4403 cognitione
1198 4328 1247 4385 liei
1258 4327 1313 4384 alta
1324 4331 1444 4380 mentem
1457 4323 1592 4379 suauitate
1603 4320 1739 4407 reficiunt,

100 4431 231 4486 mentis
247 4425 310 4499 (lob
324 4443 370 4495 xo,
394 4424 450 4496 tt).
463 4423 534 4491 Quid
548 4425 621 4480 enim
638 4441 686 4494 per
701 4424 798 4481 salices
811 4424 899 4479 intru-
913 4445 936 4503 ὓ
948 4430 977 4477 et
990 4422 1024 4477 de
1035 4422 1234 4480 incarnationis
1249 4418 1337 4494 gratia
1347 4414 1522 4472 charismatis
1542 4414 1616 4470 hauc
1639 4421 1742 4484 myste-

101 4522 218 4581 ctuos'as
241 4519 367 4585 arbores,
391 4516 445 4572 nisi
465 4516 596 4573 sterilitas
610 4516 791 4586 reproborum
806 4515 898 4588 signa·
948 4517 991 4574 riu
1004 4523 1170 4588 perungunt.
1183 4514 1236 4571 Sed
1248 4514 1317 4571 istos
1332 4512 1436 4569 rivulos
1467 4509 1609 4582 hypocrita
1628 4521 1685 4561 uon
1699 4506 1742 4562 ri-

100 4615 165 4671 turt
180 4611 263 4668 Unde
277 4626 347 4666 roos
369 4609 575 4680 predicantium
602 4618 698 4664 contra
721 4606 898 4679 Babyloniam
947 4613 1003 4680 det,
1017 4611 1082 4684 quia
1108 4608 1291 4666 exterioribus
1316 4606 1455 4663 latoribus
1477 4603 1567 4670 lusus,
1585 4601 1651 4656 dum
1673 4598 1741 4654 solis

103 4706 253 4763 Psalmista
278 4703 400 4774 loquitur
427 4702 523 4758 dicens
537 4720 545 4756 z
560 4699 595 4755 ln
621 4700 748 4755 salicibus
766 4702 794 4755 in
812 4701 897 4756 medio
947 4699 1101 4758 visibilibus
1112 4697 1238 4765 intendit,
1249 4713 1311 4769 quae
1321 4704 1387 4753 sunt
1399 4695 1471 4751 dona
1481 4692 1599 4772 Spiritus
1607 4703 1656 4761 per
1667 4703 1742 4744 omo

101 4801 161 4869 ejas
187 4796 373 4868 suspendimus
399 4812 500 4869 orpora
527 4805 619 4851 nostra
631 4795 720 4868 (Psoi.
731 4811 840 4864 cxasrt,
857 4796 897 4867 Ξ).
948 4809 1007 4849 rem
1023 4808 1077 4848 non
1095 4791 1219 4848 attondit.

102 4891 254 4964 Rabylonis
263 4890 364 4963 quippe
373 4890 464 4946 medio
475 4890 565 4946 inesse
584 4889 683 4946 salices
695 4887 898 4954 describuntur,
985 4883 1129 4941 torrentis
1140 4884 1253 4938 nominc
1264 4880 1293 4937 hi
1307 4880 1356 4952 qui
1370 4876 1530 4935 transitoria
1551 4875 1679 4947 diligunt,
1693 4873 1739 4930 de·

101 4983 172 5057 qnia
188 4981 321 5038 nimirum
337 4981 501 5039 infructuosi
521 4982 631 5053 quippe,
645 4990 728 5051 atquc
751 4981 786 5036 ab
806 4995 901 5035 amore
949 4967 1103 5052 signantur,
1117 4977 1190 5033 sicut
1201 4974 1252 5031 lob
1268 4970 1461 5045 coitquerendo
1488 4967 1609 5040 loquitur
1622 4966 1738 5023 dicens:

101 5076 203 5148 patriae
224 5076 346 5131 caelestis
378 5075 472 5144 alieni,
498 5074 564 5131 totis
590 5074 741 5129 visceribus
761 5072 851 5130 cordis
871 5071 900 5128 in
950 5070 1061 5127 Fratres
1081 5070 1132 5124 roei
1148 5067 1336 5140 praeterierunt
1356 5081 1397 5121 me
1413 5064 1482 5118 sicut
1509 5069 1621 5127 torrens,
1635 5058 1681 5130 qui
1695 5072 1741 5111 ra·

103 5167 158 5224 hae
169 5166 296 5223 secabit
317 5165 478 5222 contusione
490 5167 655 5221 radicantur.
671 5163 748 5220 Unde
761 5173 787 5221 ct
801 5163 900 5235 predi·
949 5163 1017 5234 prim
1031 5162 1127 5217 transit
1143 5161 1171 5215 in
1192 5157 1369 5215 consultibus.
1391 5155 1490 5227 Relege
1500 5168 1562 5224 cap.
1578 5150 1685 5221 to,tib.
1701 5166 1738 5218 rr,

103 5267 216 5314 atores
227 5258 318 5315 saneti
328 5259 355 5313 in
370 5258 430 5314 istis
441 5258 571 5315 salicibus
581 5272 634 5312 non
646 5255 774 5314 exercent
786 5273 900 5328 organa,
950 5254 1015 5312 dist.
1033 5255 1060 5310 l.

103 5352 154 5404 md
169 5347 354 5420 scrspendunt,
367 5348 432 5420 quia
443 5363 506 5404 cum
519 5348 707 5406 infructuosas
723 5363 756 5404 sc
770 5346 900 5417 reprobas
987 5339 1129 5402 Torrentis
1144 5343 1254 5402 nomine
1268 5341 1370 5399 fluenta
1391 5356 1535 5423 sacrorum
1548 5340 1680 5395 librorum
1692 5333 1741 5389 ue

104 5447 215 5497 mentes
229 5438 314 5513 Μ
328 5440 475 5511 aspiciunt,
489 5440 546 5496 rim
562 5440 764 5512 praedicationis
775 5454 833 5495 sue
846 5453 900 5494 non
951 5440 1095 5512 signantur
1108 5438 1255 5495 Salomone
1266 5437 1390 5494 dicente:
1410 5433 1523 5492 Oculum
1536 5432 1580 5503 qui
1592 5428 1740 5484 subsannat

105 5532 250 5601 exhibeat,
264 5532 313 5589 sed
326 5533 417 5603 potius
427 5531 552 5605 lugentes
577 5533 668 5590 silent.
684 5531 755 5601 Quid
772 5549 837 5592 roro
851 5550 902 5606 per
950 5542 1063 5602 putrent,
1076 5539 1101 5586 et
1114 5532 1159 5603 qui
1174 5530 1285 5601 despicit
1299 5537 1406 5600 partum
1417 5525 1510 5584 matris
1536 5538 1601 5591 sate,
1614 5520 1742 5592 effodiam

155 5645 537 5716 ffliissxl.1rrainlob,c.
552 5664 598 5712 xx,
614 5657 683 5719 post,
690 5648 764 5703 med.
999 5645 1051 5704 529
1077 5644 1117 5700 Ex
1131 5645 1151 5700 l.
1163 5661 1249 5700 xxxru
1263 5644 1291 5699 in
1301 5643 1364 5708 lob,
1378 5658 1403 5699 c.
1419 5658 1457 5698 rt·

152 5717 220 5788 sss)
236 5717 286 5774 Su.
300 5720 319 5774 l.
332 5734 400 5775 suu
414 5719 442 5773 in
453 5718 514 5782 iub,
527 5734 552 5774 c.
567 5735 644 5789 stru,
660 5720 688 5776 iu
701 5719 755 5775 tiuc
768 5719 811 5777 ll.
1000 5646 1069 5792 5304
1076 5714 1117 5771 Eu
1127 5718 1146 5773 l.
1162 5715 1238 5798 urin
1251 5713 1313 5785 lob,
1328 5730 1354 5771 c.
1369 5731 1396 5771 x.

293 5811 433 5874 Parnoi..
448 5809 584 5879 exciti.
1548 5799 1604 5872 'itt
