3817 6000
49 258 126 319 iffi
342 257 622 318 condemnantem
642 258 677 314 ts*
697 259 866 318 usatites.
887 293 922 304 -·
940 260 1031 317 PARS
1049 258 1093 317 lt.
1114 294 1148 303 -
1167 261 1266 319 esst..
1285 261 1365 318 xttt.
1622 260 1693 341 toto

48 376 141 430 lucent
159 382 234 429 tuum
259 383 284 429 ct
306 378 444 432 ueritatem
468 387 541 432 tunm
564 376 592 432 in
619 379 884 455 tenebrosumacd
900 387 924 431 tc
939 377 1024 433 locem
1036 388 1108 433 tunm
1122 377 1150 433 in
1166 378 1259 435 cordis
1273 378 1327 435 mei
1337 391 1476 435 carcerem
1502 376 1690 448 tenebrosum,

48 464 134 523 triste
146 480 196 521 cnr
209 480 316 523 eorum.
331 464 390 524 Lux
403 478 446 525 est
462 483 580 539 namque
595 470 653 540 ipsa
669 469 774 542 peccati
789 484 848 525 ma·
897 481 927 529 et
941 471 994 528 boc
1008 487 1056 542 per
1069 470 1203 542 Angelum
1215 470 1307 542 magni
1318 468 1426 527 consilii
1438 467 1542 535 tesam,
1558 478 1588 525 ut
1602 468 1693 539 primo

51 554 197 612 reitestatlo
207 564 238 617 et
252 557 422 630 redargutio,
441 556 509 613 liam
527 577 537 612 ι
566 575 649 616 omne
663 559 737 631 quod
755 560 849 632 argul-
900 563 1052 621 loeditatem
1068 578 1156 619 meam
1176 577 1209 620 ac
1222 560 1351 619 tenebras
1367 562 1426 633 ipse
1439 560 1547 617 rideam
1557 568 1633 617 etex
1648 558 1693 617 lu·

50 653 110 713 tur,
121 661 137 701 a
148 644 254 702 lumine
265 644 458 704 manifestatur
469 646 579 721 (Epiros.
592 665 621 731 r,
634 648 690 721 15),
710 649 798 719 ndum
813 650 848 717 is,
900 653 975 711 nilne
986 663 1034 711 tuo
1046 667 1172 725 arguam,
1184 651 1279 724 sicque
1291 651 1454 708 cadentibus
1468 649 1576 706 duabus
1589 648 1694 705 catenis

49 735 103 808 qui
116 744 230 808 peccata
243 751 293 793 sua
303 738 439 795 veraciter
450 740 607 798 accusando
614 741 690 798 uenit
702 740 737 797 ad
748 740 848 808 lucem,
899 745 1077 802 demonibus
1095 745 1177 813 mois,
1193 759 1248 799 una
1272 743 1378 800 scilicet
1391 742 1583 809 delectatione,
1608 741 1694 797 altera

50 830 125 897 ruit,
143 841 173 886 ut
181 831 392 889 manifestentur
402 841 430 889 et
440 842 592 907 arguantur
604 849 688 907 opera
700 835 771 907 ejus.
790 832 849 891 Sic·
900 837 1102 895 consuetudine
1117 835 1259 909 peccandi,
1279 835 1377 908 sopitis
1390 831 1596 907 quoquereluti
1622 847 1693 903 qua·

52 928 86 975 ut
104 918 178 977 enim
195 920 231 990 is,
242 920 290 993 qui
305 922 377 978 male
391 923 457 995 agit,
472 922 531 981 odit
554 925 642 983 locem
662 934 690 982 et
704 939 759 982 non
776 924 850 981 vonit
901 937 965 986 tuor
978 929 1144 985 militaribus
1166 927 1311 995 custodiis,
1326 942 1388 1000 qua
1402 935 1468 983 suot
1493 924 1648 999 ignorantia
1666 929 1695 979 et

56 1013 94 1069 ad
110 1012 212 1082 lucem,
227 1022 258 1070 ut
271 1030 327 1072 non
340 1026 492 1088 arguantur
504 1031 587 1089 opera
606 1015 684 1089 ejus:
708 1018 745 1073 ita
757 1017 790 1087 ls,
801 1016 850 1089 qui
900 1019 1057 1089 iudrmitas,
1071 1027 1214 1092 peccatum
1234 1029 1262 1076 et
1276 1018 1397 1084 miseria,
1417 1017 1466 1073 lux
1489 1025 1547 1084 tua,
1566 1012 1651 1081 Deus,
1665 1018 1697 1070 et

53 1102 131 1161 male
145 1104 204 1175 jam
232 1119 313 1178 agere
336 1105 454 1162 cessarit
483 1117 612 1178 recteque
626 1107 754 1179 deinceps
770 1123 850 1181 agero
900 1112 1013 1181 veritas,
1029 1109 1204 1183 compunctio
1217 1110 1343 1167 videlicet
1358 1117 1386 1165 ct
1404 1107 1541 1167 conl'essio
1554 1104 1694 1164 deducant

52 1194 189 1267 disponit,
204 1194 320 1252 libenter
345 1198 420 1253 uenit
443 1196 477 1254 ad
495 1197 594 1267 lucem,
610 1206 651 1266 ul,
667 1200 695 1255 in
723 1200 850 1270 presenti
901 1220 946 1263 mc
958 1205 993 1262 de
1007 1203 1061 1261 isto
1075 1201 1191 1260 llerodis
1202 1217 1323 1270 earcere,
1340 1201 1374 1257 dc
1386 1207 1504 1273 angusto
1517 1213 1550 1255 ac
1566 1196 1695 1255 tenebro-

53 1295 211 1359 arguantur
228 1302 311 1359 opera
340 1287 411 1360 eius.
426 1289 495 1357 Quis
509 1300 600 1347 autem
627 1301 745 1348 cecatus
758 1307 806 1364 per
820 1305 850 1348 se
901 1312 933 1354 so
945 1311 1027 1369 specu
1036 1293 1306 1360 malaconscientiae,
1319 1302 1346 1348 et
1359 1291 1496 1347 adducant
1506 1303 1550 1345 me
1562 1303 1612 1361 per
1627 1287 1693 1345 boni

52 1379 149 1452 ipsum
160 1380 254 1437 tenire
267 1381 356 1437 valcat
369 1381 402 1437 ad
411 1379 511 1451 lucem,
521 1383 573 1439 nisi
586 1390 626 1452 tu,
641 1383 686 1439 lux
702 1398 778 1452 reru,
789 1398 851 1456 quae
900 1386 991 1459 operis
999 1384 1230 1459 perseuerantiam
1239 1385 1606 1441 adtrtontcnttcnctomtmtm
1616 1378 1694 1447 Slon,

53 1471 199 1530 illuminas
222 1487 333 1530 onmem
363 1474 502 1531 hominem
528 1475 682 1532 uenientem
719 1477 748 1531 iu
776 1476 850 1535 bunc
901 1478 935 1535 ad
952 1486 1109 1535 sanctorum
1121 1487 1230 1533 tuorum
1246 1476 1273 1531 in
1289 1474 1394 1531 coelesti
1415 1487 1500 1545 regno
1513 1472 1693 1529 consortium.

54 1564 204 1634 mundum,
217 1579 334 1636 quaque
348 1564 376 1621 in
398 1565 518 1623 tenebris
542 1566 629 1635 luces,
649 1568 738 1639 primo
755 1568 850 1625 nenias
937 1569 1002 1626 ltom
1018 1568 1077 1625 Lux
1092 1568 1151 1641 ipsa
1166 1566 1201 1624 de
1214 1582 1245 1624 se
1259 1566 1319 1637 ipsa
1333 1564 1520 1623 testimonium
1536 1557 1707 1635 perhibens,

54 1657 94 1712 ad
118 1656 208 1727 ipsum
237 1656 467 1714 illuminandum?
482 1657 546 1731 quis
562 1674 670 1727 eorum,
684 1659 729 1714 cui
746 1669 787 1729 tu,
808 1660 851 1717 sol
905 1662 1078 1730 «Abrabam,
1092 1680 1102 1713 t
1117 1659 1242 1731 inquit«
1266 1656 1349 1713 Pater
1375 1665 1466 1711 tester
1488 1654 1646 1720 exsulum,
1665 1661 1697 1709 ut

53 1747 175 1819 iustitio
191 1747 344 1805 occubuisti
363 1758 474 1822 propter
489 1750 660 1808 iracundiam
677 1751 786 1824 longam
808 1749 851 1808 rel
865 1724 888 1783 Β
903 1755 1005 1812 rideret
1018 1752 1090 1809 diem
1104 1765 1210 1821 meum,
1223 1746 1301 1816 vidit,
1313 1756 1340 1804 et
1349 1747 1461 1819 gavisus
1476 1754 1519 1802 est
1531 1743 1622 1817 (toan.
1636 1760 1695 1810 tunt,

57 1837 135 1895 allud
147 1854 218 1911 opus
230 1840 417 1908 tenebrarunt,
432 1850 523 1913 potest
539 1842 629 1900 lucem
643 1842 746 1911 ridere,
758 1842 812 1899 nisi
824 1853 852 1900 te
903 1847 961 1921 56).
978 1867 987 1899 ι
1001 1844 1067 1901 Sine
1079 1844 1140 1901 luce
1150 1844 1245 1916 igitur,
1259 1857 1320 1913 quac
1334 1838 1424 1896 reddit
1435 1838 1620 1895 innocontiam
1636 1836 1695 1908 lap·

58 1930 119 1987 sole
126 1930 287 2003 justitlaeilli
305 1932 410 1990 oriente
422 1942 505 2005 atque
517 1934 606 1991 lucem
620 1934 759 1991 radiorum
770 1933 853 2006 lusti·
903 1940 953 2009 sis,
968 1937 1076 1995 moestis
1091 1936 1225 2007 laetitiam,
1241 1942 1352 1990 nonest
1366 1947 1459 1989 verum
1472 1930 1613 2003 gaudium.
1629 1927 1696 1983 ltem

59 2024 107 2080 tite
122 2023 245 2080 nrittento
259 2024 287 2079 ln
298 2039 346 2082 cor
356 2025 436 2097 ejusl
447 2023 510 2082 ldeo
528 2025 591 2083 dico
605 2027 673 2083 tibi:
692 2026 792 2084 Emitte
807 2027 852 2084 tn-
902 2048 967 2089 cunr
979 2030 1112 2102 scripturn
1130 2029 1186 2084 sit:
1204 2045 1214 2080 ι
1230 2025 1258 2083 st
1277 2023 1364 2080 Filius
1376 2039 1426 2080 tos
1449 2021 1615 2088 liberaverit,
1636 2018 1694 2074 ucri

58 2131 117 2171 cem
133 2124 206 2170 tuom
218 2125 243 2170 et
254 2118 391 2172 ceritatem
401 2126 486 2173 tuom.
498 2116 536 2174 Tc
551 2124 670 2190 namque
679 2118 764 2174 lucent
779 2128 853 2174 tonat
902 2123 982 2180 liberi
996 2122 1074 2178 critis
1088 2120 1178 2193 (itit,
1194 2119 1251 2193 bb),
1264 2138 1274 2171 t
1287 2131 1406 2187 cumque
1423 2115 1482 2187 ipso
1494 2112 1581 2170 Filius
1596 2112 1632 2169 sit
1643 2107 1698 2167 Ve-

57 2208 204 2279 emittentc
222 2216 250 2264 ct
272 2223 321 2264 cor
345 2209 423 2265 triste
442 2208 626 2278 illuminante,
652 2210 743 2267 omnis
771 2210 853 2268 noxia
903 2215 983 2280 ritas,
1007 2227 1069 2286 que
1092 2212 1126 2268 de
1146 2226 1176 2268 se
1196 2209 1263 2266 dicit
1287 2227 1294 2264 :
1318 2225 1328 2260 ι
1346 2206 1403 2279 Ego
1419 2220 1480 2263 sum
1496 2205 1540 2260 uia
1555 2213 1582 2260 et
1598 2200 1709 2260 rerltas'

57 2300 176 2357 tristitia
196 2302 308 2373 pertitus
324 2299 476 2358 auferetur.
492 2301 527 2358 Et
541 2302 607 2374 quia
629 2303 700 2359 sicut
711 2302 853 2361 humilitas
904 2316 932 2362 ct
955 2307 1010 2362 vita
1028 2304 1119 2377 (loon.
1140 2319 1196 2371 ιιι,
1218 2301 1259 2372 6),
1276 2319 1286 2354 t
1309 2309 1336 2356 et
1360 2297 1444 2354 alibi:
1463 2295 1695 2368 ‹cognoscetis›

58 2393 180 2451 tristitiae
191 2394 386 2467 penitentialis
396 2395 510 2465 exalmt,
520 2411 553 2452 eo
564 2396 637 2468 quod
649 2395 750 2465 omnis,
763 2396 811 2467 qui
823 2412 854 2454 se
905 2398 1007 2471 iuquit,
1022 2417 1031 2452 t
1048 2396 1205 2460 ceritatem,
1226 2401 1254 2449 ct
1272 2392 1375 2448 ueritas
1390 2388 1515 2446 liberabit
1531 2402 1580 2444 ros
1604 2385 1697 2457 (Jomr.

60 2486 190 2544 humiliat
203 2488 379 2557 exaltabitur,
395 2489 437 2546 sic
451 2487 553 2546 veritas
575 2480 762 2547 contessionis
783 2490 853 2547 libe·
904 2508 965 2559 ιιιι,
979 2491 1037 2563 51),
1055 2511 1065 2544 t
1084 2490 1188 2562 absque
1199 2486 1314 2544 scritate
1329 2483 1463 2540 liberante
1482 2495 1537 2537 non
1554 2494 1602 2537 ero
1616 2478 1696 2544 tiber.

60 2587 109 2635 rat
124 2594 194 2651 :ego
206 2578 292 2636 llarld
307 2581 455 2652 poenitem,
466 2595 549 2653 quern
560 2591 588 2638 et
602 2581 715 2639 tristitia
728 2581 804 2640 intus
813 2580 855 2639 al·
904 2583 971 2640 dum
984 2582 1078 2655 adtigit
1087 2596 1131 2637 mc
1146 2576 1285 2635 inimicus.
1300 2575 1363 2632 ideo
1375 2584 1471 2631 contra
1484 2571 1624 2629 tristitiam
1635 2578 1699 2643 peto

60 2668 130 2737 licit,
147 2679 174 2726 et
186 2669 317 2726 inimicus
328 2671 450 2728 exterius
460 2669 568 2744 aflligit,
578 2686 629 2743 ego
643 2671 690 2744 qui
710 2671 796 2729 trittit
809 2673 853 2727 in·
905 2674 995 2732 lucent
1006 2672 1203 2746 justificantem
1220 2670 1324 2743 paritor
1339 2676 1366 2723 et
1379 2666 1573 2731 letillcontem,
1587 2671 1615 2721 ct
1632 2674 1700 2718 cou-

61 2762 139 2830 ccdo,
151 2762 214 2817 deut
229 2762 320 2836 affligit
332 2779 372 2818 tac
386 2763 522 2831 inimicos,
534 2773 629 2820 contra
643 2763 782 2837 geminum
796 2778 855 2821 ma·
905 2779 947 2825 tra
964 2768 1106 2824 inimicum
1118 2763 1282 2835 affligentem
1294 2769 1357 2833 peto
1371 2759 1512 2815 ueritatem
1524 2756 1698 2820 liberantem,

61 2855 121 2909 lum
141 2854 279 2924 geminum
293 2870 387 2927 quaero
399 2854 529 2912 solatium
539 2855 634 2913 dicens
646 2856 694 2913 tibi
706 2854 763 2912 lieo
774 2869 834 2912 meo
846 2870 854 2910 r
905 2864 1001 2921 dicens
1016 2860 1064 2917 tibi
1074 2859 1131 2915 lico
1140 2855 1215 2912 Patri
1227 2870 1278 2928 ego
1290 2852 1392 2909 llarid:
1408 2849 1507 2905 Emitte
1517 2849 1601 2904 lucem
1613 2858 1697 2915 ruant,

64 2943 165 3001 Emitte
180 2946 264 3003 lacem
280 2955 354 3003 tnnnr
375 2956 400 3004 ct
418 2949 556 3006 ueritatem
580 2957 675 3004 tuom:
692 2947 856 3020 lucemque
906 2958 934 3016 iq
950 2964 1007 3026 esl;
1036 2954 1205 3025 rnitthuem
1220 2947 1359 3005 missurus
1382 2960 1412 3003 es
1428 2941 1528 2999 illitum
1545 2950 1634 3011 tuum,
1649 2943 1698 3014 qul

63 3053 109 3096 ¹1¹⁸
121 3037 227 3097 “islam
247 3038 376 3109 laelffioeb
391 3041 536 3098 lerildltffl
557 3057 619 3113 tllae
631 3041 666 3098 ab
687 3040 800 3097 ῑΰῑῐῦῑθθ
814 3040 855 3097 ²5·
868 3060 893 3126 c
906 3063 948 3110 est
963 3052 1010 3108 lux
1026 3061 1090 3103 uera
1106 3043 1267 3101 illuminans
1291 3051 1402 3096 onlnem
1428 3034 1568 3091 bominem
1583 3033 1697 3092 uenien-

63 3129 174 3203 ffide'llt
188 3131 294 3188 liberet.
309 3131 389 3200 Ql⁰d
402 3133 475 3189 essim
499 3134 548 3189 11¹¹
570 3143 618 3189 lut
633 3133 792 3190 moesiffitsst
808 3133 857 3190 (¹0-
908 3157 963 3203 tem
979 3143 1005 3199 io
1020 3142 1094 3198 bunc
1105 3136 1250 3203 mundum,
1262 3141 1289 3191 et
1305 3141 1348 3189 cst
1360 3140 1461 3187 aeternna
1474 3128 1584 3184 veritas.
1601 3126 1700 3183 Emitte

64 3222 170 3295 1³⁰¹¹⁰¹¹⁸
188 3223 309 3279 laeifflffl
335 3224 448 3289 tributi»
475 3223 529 3282 ¹¹⁰⁰
545 3239 595 3297 llf⁰
623 3222 779 3281 ¹⁰⁵flm⁰¹li⁰
802 3233 856 3294 ⁰⁵12
907 3238 992 3294 lucem
1005 3245 1090 3300 tuoto,
1105 3229 1279 3288 eternitatem
1294 3236 1378 3281 tuoto.
1392 3220 1491 3278 Veniat
1514 3221 1541 3276 in
1564 3219 1699 3276 mundum

65 3312 139 3384 qood
156 3312 222 3368 alibi
236 3313 356 3371 dicitur:
383 3332 393 3367 ι
414 3313 472 3371 Lux
488 3324 549 3373 orta
565 3324 608 3372 est
626 3315 722 3386 Justis.
736 3322 764 3372 et
774 3314 857 3373 rectis
907 3328 995 3386 Filius
1006 3337 1070 3383 mus
1081 3325 1109 3380 in
1121 3336 1203 3381 came
1217 3332 1363 3393 apparens,
1375 3315 1422 3387 qui
1434 3314 1531 3370 csttux
1545 3321 1572 3369 et
1586 3314 1698 3369 veritas.

66 3404 151 3464 widi
163 3405 256 3461 laelffii
274 3405 362 3478 (Prot.
380 3422 453 3476 1011,
472 3407 527 3479 Η)·
546 3427 556 3462 t
943 3418 1051 3474 Aliter:
1066 3414 1204 3472 Luxrera
1222 3409 1361 3476 Christos,
1379 3405 1495 3480 justitiae
1506 3404 1559 3471 sol,
1573 3404 1701 3476 cognonit

101 3495 437 3574 tgiturmonnmspcus,
458 3499 742 3556 emittcluccmtunm
763 3501 859 3557 111001
909 3524 1039 3568 occasum
1064 3521 1168 3573 suum,
1199 3513 1282 3575 atque
1308 3502 1369 3558 ideo
1401 3496 1538 3555 interdum
1562 3495 1702 3553 subtrahit

68 3604 161 3646 ¹¹¹0⁰¹¹1
174 3590 249 3647 uelut
263 3591 291 3646 1¹¹
304 3607 444 3649 edicerem
459 3592 647 3657 tenebrosum·
667 3601 697 3650 ut
712 3601 857 3665 peccalum
908 3598 1013 3656 mundo
1026 3598 1118 3653 lumen
1141 3611 1234 3663 suum,
1248 3603 1276 3650 et
1302 3593 1331 3649 llt
1346 3605 1412 3656 nox,
1436 3589 1463 3645 in
1479 3604 1533 3661 qua
1556 3595 1698 3659 pertrans-

67 3697 160 3739 meum
178 3684 269 3755 primo
285 3685 343 3756 lpse
354 3685 472 3754 rideam,
484 3693 511 3742 et
527 3701 576 3758 per
587 3689 675 3743 lucem
692 3685 809 3744 rationis
830 3696 860 3745 et
909 3689 988 3747 ibunt
1000 3703 1096 3746 omnes
1109 3686 1203 3744 bestiae
1214 3685 1306 3758 spina,
1321 3683 1407 3740 catula
1427 3682 1537 3738 leonum
1550 3681 1701 3752 rugientes,

39 3776 162 3849 'iudicii
186 3777 350 3851 redarguant
382 3788 410 3837 et
435 3780 581 3836 molestum
605 3779 732 3837 habeam.
759 3778 860 3838 Emitte
910 3781 1238 3852 utrapiantetquaerant
1259 3776 1345 3833 alteo
1370 3789 1461 3832 escam
1483 3774 1546 3830 sibi.
1572 3771 1630 3828 lloc
1650 3787 1702 3843 egn

67 3870 149 3928 etiam
160 3872 297 3928 ueritatem
310 3882 395 3938 tuam,
411 3882 441 3928 ut
453 3873 593 3930 ueritatem
606 3871 764 3929 conttteodo
775 3881 803 3930 et
816 3873 860 3930 ori
910 3873 1010 3941 David,
1032 3887 1083 3946 ego
1104 3869 1252 3942 poenitens,
1272 3883 1334 3926 cum
1355 3867 1436 3924 rideo
1454 3866 1524 3935 llcri,
1551 3882 1599 3938 per
1615 3873 1699 3922 totam

68 3979 131 4023 meo
141 3979 197 4024 ιιοιι
206 3964 478 4037 parcendoddelibus
488 3965 603 4022 auribus
612 3973 755 4036 peccatum
765 3981 859 4022 meum
909 3965 1070 4040 hujusmodi
1084 3975 1193 4022 noctem
1204 3964 1310 4029 laboro,
1323 3972 1350 4021 et
1366 3961 1450 4017 tristis
1462 3962 1564 4029 incedo,
1582 3961 1646 4015 dum
1659 3961 1702 4032 ns-

57 4054 244 4127 ,patelaciam
270 4055 317 4113 Sic
345 4056 419 4113 enirn
445 4056 527 4114 Petro
555 4056 583 4112 in
609 4055 726 4113 llerodis
749 4071 860 4114 carcere
910 4057 981 4128 {tigit
997 4072 1038 4111 ane
1054 4051 1701 4127 inimicusprincepstenebrarumdiaboltts,rcl

69 4145 161 4204 rlncto
175 4145 293 4203 emisisti
306 4146 395 4204 lucem
411 4158 498 4203 tuam.
520 4145 641 4219 Angelus
655 4162 776 4218 namque
797 4155 861 4203 tuus
910 4149 1012 4222 aliquis
1028 4149 1061 4205 de
1075 4147 1238 4206 satellitibus
1251 4147 1323 4218 eius.
1339 4143 1409 4202 bum
1424 4160 1490 4217 ergo
1504 4145 1546 4203 sic
1561 4147 1647 4202 tristis
1659 4146 1702 4200 in·

70 4237 165 4307 astitit,
176 4245 203 4294 el
215 4239 322 4295 elumen
332 4236 441 4295 refulsit
449 4238 476 4294 in
488 4236 646 4295 habitaculo
662 4236 731 4311 (Act.
740 4253 793 4307 ιιι,
802 4237 857 4309 7).ι
910 4243 985 4310 cedo,
997 4240 1132 4313 affligente
1147 4254 1191 4296 me
1202 4254 1251 4311 pet·
1264 4246 1348 4295 tutam
1363 4245 1472 4294 noctem
1490 4237 1614 4305 inimico,
1627 4235 1701 4293 diem

71 4328 203 4396 Emiilslt·
224 4325 350 4402 induam,
364 4330 453 4387 lucem
474 4338 561 4395 tuam,
579 4344 641 4401 quae
653 4329 760 4386 tristem
771 4329 860 4386 laetill·
910 4334 1025 4403 Christi,
1037 4348 1118 4407 quom
1134 4332 1273 4390 Abrabam
1284 4348 1300 4388 a
1311 4331 1392 4405 longe
1403 4330 1471 4387 vidit
1485 4340 1512 4388 et
1525 4331 1637 4403 gavisos
1647 4336 1702 4399 est,

72 4428 156 4489 caret,
181 4422 370 4496 humilemque
384 4423 501 4497 erigeret
531 4419 640 4479 dicente
662 4421 714 4479 sibi
738 4421 857 4495 angelo:
874 4420 962 4499 [lego
972 4441 1092 4500 quoquc,
1105 4435 1136 4483 ut
1146 4424 1245 4499 gaudio
1257 4424 1382 4497 implear,
1395 4424 1486 4480 ridere
1501 4424 1627 4481 desidero
1641 4439 1702 4479 ma-

72 4509 297 4585 Sttrqcoclocitcr.
310 4514 379 4572 Nam
395 4516 526 4573 continuo
539 4513 698 4571 reciderunt
709 4522 813 4570 catomo
827 4513 861 4570 dc
911 4517 1040 4576 ullestata
1054 4518 1177 4575 claritate
1190 4516 1269 4584 solis,
1287 4515 1388 4587 dequo
1402 4515 1588 4586 scriptumest
1602 4532 1608 4568 :
1625 4533 1634 4565 ι
1649 4509 1702 4569 Or·

73 4605 200 4663 manibus
211 4606 283 4679 ejus.
295 4605 420 4664 Emisisti
434 4621 546 4679 quoque
565 4605 707 4663 veritatem
722 4613 797 4661 tunm
812 4620 861 4676 per
913 4618 958 4666 tus
971 4618 1015 4666 est
1031 4609 1084 4677 sol,
1102 4617 1128 4664 et
1140 4605 1298 4679 congregati
1316 4614 1390 4672 sont,
1410 4612 1437 4660 et
1452 4605 1479 4658 in
1492 4604 1628 4660 cubilibus
1645 4603 1703 4660 suis

73 4698 160 4768 ipsum
190 4699 334 4770 angelum,
362 4700 427 4757 tltun
445 4699 582 4756 inclusum
618 4713 667 4769 pcr
688 4698 861 4769 iniquitatem
911 4700 1129 4762 collocabuntur,
1148 4697 1298 4752 uidelicet
1312 4696 1405 4751 bestiae
1420 4696 1517 4768 spluae3
1535 4695 1703 4752 sodrbomo

71 4790 188 4847 eduxisti
202 4806 251 4862 per
261 4790 357 4863 ludicii
371 4793 409 4848 tui
425 4793 576 4858 veritatem,
587 4791 625 4846 ita
639 4799 757 4863 utporta
773 4791 861 4848 lerrea
911 4791 999 4850 exibit
1013 4791 1047 4847 ad
1064 4805 1135 4860 opus
1151 4803 1243 4854 suum,
1257 4795 1284 4842 ct
1297 4786 1330 4842 ed
1351 4786 1538 4856 operationem
1561 4802 1639 4843 suam
1656 4803 1703 4843 us·

72 4884 193 4942 ret-itatis
206 4885 370 4956 tuaejudicio
381 4887 491 4943 obstare
501 4885 647 4957 nequierit.
663 4884 772 4941 lustum
787 4886 861 4942 enirn
912 4902 967 4958 que
985 4884 1019 4941 ad
1034 4897 1176 4953 uesperam
1191 4880 1281 4951 (Prot.
1295 4895 1355 4944 cru,
1369 4877 1427 4950 22).
1458 4878 1567 4949 »igitur
1580 4879 1703 4951 quandiu

72 4983 138 5043 erat,
168 4984 199 5031 ut
218 4976 362 5049 affligentis
386 4994 450 5033 eum
473 4978 578 5034 inimici
597 4976 714 5035 llerodis
741 4978 862 5035 claustra
914 4994 969 5036 nox
984 4983 1037 5046 est,
1052 4989 1102 5047 ego
1119 4973 1205 5030 tristis
1219 4970 1349 5027 incedens
1374 4970 1509 5044 adligcntc
1526 4986 1570 5026 me
1589 4969 1704 5025 inimico

74 5086 126 5128 non
139 5080 271 5143 tenerent,
284 5089 365 5146 quem
377 5073 436 5132 Lux
457 5075 580 5134 ueritatis
603 5074 739 5133 irradiant
760 5090 863 5148 praeeo·
913 5069 1023 5128 assidue
1032 5067 1137 5124 damon
1150 5062 1249 5119 Emitte
1257 5063 1341 5118 iucem
1351 5070 1425 5117 tuom
1435 5070 1460 5117 et
1469 5063 1606 5117 acritatem
1618 5069 1704 5130 tuom,

74 5179 133 5222 nem
147 5164 199 5222 sibi
213 5181 246 5222 ac
260 5176 357 5224 testem
372 5169 520 5242 delegerat.
535 5167 574 5226 lta
589 5167 669 5225 miles
681 5177 863 5225 tuusereetus
911 5173 1057 5234 perquam
1071 5155 1199 5229 speroad
1218 5169 1337 5227 praesens
1351 5169 1463 5210 eausam
1478 5167 1569 5209 meam
1584 5152 1703 5208 discerni

74 5266 100 5315 et
110 5257 226 5316 eductus
239 5271 282 5317 est
296 5277 345 5333 per
363 5262 451 5319 lucem
478 5271 553 5319 tuam
569 5272 597 5319 et
617 5261 759 5319 ueritatem
774 5271 861 5330 tuam,
913 5252 947 5309 de
960 5260 1041 5323 genle
1052 5263 1107 5305 lton
1120 5259 1227 5314 sancia,
1245 5254 1274 5302 ut
1289 5244 1398 5302 tristitia
1414 5259 1474 5300 ntea
1489 5243 1706 5300 coltt'etldlulill

74 5351 178 5424 t'pmqtre
189 5352 237 5408 lux
251 5360 297 5409 tua
312 5361 340 5409 et
351 5353 450 5410 veritas
464 5362 510 5412 tua
523 5368 586 5409 eum
600 5353 765 5410 deduxerant
778 5362 804 5407 et
814 5352 863 5408 nd·
913 5345 1057 5419 gaudium,
1073 5352 1100 5400 et
1118 5340 1226 5400 tandem
1241 5355 1355 5413 prorsus
1369 5351 1453 5396 eruar
1476 5340 1512 5397 ab
1525 5337 1637 5395 bomine
1652 5339 1705 5393 ini·

74 5445 203 5499 dormant
216 5445 245 5500 in
258 5455 373 5502 montem
389 5459 510 5500 rnnctnm
524 5455 609 5515 tuoni,
625 5454 655 5504 ut
667 5446 780 5502 veniens
792 5444 863 5500 ride
914 5454 980 5512 quo,
996 5448 1023 5495 et
1036 5436 1132 5494 doloso
1147 5433 1259 5491 inimico
1271 5446 1332 5488 meo
1347 5447 1392 5488 me
1403 5431 1549 5505 affligente,
1566 5441 1597 5490 ut
1611 5431 1664 5488 sint
1676 5428 1706 5487 ll·

76 5537 134 5593 licet
146 5537 173 5593 in
188 5538 300 5595 domum
323 5538 544 5611 congregationis
564 5546 724 5595 sanctorum
741 5552 795 5592 non
812 5553 862 5607 pn·
912 5517 963 5590 ber
979 5531 1014 5586 ab
1026 5529 1208 5594 ealibertatc,
1223 5541 1276 5598 qua
1293 5525 1352 5582 sola
1372 5525 1483 5596 veritas,
1497 5541 1559 5598 quae
1576 5522 1707 5582 cbristus

77 5645 133 5685 rum
147 5646 198 5687 suo
210 5645 258 5688 cos
269 5632 389 5689 adventu
403 5631 564 5689 letilicaret.
579 5629 636 5698 Sic,
649 5628 774 5697 Domine,
787 5637 817 5684 ut
829 5645 862 5683 nc
915 5632 968 5692 est,
981 5623 1099 5680 liberare
1114 5629 1213 5693 potest.
1229 5619 1281 5686 Qui
1298 5633 1371 5675 nolte
1383 5632 1496 5674 sarisam
1519 5633 1633 5676 suorum
1645 5614 1705 5672 dis·

77 5721 119 5781 dtu
131 5721 217 5784 tristis
236 5723 373 5794 meolam,
388 5725 453 5783 dtrm
472 5723 564 5798 allligit
577 5739 620 5782 mc
635 5722 774 5820 iuimieus,
786 5721 863 5778 emit·
916 5715 1014 5786 cernit,
1026 5723 1053 5772 et
1064 5714 1091 5772 in
1104 5712 1157 5771 line
1172 5712 1284 5770 mittens
1305 5727 1442 5772 messores
1453 5711 1565 5787 angelos
1577 5717 1655 5768 eruet
1670 5707 1705 5766 alt
