3817 6000
166 227 219 286 ⁷95
642 227 796 285 cettttdttt
814 226 1012 284 ebAEeostTt
1031 224 1308 284 pertimescens.
1740 222 1796 279 too

165 341 231 416 quin
256 357 322 400 suos
344 343 456 400 effectus
475 351 613 414 operetur,
637 343 719 399 etiam
740 358 788 413 per
815 342 957 400 ministros
971 351 995 405 Α
1009 344 1136 399 cursibus
1160 343 1253 397 linitur
1273 340 1395 395 nondum
1417 353 1551 408 apparens
1575 353 1656 405 nora,
1672 336 1715 391 rel
1731 353 1798 394 eom

165 436 242 494 iudae
258 438 383 494 traditori
396 438 509 494 similes.
524 437 732 509 Acqnieseimos
752 439 832 509 plane
846 439 898 494 ista
913 439 957 494 di·
1007 434 1102 488 nubilo
1124 432 1301 503 interpolatur
1318 450 1325 485 :
1341 430 1385 486 rel
1410 430 1437 485 iu
1463 430 1570 500 eclipsi,
1596 445 1658 485 eom
1683 437 1800 500 apparet

166 529 301 593 ontibus,
318 545 414 585 rernm
430 529 479 595 ita,
498 529 570 584 sicut
591 544 675 600 snpra
700 528 955 596 determinavimus,
1006 535 1130 582 cruenta.
1143 525 1273 580 Similiter
1287 522 1407 580 Ecclesia
1422 522 1474 578 luit
1485 523 1630 578 obscurata
1645 521 1735 578 adbuc
1746 537 1801 578 ao-

167 621 213 676 nbi
234 620 306 675 inter
318 618 416 675 dudam
428 619 562 676 etdudam
580 618 761 675 differentiam
774 618 955 675 ostendimus.
1007 634 1051 685 ra,
1065 618 1129 673 dum
1142 617 1170 672 in
1186 616 1265 671 initio
1277 615 1338 670 tidei
1353 613 1474 669 nondum
1488 614 1571 670 terris
1584 614 1673 684 major
1683 613 1798 669 edulsit.

166 711 246 781 Nam,
260 722 291 768 ut
301 721 497 784 praeostensum
512 723 564 779 est,
582 711 659 768 tuoe
672 711 797 767 traditori
810 712 881 768 inter
894 727 959 784 ape
1007 709 1073 765 item
1087 725 1150 764 curn
1165 708 1273 764 nebulis
1298 707 1518 778 blasphemorum
1542 706 1724 775 vituperatur,
1748 706 1801 760 ob«

168 801 253 859 stolos
270 801 395 867 tolerato,
414 801 441 856 in
455 802 514 858 sois
529 802 625 859 olliciis
638 818 774 874 nusquam
796 803 957 876 derogatum
1008 817 1089 856 scura
1101 808 1153 867 est,
1170 798 1212 854 rel
1225 814 1287 854 curn
1304 799 1423 854 caedibus
1443 805 1594 869 martyrum
1614 805 1656 852 est
1672 807 1799 852 cruenta.

168 904 221 951 est.
235 893 368 951 Similiter
382 893 558 962 simoniacis,
577 906 605 951 et
618 894 830 953 fornicatoribus
849 896 958 953 clericis
1008 889 1038 945 ltt
1053 889 1105 946 ¹¹³0
1119 888 1287 945 obscuritate
1311 888 1442 960 sagittant
1465 887 1596 954 haefelissis
1620 888 1685 957 quia
1706 888 1802 943 sciunt

169 989 260 1044 adbuc
281 989 308 1044 in
335 1004 385 1044 suo
408 987 564 1045 ministerio
585 989 717 1058 toleratis,
733 989 858 1047 videlieet
879 1000 958 1046 ante-
1009 984 1068 1038 baec
1084 991 1206 1053 tempora
1221 981 1389 1052 decipiendis
1404 980 1520 1036 infirmis
1540 979 1729 1035 accommoda.
1741 976 1802 1033 illis

169 1093 252 1151 quarn
279 1078 420 1149 preceptis
445 1079 603 1150 apostolicis
629 1079 868 1148 interdicerentur,
892 1095 960 1135 nns-
1009 1088 1099 1132 autem
1123 1075 1264 1132 subversis
1289 1074 1457 1130 arbitrantur
1478 1071 1561 1128 etiarn
1586 1071 1638 1127 sibi
1660 1071 1802 1126 attrahere

169 1183 252 1240 quam
265 1170 424 1241 derogatum
439 1171 521 1227 estin
537 1171 595 1228 suis
609 1171 716 1228 otllciis.
731 1172 766 1227 At
780 1187 864 1236 nunc,
881 1182 960 1243 post·
1010 1180 1101 1227 rectos
1113 1169 1206 1227 corde.

170 1277 252 1333 quarn
270 1262 460 1319 revelaverunt
473 1263 535 1319 coeli
552 1263 725 1335 iniquitatem
740 1260 827 1330 Jodae,
840 1273 867 1320 et
886 1274 959 1320 terra
1046 1261 1093 1318 Vel
1107 1260 1225 1317 ministri
1239 1259 1367 1316 Ecclesiae
1380 1259 1445 1316 dom
1464 1267 1588 1330 peceant,
1608 1258 1737 1314 dicuntur
1753 1258 1803 1311 ob·

171 1354 301 1410 aduersus
315 1370 377 1410 eum
391 1357 575 1424 consurrexit,
586 1365 732 1427 postquam
749 1367 884 1413 mercator
898 1373 961 1428 pes·
1010 1372 1089 1410 rcere
1100 1354 1176 1421 luno,
1191 1354 1218 1408 in
1234 1369 1289 1424 qua
1304 1352 1423 1409 baeretici
1439 1351 1578 1423 sagittant,
1590 1367 1653 1408 cunr
1666 1366 1715 1422 per
1730 1350 1804 1407 tates

172 1448 259 1505 simus
284 1450 320 1505 ab
340 1448 429 1506 officio
449 1466 601 1522 suspensus
616 1450 830 1522 quodammodo,
855 1450 962 1522 crepuit
1012 1446 1162 1502 ministrari
1185 1445 1314 1524 Ecclesiae
1337 1452 1509 1502 sacramenta
1534 1444 1729 1515 improperant,
1751 1458 1804 1514 per

171 1541 288 1607 medius,
303 1550 330 1597 et
343 1542 442 1598 diffusa
454 1552 519 1600 sunt
533 1543 560 1598 in
577 1553 648 1599 terra
661 1543 765 1598 viscera
776 1542 857 1614 ejus:
875 1543 962 1614 ipsius
1011 1539 1084 1611 quod
1099 1538 1233 1611 quosdam
1254 1537 1378 1593 intirmos
1401 1537 1551 1608 decipiunt,
1571 1551 1633 1592 curn
1660 1536 1805 1592 ministro-

171 1644 204 1686 ae
219 1630 348 1686 similium
366 1631 426 1703 ejus
442 1632 586 1689 interdicta
602 1632 688 1688 officia
706 1642 771 1689 sunt
790 1632 899 1689 vitanda
915 1650 961 1690 se-
1011 1647 1072 1689 rum
1089 1632 1185 1687 merita
1202 1631 1344 1686 attendere
1358 1639 1517 1702 suggerunt.
1534 1628 1586 1685 Sed
1607 1629 1675 1685 nibil
1698 1629 1805 1685 timen-

172 1721 291 1778 cundum
306 1724 445 1794 praemissa
460 1725 572 1780 Parrum
589 1724 735 1780 decretalia
747 1727 886 1781 mandata.
908 1724 961 1797 lgi-
975 1731 997 1786 Β
1011 1725 1075 1781 dom
1092 1726 1116 1781 ei
1130 1725 1178 1797 qui
1195 1723 1305 1780 contidit
1325 1724 1352 1778 in
1371 1721 1501 1788 botulum
1522 1723 1615 1778 timeat
1628 1721 1675 1794 qni
1688 1721 1806 1778 contidit

170 1821 218 1872 tur
231 1817 281 1871 etsi
296 1834 389 1871 orcum
402 1834 483 1874 snum
498 1819 652 1884 intendant,
675 1834 708 1875 ac
723 1827 820 1890 parent
836 1818 960 1889 sagittar,
1014 1819 1041 1874 in
1057 1818 1177 1873 bomine.
1195 1815 1282 1872 Tanto
1293 1825 1336 1873 est
1347 1817 1420 1871 enim
1432 1814 1521 1873 virtus
1534 1814 1760 1880 consecrationis,
1770 1824 1806 1868 ut

172 1910 224 1964 etsi
241 1907 330 1963 officia
350 1924 400 1964 sua
415 1909 560 1965 interdicta
580 1911 659 1965 nobis
674 1910 800 1981 ingerant
816 1927 822 1963 :
844 1924 894 1964 nos
911 1924 962 1963 an·
1013 1911 1138 1983 impediri
1149 1925 1204 1966 non
1218 1911 1306 1965 ualeat
1318 1925 1333 1965 a
1344 1909 1423 1964 malis
1435 1908 1579 1976 ministris,
1591 1906 1742 1964 dummodo
1753 1907 1808 1962 liat

172 2008 273 2054 nuento
286 1996 340 2053 lieo
355 2008 463 2054 scutum
480 2002 637 2070 apostolice
656 2001 829 2056 auctoritatis
843 2009 963 2071 praeten·
1012 2019 1062 2074 per
1076 2002 1137 2058 ilios
1149 2003 1333 2069 consecratio,
1342 2017 1396 2057 non
1407 2001 1578 2058 dissecratio.
1587 1999 1713 2068 Quotidie
1726 1999 1806 2054 eninr

172 2090 279 2157 demns,
293 2099 320 2145 et
334 2092 447 2162 sagittas
459 2107 554 2147 eorum
570 2093 604 2148 ad
617 2111 665 2149 cor
679 2103 804 2149 nostrum
819 2093 962 2165 pertenire
1012 2095 1085 2165 quis,
1109 2094 1230 2150 Ecclesia
1252 2110 1307 2150 non
1330 2093 1547 2160 contradicente,
1570 2091 1675 2148 babens
1701 2107 1806 2147 conse-

172 2198 228 2238 non
244 2183 376 2239 sinemus.
393 2182 426 2239 Er
439 2185 492 2242 boc
506 2186 544 2241 illi
560 2187 680 2243 scientes
690 2202 741 2242 nos
753 2186 866 2253 evitant,
879 2193 907 2241 et
917 2202 963 2242 sa·
1013 2187 1107 2243 orandi
1124 2185 1242 2243 officium
1257 2197 1365 2242 exercet
1380 2185 1457 2253 illud,
1473 2186 1532 2256 ipsc
1543 2195 1697 2252 consecrat,
1716 2185 1809 2241 idest

172 2275 271 2345 gittant
285 2276 311 2329 in
329 2276 452 2345 obscero,
467 2278 494 2333 id
514 2286 556 2335 εει
577 2279 605 2335 in
627 2279 775 2335 tenebroso
790 2294 883 2344 sensu,
898 2293 962 2349 pro-
1013 2278 1097 2334 simul
1111 2288 1211 2347 sacrat,
1234 2278 1316 2333 simul
1332 2279 1457 2335 videlieet
1474 2293 1536 2334 cum
1562 2277 1695 2342 Ecclesia,
1718 2278 1762 2332 eui
1787 2295 1805 2330 a

172 2375 231 2437 pter
257 2369 381 2425 carnales
408 2378 436 2425 et
464 2370 605 2441 imperitos
628 2370 785 2439 obscurato,
807 2370 963 2426 insidiando
1012 2371 1122 2427 Christo
1136 2370 1351 2428 consecrationis
1366 2379 1486 2442 potestas
1499 2380 1542 2425 est
1556 2370 1671 2426 indulta.
1690 2369 1719 2425 Si
1734 2385 1805 2424 sero

172 2460 298 2517 uidelicet
314 2460 431 2532 simplici
446 2463 563 2534 popello.
1013 2460 1095 2517 luerit
1109 2462 1373 2526 excommunicatus,
1387 2460 1428 2516 εει
1452 2459 1541 2516 oillcio
1555 2461 1677 2531 priuatus
1695 2459 1805 2530 judicio

209 2553 267 2607 ntia
285 2554 426 2610 translatio
441 2554 522 2610 babet
538 2574 545 2610 :
563 2553 596 2611 ln
609 2555 721 2610 obscuro
734 2555 809 2624 tuno,
823 2555 962 2626 quodieto
1011 2553 1111 2626 judicis
1126 2554 1179 2620 sui,
1196 2553 1250 2610 boc
1267 2554 1365 2609 estrei
1383 2552 1516 2624 episcopi,
1531 2552 1572 2608 rel
1590 2553 1803 2622 archiepiscopi,

82 2629 86 2644 ’
174 2643 666 2715 significanturinllrma,etobseura
684 2644 814 2702 Ecclesiae
826 2646 960 2701 membra.
1012 2644 1055 2700 rel
1078 2645 1213 2716 primatis,
1229 2646 1271 2700 uel
1286 2644 1389 2700 domini
1404 2644 1559 2715 apostolici,
1575 2645 1655 2716 eujus
1666 2654 1709 2700 est
1725 2643 1804 2713 jndi-

99 2808 103 2819 ‚
174 2734 227 2791 Per
239 2736 331 2792 lunam
347 2738 448 2809 qnippe
464 2737 599 2810 liguratur
618 2737 752 2806 Ecclesia,
768 2747 798 2795 ut
820 2738 848 2794 in
864 2745 962 2794 octavo
1012 2752 1076 2793 care
1102 2737 1136 2792 de
1160 2738 1235 2793 omni
1251 2736 1384 2803 Ecclesia,
1405 2738 1439 2794 de
1456 2736 1531 2793 omni
1553 2751 1681 2809 persona,
1703 2736 1727 2791 si
1744 2750 1802 2790 tion

175 2829 282 2899 psalmo
297 2838 420 2885 notatum
446 2838 499 2895 est,
523 2838 551 2886 et
574 2829 741 2901 bicplenius
760 2829 961 2902 explanandum
1012 2829 1205 2885 reconciliatus
1235 2829 1407 2886 intr-edietum
1433 2830 1486 2885 sibi
1510 2830 1565 2901 agit
1588 2829 1717 2896 odicium,
1744 2846 1801 2885 non

173 2929 225 2976 est.
243 2920 313 2976 Sunt
323 2920 396 2976 enim
409 2921 471 2977 duae
484 2921 627 2993 opiniones
637 2923 670 2979 de
681 2923 756 2991 luna,
771 2939 887 2990 quarum
900 2938 962 2993 quae
1012 2921 1287 2989 conseruissent
1301 2921 1443 2978 dissecrat.
1464 2919 1497 2976 Et
1518 2921 1590 2988 ideo,
1606 2921 1654 2992 qui
1667 2922 1721 2976 tale
1739 2919 1802 2976 oib-

173 3030 237 3069 rcra
254 3024 306 3077 est,
322 3022 370 3070 aot
381 3031 437 3070 non
452 3015 575 3083 oninino,
591 3023 639 3070 aut
651 3017 759 3073 ditticile
778 3017 842 3075 sciri
860 3024 959 3088 potest.
1012 3013 1086 3069 cium
1101 3012 1183 3069 babet
1196 3023 1349 3084 acceptum,
1363 3030 1417 3070 non
1438 3014 1552 3070 contidit
1567 3016 1593 3069 in
1609 3014 1736 3077 Domino,
1751 3015 1802 3070 sed

173 3106 225 3160 nst:
237 3106 399 3163 dicunteam
412 3108 503 3164 lumen
515 3108 655 3179 proprium
668 3109 777 3176 babere,
791 3111 839 3167 sed
850 3109 959 3182 globum
974 3079 995 3138 C
1013 3106 1040 3160 in
1055 3106 1177 3173 bomine,
1190 3105 1238 3177 qni
1250 3106 1387 3162 bominem
1402 3105 1545 3161 ebornino
1556 3115 1711 3177 separatum
1724 3113 1803 3175 putat

175 3199 236 3270 eius
259 3199 403 3255 dimidium
425 3201 526 3268 lucere,
552 3203 694 3258 dimidium
719 3203 866 3259 obscurum
888 3217 959 3259 esse.
1013 3196 1116 3267 aliquid
1132 3213 1224 3269 posse,
1239 3214 1302 3254 eom
1317 3198 1375 3269 ipsc
1388 3196 1521 3255 llomiuns
1536 3199 1629 3255 dicat:
1647 3218 1657 3251 r
1672 3198 1738 3254 Sine
1756 3214 1802 3253 mc

175 3289 244 3346 [inm
260 3300 351 3347 autern
367 3300 482 3363 partem,
494 3308 556 3364 quae
569 3293 654 3362 lucet,
666 3295 798 3366 paulatim
810 3294 844 3351 ad
860 3303 961 3350 terram
1013 3290 1082 3345 nibil
1100 3292 1214 3362 potestis
1235 3290 1337 3347 lacere.
1350 3291 1427 3347 Sicut
1443 3309 1453 3343 i
1480 3290 1554 3345 enirn
1579 3310 1589 3343 r
1618 3290 1723 3362 palmes
1745 3306 1802 3346 nrrn

174 3383 266 3449 vertit,
280 3392 311 3439 ut
326 3384 412 3439 rideri
432 3386 530 3456 possit,
544 3386 712 3441 corniculata
736 3396 858 3459 apparet,
874 3398 901 3443 et
922 3386 963 3443 sic
1012 3392 1102 3454 potest
1114 3384 1185 3439 terre
1203 3383 1333 3451 fructum,
1344 3384 1398 3440 nisi
1412 3383 1542 3439 manserit
1562 3384 1590 3439 in
1612 3384 1675 3449 tite,
1690 3384 1731 3441 sic
1751 3399 1805 3439 nec

173 3477 283 3545 crescit,
297 3475 385 3532 donec
399 3491 463 3547 pars
479 3477 524 3532 illa
543 3485 600 3533 tota
613 3478 748 3535 rideatur.
765 3477 799 3535 Et
821 3479 888 3534 dum
912 3478 963 3534 ite·
1012 3489 1071 3541 ros,
1085 3474 1138 3531 nisi
1155 3474 1183 3530 io
1200 3489 1244 3529 me
1258 3474 1415 3531 manseritis
1429 3472 1520 3544 (doun.
1535 3490 1580 3540 rr,
1591 3473 1630 3543 5).
1643 3471 1696 3540 Qui
1706 3481 1801 3528 autern

172 3582 235 3622 tuot
248 3566 425 3632 convertitur,
437 3566 554 3623 obscura
569 3583 633 3639 pars
645 3568 741 3641 incipit
753 3585 895 3641 apparere,
910 3567 962 3626 dn·
1012 3578 1061 3635 per
1075 3548 1294 3635 qualemcunque
1308 3563 1464 3618 ministrum
1486 3563 1601 3634 suscipit
1616 3562 1801 3618 ministerium

175 3670 226 3711 nee
240 3663 295 3710 tota
310 3657 389 3712 nobis
402 3657 500 3712 iterum
522 3657 671 3714 auferatur.
692 3658 756 3715 ilaec
769 3670 811 3716 cst
829 3658 961 3727 Ecclesia,
1013 3672 1068 3713 nou
1080 3656 1266 3724 interdictum,
1284 3657 1342 3729 ipse
1354 3657 1468 3714 conlidit
1479 3657 1505 3712 in
1518 3656 1644 3722 Domino,
1655 3671 1735 3726 quem
1748 3656 1802 3709 lm·

174 3761 236 3818 que
248 3762 281 3802 ex
296 3748 431 3819 spirituali
454 3758 531 3820 parte
548 3751 630 3819 lueet,
655 3767 687 3808 es
716 3752 819 3807 carnali
844 3752 962 3808 obscrrra
1013 3760 1094 3805 norat
1108 3750 1134 3804 in
1150 3749 1286 3817 ministro,
1301 3750 1364 3806 lieet
1378 3749 1500 3821 indigno,
1512 3757 1699 3805 verumtamen
1711 3747 1802 3818 digni-

175 3848 227 3897 est.
253 3840 286 3896 Et
311 3842 461 3913 spiritualis
480 3858 543 3913 pars
559 3844 639 3900 modo
656 3855 769 3916 apparet
792 3845 962 3911 bominibus,
1014 3842 1078 3898 tatis
1093 3841 1210 3898 odicium
1228 3842 1344 3897 lrabcnte
1360 3842 1419 3898 sine
1433 3840 1554 3912 legitima
1571 3839 1798 3895 contradictione.

175 3935 258 3991 modo
272 3934 338 3990 latet
350 3936 378 3990 in
392 3938 560 3994 conscientia
571 3937 622 3993 soli
636 3936 692 3993 beo
705 3947 780 4007 riota,
792 3949 819 3994 et
829 3938 888 3995 solo
900 3952 963 3994 cor·-
1014 3933 1114 3989 Sancta
1121 3933 1194 3991 enim
1203 3933 1324 3991 Ecclesia
1333 3934 1431 4005 partim
1442 3932 1594 4005 regnansin
1603 3931 1691 3999 coelis,
1700 3931 1799 4002 partim

175 4042 240 4098 pore
254 4027 371 4084 videtur.
1013 4028 1190 4097 peregrinans
1201 4027 1327 4093 interris,
1345 4025 1492 4097 illiciulget
1506 4035 1536 4081 ut
1550 4025 1603 4090 soi,
1621 4024 1664 4079 bie
1679 4024 1802 4079 ranorur

212 4123 265 4178 Alii
279 4122 384 4191 dicunt,
395 4122 469 4194 quod
481 4139 535 4179 non
551 4123 632 4179 babet
644 4122 748 4189 iumen,
765 4122 819 4178 nisi
842 4139 857 4178 a
883 4123 961 4191 sole;
1014 4119 1149 4174 interdurn
1160 4119 1265 4186 lucens,
1274 4118 1409 4174 interdum
1418 4118 1535 4175 obseura
1543 4118 1613 4174 sient
1624 4117 1698 4172 tuno.
1712 4115 1744 4170 Et
1759 4125 1803 4172 est

176 4213 224 4269 scd
237 4213 348 4285 qnando
362 4214 515 4284 propinqua
527 4223 568 4269 est
582 4214 632 4281 illi,
642 4230 702 4269 eam
713 4224 818 4285 partem
836 4214 918 4270 babet
927 4212 963 4269 ad
1013 4208 1123 4282 quidem
1136 4212 1162 4266 in
1175 4211 1379 4283 bonisprrclatis
1391 4211 1457 4266 luno
1471 4211 1560 4282 plena,
1575 4210 1638 4265 torro
1652 4210 1799 4280 paschalis,

116 4350 121 4359 ,
176 4321 239 4374 nos,
252 4322 306 4378 qua
321 4322 375 4361 non
390 4307 497 4362 ridetur
509 4306 544 4361 ab
556 4321 600 4374 eo,
612 4316 640 4362 et
656 4307 717 4363 ideo
733 4323 787 4362 non
807 4308 898 4363 lucet:
915 4308 963 4365 sed
1013 4302 1078 4357 tuno
1091 4302 1220 4373 perlecta,
1232 4320 1280 4375 per
1292 4319 1375 4374 quam
1388 4319 1442 4359 nos
1460 4302 1543 4374 buius
1554 4304 1684 4373 temporis
1698 4302 1801 4356 illumi-

174 4414 236 4454 cnm
253 4400 365 4466 recedit,
380 4400 534 4455 illustratur
546 4400 582 4456 ab
593 4417 625 4456 ca
639 4411 726 4473 parre,
740 4418 823 4473 qnam
834 4403 961 4459 habetne
976 4434 998 4488 D
1013 4395 1677 4467 natursicutdiesartertritatis,perquamvespera
1688 4394 1798 4450 Sabltati

174 4504 238 4557 nos,
254 4489 340 4546 donec
354 4490 412 4547 soie
426 4491 567 4548 occidente
584 4493 663 4563 plena
684 4501 778 4564 surgat
797 4493 832 4549 ab
845 4494 958 4550 arienne.
1013 4489 1127 4546 lucescit
1139 4489 1165 4544 in
1178 4489 1266 4560 prima
1278 4488 1401 4556 Sabbati,
1415 4497 1443 4544 et
1455 4489 1527 4546 sicut
1539 4491 1567 4545 in
1580 4486 1650 4544 isaia
1663 4487 1797 4559 legimns:

173 4581 242 4638 Cum
258 4593 348 4639 autem
362 4600 395 4639 ex
407 4585 460 4640 alia
476 4592 553 4655 parte
569 4585 620 4641 soli
634 4585 716 4656 coepit
728 4585 966 4657 appropinquare,
1011 4591 1055 4637 est
1068 4582 1115 4635 tua
1128 4582 1211 4650 buius
1227 4581 1321 4636 ‹luna›
1333 4581 1461 4638 sicnrtnx
1475 4581 1559 4638 solis?
1569 4580 1638 4653 (iso.
1649 4597 1713 4646 rsa,
1723 4579 1770 4651 ιδ)
1785 4599 1795 4632 i

173 4677 302 4747 superior
319 4692 384 4748 pars
399 4677 561 4745 illustratur,
577 4676 689 4735 interior
708 4677 880 4733 obscuratur.
904 4677 961 4736 line
1011 4672 1076 4744 quia
1090 4670 1175 4743 iulget
1189 4688 1242 4726 oon
1260 4672 1349 4728 solnm
1361 4689 1394 4729 cx
1410 4673 1542 4744 dignitate
1560 4672 1723 4737 officiorum,
1738 4672 1797 4738 sed,

174 4770 272 4826 iterum
290 4772 418 4827 convenit
439 4770 579 4840 Ecclesiae,
592 4788 654 4843 quae
676 4772 767 4829 lumen
790 4787 845 4829 non
868 4773 960 4842 tranet,
1012 4765 1086 4838 quod
1100 4767 1278 4823 excellentius
1288 4775 1341 4836 est,
1351 4765 1434 4823 etiam
1446 4780 1479 4821 ex
1492 4764 1624 4837 dignitate
1636 4764 1797 4819 morionum

173 4862 228 4917 uisi
252 4879 267 4918 a
292 4863 351 4920 sole
369 4863 493 4934 justitiae.
511 4863 651 4931 Forsitan,
676 4880 738 4934 qnae
751 4866 784 4920 de
807 4864 872 4922 luna
888 4867 960 4922 dieta
1010 4868 1038 4915 et
1051 4860 1130 4931 quasi
1151 4860 1322 4930 respiciendo
1345 4859 1429 4915 solem
1445 4873 1493 4929 per
1512 4857 1688 4922 diametrum,
1708 4865 1735 4912 ct
1750 4873 1799 4927 per

174 4963 249 5024 sunt,
265 4957 401 5027 aliquibus
421 4957 504 5014 nimis
520 4958 636 5015 obscura
651 4959 824 5016 videbuntur,
848 4960 914 5029 Qum
936 4962 961 5018 ,q
1011 4950 1145 5005 directum
1162 4948 1197 5004 ab
1211 4964 1244 5005 eo
1258 4947 1393 5003 mutuavit
1409 4947 1500 5004 lrrrnen
1513 4949 1634 5020 plenum.
1651 4950 1723 5004 sieut
1736 4965 1798 5019 spe-

173 5064 230 5106 non
244 5050 362 5122 placent,
386 5052 455 5107 satis
476 5061 518 5107 est
540 5051 708 5107 incrementa
724 5053 807 5121 lunae,
826 5063 854 5109 et
873 5053 961 5109 detti„
1011 5043 1102 5098 culum
1129 5041 1244 5113 suscipit
1268 5040 1389 5096 bominis
1414 5039 1519 5096 tultum
1542 5041 1663 5111 plenum,
1686 5042 1798 5111 quando

172 5152 265 5200 menta
291 5144 440 5206 attendere,
456 5160 528 5215 quae,
542 5160 605 5200 cum
626 5145 727 5212 defleti,
750 5155 780 5201 ut
801 5155 959 5214 renovetur,
1012 5134 1187 5206 anteponitur
1197 5132 1316 5189 bominis
1326 5132 1412 5187 uultui
1424 5149 1472 5204 per
1482 5133 1626 5189 directum.
1641 5132 1691 5189 Ubi
1706 5144 1797 5188 auo-nr

172 5232 215 5294 sic
225 5251 334 5308 quoque
345 5237 480 5308 significat
489 5236 649 5305 Ecclesiam,
665 5254 726 5310 quac
741 5253 803 5295 cum
818 5238 961 5295 moriendo
1011 5229 1070 5283 ⁸0¹²
1084 5227 1203 5298 dignitas
1216 5234 1259 5282 ²⁵1
1274 5224 1424 5281 ⁰ffi⁰i⁰lt¹ss¹
1448 5225 1507 5281 ⁸5⁰0
1531 5225 1661 5298 ditssiwle
1682 5227 1797 5282 melliti·

172 5328 316 5398 deiecerit,
355 5330 574 5387 resuscitabitur.
600 5329 748 5402 Hucusque
774 5331 876 5387 dietum
907 5340 960 5399 est,
1012 5320 1162 5388 camdeno
1173 5327 1215 5375 est
1229 5320 1351 5373 obscero.
1365 5315 1557 5373 Verumtamen
1571 5326 1614 5374 est
1626 5318 1702 5386 luna,
1717 5318 1798 5388 longe

176 5423 294 5493 qualiter
309 5440 357 5495 per
372 5424 465 5479 lunam
489 5423 658 5495 significatur
672 5420 802 5478 Ecclesia.
823 5420 902 5477 Nunc
916 5422 959 5477 di·
1011 5416 1123 5488 quidem
1139 5415 1191 5472 sub
1205 5412 1264 5470 sole
1280 5411 1381 5483 posita,
1399 5410 1446 5466 sed
1462 5426 1545 5482 super
1562 5419 1662 5467 terram
1678 5412 1797 5468 exoluta

174 5514 290 5569 cendum
311 5526 362 5582 est,
383 5517 499 5587 qualiter
524 5533 571 5587 per
588 5517 711 5571 camdem
728 5517 896 5588 signiticetur
911 5515 961 5569 ob-
1012 5519 1123 5582 propter
1136 5507 1277 5579 dignitatis
1288 5503 1474 5571 eminentiam,
1485 5519 1565 5576 aqua
1583 5504 1606 5560 si
1622 5505 1797 5574 lueritdcpo-

178 5624 269 5674 scura,
285 5611 312 5665 in
328 5628 381 5681 qna
396 5612 506 5668 lreretici
520 5613 658 5684 sagittant.
1010 5604 1072 5668 sita,
1089 5616 1152 5656 cum
1171 5600 1289 5655 adhaeret
1303 5600 1397 5655 caudae
1418 5598 1556 5663 draconis,
1569 5598 1676 5652 tertiam
1691 5604 1795 5666 partem

216 5697 292 5755 Luna
303 5703 388 5758 tribus
402 5705 490 5760 modis
500 5704 673 5771 obscuratur,
684 5702 724 5758 rel
737 5718 798 5759 cum
811 5700 959 5779 nrcnstruis
1011 5694 1151 5751 stellarem
1170 5692 1313 5759 trahentis,
1336 5698 1363 5748 ct
1387 5692 1438 5747 boc
1453 5690 1535 5747 modo
1548 5689 1647 5747 amittit
1670 5689 1795 5745 eminen-
