3817 6000
110 230 111 234 ἵ
160 236 196 296 83
623 242 776 300 GARNERl
796 245 874 303 CAN.
897 247 977 305 REG.
998 249 1027 306 S.
1050 251 1211 310 vtutonts
1230 252 1341 310 PARlS.
1750 256 1787 312 tt

159 352 224 409 bere
236 363 395 421 tranantur,
407 354 472 426 quia
494 355 522 410 in
535 357 643 414 actibus
660 360 720 416 suis
731 359 840 417 Satame
852 363 948 418 rotun·
963 373 986 429 Α
1001 382 1051 424 nas
1075 379 1163 425 morte
1187 369 1321 425 liberarit.
1348 367 1394 424 ille
1413 383 1478 441 ergo
1489 368 1609 441 perfidus
1629 368 1788 426 iudeorum

158 447 208 502 tati
222 446 390 503 deseruiunt.
406 446 605 519 ipsumquippe
617 452 749 522 propbeta
770 454 949 527 spiritumap·

158 536 254 605 pellat,
272 552 327 607 quo
339 535 469 593 Salomon
486 539 541 594 ait:
557 538 587 595 Si
601 543 712 612 spiritus
731 553 886 614 potestatem
900 547 949 601 lra-

159 627 242 682 bcntis
258 628 406 684 ascenderit
429 647 507 703 snper
521 641 554 699 te,
568 632 656 688 lactent
671 644 747 689 tuum
767 654 799 692 ne
815 639 948 695 dimiseris

159 720 260 791 (Erote.
275 738 303 790 x,
318 726 358 794 t).
375 724 408 780 Et
424 725 458 780 de
473 742 530 797 quo
545 728 571 782 in
587 727 734 803 Evangelio
755 729 888 788 Dominus
907 733 949 788 di·

158 816 214 870 cit:
227 814 452 874 Cremintmundus
463 819 573 889 spiritus
586 821 680 877 eaierit
690 821 847 891 silcestriae,
859 825 950 879 amiu-

159 904 198 962 lat
211 924 257 979 per
267 908 326 964 laco
346 911 424 964 arido
447 922 471 966 et
487 913 614 985 inaquosa
633 913 745 988 (llattlt.
756 934 805 985 an,
821 919 879 990 iis).
893 917 951 989 spi·

158 1001 229 1057 ritus
241 1016 307 1073 ergo
325 1003 353 1057 in
373 1003 425 1058 alis
439 1020 534 1060 earum
556 1017 609 1074 est,
630 1006 695 1079 quia
710 1009 837 1080 superbia
852 1020 877 1066 et
891 1011 950 1065 ina-

159 1093 204 1149 nis
218 1093 304 1162 gloria
319 1110 367 1165 per
388 1110 470 1150 omrte
487 1097 563 1167 quod
580 1111 665 1170 agunt
690 1101 798 1156 Satanae
816 1101 949 1157 uoluntati

158 1183 338 1241 famulantur.
351 1185 386 1239 tn
406 1187 534 1244 liniebant
548 1190 607 1245 alas
623 1193 700 1262 quasi
713 1193 773 1247 olas
786 1193 869 1248 arilei.
890 1192 951 1249 atit-

159 1292 211 1332 rus
223 1293 330 1347 semper
348 1286 454 1335 naturae
467 1282 561 1338 studet
583 1282 708 1340 insidiari
720 1285 869 1356 pullorum.
889 1285 950 1343 istra

159 1384 226 1443 erga
233 1371 360 1426 mulieres
368 1371 425 1428 alas
436 1372 537 1429 babent
546 1375 625 1446 quasi
635 1377 692 1433 alas
700 1378 784 1445 milri,
793 1379 857 1449 quia
865 1380 951 1435 aetin-

159 1476 210 1517 nes
217 1477 311 1518 earnm
324 1463 433 1519 diabolo
445 1467 539 1535 procul
551 1467 636 1524 dubio
648 1477 712 1525 sunt
724 1468 838 1538 similes,
851 1472 898 1542 qui
908 1471 950 1525 in-

161 1555 278 1629 sidiatur
296 1571 403 1628 semper
413 1556 476 1613 ritae
488 1559 677 1629 parvularum.

408 1672 465 1744 89
491 1671 607 1729 curun
636 1673 692 1729 xu.

469 1782 503 1820 RE
521 1782 642 1823 PASSERE.

160 1854 351 1929 inscriptura
367 1874 445 1912 sacra
470 1859 585 1981 paqseris
605 1860 710 1914 rtorairte
732 1860 853 1915 doristus
869 1862 949 1916 intel-

517 1940 610 1999 agitur.

197 2019 321 2077 Passeris
339 2021 450 2077 tramine
468 2019 596 2079 Christus
616 2023 788 2095 intelligitur,
815 2024 887 2079 sicut
903 2038 951 2093 per

159 2109 333 2167 Psalnaistarn
345 2111 462 2167 dicitur:
473 2110 581 2167 Etenim
599 2129 691 2183 passer
715 2116 812 2169 irruenit
837 2116 889 2169 siii
901 2115 951 2168 do·

159 2219 243 2268 ruurrt,
259 2213 285 2257 et
297 2211 386 2257 turtur
401 2204 494 2258 nidum
506 2221 582 2259 suurn
599 2205 644 2259 uiri
660 2217 769 2275 reponat
790 2205 876 2277 psillos
889 2223 951 2260 satos

159 2295 250 2367 (Paul.
279 2313 395 2362 uxxxtu,
421 2297 460 2368 i).
488 2296 556 2364 Quis
578 2298 652 2354 enirn
667 2299 800 2370 aliusper
812 2315 949 2371 passerem

159 2390 214 2448 nisi
229 2389 393 2461 Redemptor
410 2402 514 2457 noster,
531 2392 636 2462 etquid
660 2408 708 2463 per
737 2403 872 2449 turturem
897 2392 949 2447 nisi

159 2491 256 2537 sancta
271 2480 392 2538 Ecclesia
407 2482 590 2553 exprimitur?
607 2482 667 2538 lana
683 2493 773 2539 autern
787 2500 883 2554 passer
899 2485 951 2539 sibi

160 2572 265 2629 invenit
283 2573 408 2640 domum,
431 2574 496 2645 qnia
517 2583 649 2630 aeterrruna
677 2575 739 2630 coeli
765 2574 952 2632 babitaculum

160 2664 326 2737 Redemptor
337 2674 431 2723 noster
446 2667 566 2722 intravit.
583 2666 616 2721 Et
628 2675 719 2723 turtur
730 2668 833 2724 invenit
845 2669 950 2734 nidum,

161 2760 330 2830 quiasaocta
348 2759 469 2817 Ecclesia
493 2776 586 2817 aurore
601 2762 758 2819 condituris
775 2762 881 2831 allecta,
894 2779 952 2819 crc-

160 2853 221 2910 brls
234 2855 381 2926 gemitibus
396 2855 501 2922 utitur;
524 2864 552 2911 et
566 2855 640 2911 velut
668 2857 762 2912 nidum
787 2856 851 2924 sibi,
871 2856 952 2911 idest

161 2946 365 3017 pacatissimam
378 2946 441 3003 lldci
457 2947 576 3019 quictem
604 2948 749 3016 construit,
781 2948 808 3004 in
825 2964 879 3020 qua
893 2964 951 3005 cre-

162 3047 271 3094 scentes
289 3037 361 3096 tilios
373 3039 453 3109 quasi
466 3039 668 3111 plumescentes
685 3039 784 3109 pullos,
807 3056 952 3111 quousque

998 461 1117 532 populns
1132 462 1275 518 mortalem
1287 462 1370 529 vidit,
1395 461 1441 517 sed
1456 463 1594 533 quamodo
1619 472 1707 519 morte
1724 479 1787 530 sua,

999 562 1114 609 mortem
1128 562 1249 609 nostram
1262 556 1422 619 destrueret,
1439 555 1551 610 minime
1571 555 1696 610 attendit.
1713 554 1788 610 Con·

1000 646 1090 716 spexit
1111 648 1220 717 quidem
1241 647 1389 713 vulturem,
1407 649 1453 702 scd
1470 648 1566 702 uentos
1592 648 1710 704 ruituris
1731 664 1789 704 non

1002 739 1132 808 aspexit:
1150 739 1196 810 qui
1212 739 1277 795 dum
1296 739 1457 794 bttmiiitntis
1477 739 1620 809 clusiles,
1645 749 1672 795 et
1686 741 1790 811 quibus
1836 728 1839 732 Δ

1000 842 1051 882 nos
1063 828 1097 882 ad
1111 829 1164 883 alta
1187 829 1348 896 sublevavit,
1361 828 1644 894 consideraratione,
1662 831 1789 887 semitam

1000 922 1060 978 aris
1086 923 1233 993 ignorarit.
1249 921 1344 994 Reque
1368 925 1441 979 enim
1458 922 1581 992 pensare
1597 924 1702 980 studuit
1713 926 1788 995 quod

1000 1013 1060 1084 ejus
1079 1028 1129 1068 nos
1147 1013 1288 1068 humilitas
1309 1014 1411 1069 levaret
1436 1014 1469 1068 ad
1490 1014 1612 1070 eoelestia
1640 1023 1667 1069 et
1689 1013 1792 1070 mortis

1000 1109 1061 1179 ejus
1077 1108 1193 1164 intentio
1207 1106 1369 1163 relaranaret
1383 1107 1416 1162 ad
1429 1108 1524 1162 ritem.
1551 1105 1680 1162 Sernitanr
1705 1106 1791 1178 iqitar

1001 1201 1133 1272 iquorarit
1146 1200 1213 1265 unis,
1226 1217 1272 1254 nec
1287 1201 1399 1254 intuitus
1411 1216 1450 1255 est
1461 1200 1552 1254 oculos
1576 1200 1701 1265 urebaris,
1723 1200 1788 1270 quia

1000 1294 1051 1348 etsi
1065 1292 1131 1347 ridit
1148 1308 1211 1348 eum
1226 1309 1308 1364 quem
1329 1293 1356 1348 in
1372 1303 1460 1349 morte
1474 1294 1572 1360 tenuit,
1593 1294 1687 1349 ridere
1701 1293 1791 1349 noluit

1000 1394 1103 1454 quanta
1124 1383 1185 1438 rita
1213 1395 1314 1441 nostrae
1341 1385 1427 1456 gloria
1450 1385 1484 1442 de
1509 1385 1569 1456 ejus
1583 1394 1671 1440 morte
1691 1400 1790 1455 seque-

1001 1482 1086 1529 retur.

1284 1586 1399 1643 catur
1431 1585 1502 1642 xtt.

1320 1698 1354 1737 os
1373 1698 1489 1753 ursum,

967 1739 987 1795 ῃ
1002 1773 1035 1827 in
1044 1791 1120 1830 sacra
1135 1772 1273 1844 Scriptmu
1285 1791 1435 1829 muscarum
1449 1766 1552 1831 nonnae
1567 1774 1706 1830 insolentes
1719 1788 1791 1828 curce

1303 1846 1485 1916 desipienter.

1038 1937 1194 1994 blascorum
1214 1938 1324 1992 nornine
1340 1938 1489 1993 insolentes
1501 1952 1574 1993 curre
1590 1936 1789 1993 desideriorum

1002 2031 1154 2088 earrraliuru
1171 2031 1358 2102 designantur,
1380 2030 1451 2086 sicut
1464 2030 1594 2101 scripturn
1610 2038 1671 2085 est:
1692 2027 1792 2082 rilascre

1002 2124 1140 2178 morinum
1151 2123 1263 2193 perdunt
1282 2124 1439 2177 securitatem
1450 2123 1577 2191 ungerenti
1597 2120 1697 2192 (Eccle.
1711 2137 1738 2189 x,
1751 2120 1790 2187 il,

1001 2216 1065 2286 quia
1090 2216 1217 2270 nimirum
1233 2216 1378 2285 supertiam
1390 2216 1588 2286 cogitationes,
1606 2230 1668 2284 quae
1682 2214 1792 2270 assidue

1003 2306 1029 2360 in
1057 2307 1149 2361 onium
1164 2306 1285 2362 carrmlia
1304 2305 1440 2376 cogitante
1464 2313 1491 2359 et
1515 2313 1667 2360 nascuntur
1686 2313 1713 2358 ct
1725 2304 1793 2358 deli·

1002 2397 1089 2461 ciunt.
1101 2413 1161 2451 cam
1177 2396 1338 2452 suavitatem
1353 2413 1406 2466 qua
1423 2397 1611 2466 unusquisque
1625 2395 1792 2450 intrinsecus

1003 2506 1053 2559 per
1071 2489 1198 2559 spiritum
1211 2498 1311 2543 unctus
1322 2498 1374 2555 est,
1386 2488 1513 2558 perdunt,
1528 2487 1659 2558 quoniam
1679 2487 1792 2559 iutegri-

1004 2590 1059 2636 tate
1073 2581 1133 2651 ejus
1145 2578 1248 2650 pertrui
1262 2596 1316 2635 nnn
1339 2570 1550 2652 permittuntur.v
1570 2579 1638 2636 ilina
1660 2589 1702 2636 cst
1716 2579 1791 2651 quod

1004 2671 1138 2744 AEgyptus
1151 2671 1326 2728 multitudine
1350 2688 1507 2728 trausearum
1524 2688 1655 2744 percussa
1679 2672 1790 2743 iegitur.

1003 2762 1064 2831 Qtru
1081 2773 1176 2819 contra
1190 2764 1354 2821 lsraeliticns
1374 2765 1491 2835 papulus
1510 2765 1663 2820 custodiam
1680 2763 1792 2819 Sabbati

1004 2858 1107 2928 accepit
1124 2858 1152 2912 in
1167 2872 1280 2912 untnere
1298 2857 1396 2928 (liaod.
1414 2875 1473 2924 rrrr,
1486 2858 1544 2927 et).
1575 2857 1644 2924 Quid
1665 2857 1738 2912 eninr
1763 2856 1791 2910 in

1005 2953 1057 3009 bac
1092 2951 1146 3006 rita
1180 2950 1347 3006 laboriosius
1383 2966 1464 3023 quant
1500 2951 1617 3009 terrenis
1648 2949 1792 3007 desideriis

1005 3043 1139 3100 estuaret
1158 3041 1213 3096 Aut
1237 3043 1302 3113 quid
1327 3042 1373 3098 bic
1396 3042 1449 3112 91
1466 3043 1585 3114 quietius
1597 3059 1679 3114 quam
1707 3041 1792 3112 liujus

163 3130 197 3185 ad
210 3132 353 3202 superiora
368 3131 487 3200 evolent,
516 3131 661 3189 charitatis
676 3131 780 3203 grentio
804 3131 952 3189 calefactos
966 3106 989 3166 C
1005 3136 1097 3192 secuti
1111 3134 1178 3189 nibil
1195 3137 1339 3205 appeteret
1362 3134 1482 3206 Populus
1496 3151 1562 3208 ergo
1589 3137 1635 3207 qui
1651 3135 1736 3191 [terrm
1748 3149 1793 3190 se·

162 3224 245 3279 lavet.

451 3316 566 3372 CAPUT
594 3315 662 3372 xta.

466 3426 499 3464 oe
518 3425 652 3465 reterens.

164 3499 199 3555 ln
214 3498 354 3571 Scriptura
364 3519 441 3556 sacra
465 3501 577 3624 ruiquris
600 3518 704 3556 rrouuuc
728 3501 849 3558 Citristus
874 3501 954 3555 intel·

518 3581 611 3643 tqrtttr.

1005 3228 1110 3299 nititur,
1128 3227 1234 3299 accepit
1250 3227 1411 3290 Sabbatum,
1435 3229 1515 3285 idest
1538 3229 1659 3300 requiem
1681 3229 1792 3294 ruentis,

1006 3320 1128 3375 utnulla
1151 3319 1177 3374 io
1202 3320 1255 3375 lrac
1271 3321 1326 3376 rita
1351 3320 1550 3377 desideriorum
1566 3320 1722 3377 carnatium
1744 3336 1793 3391 ap·

1008 3412 1092 3481 petitu
1107 3408 1245 3482 fatigetur.
1259 3410 1393 3484 AEgyptus
1416 3427 1491 3476 vcro,
1517 3430 1577 3484 qur<
1593 3412 1675 3482 buius
1698 3414 1793 3468 murrdi

1006 3519 1125 3574 spectem
1144 3513 1228 3571 tenet,
1240 3505 1344 3560 muscis
1360 3505 1522 3574 percutitur.
1549 3502 1642 3559 Rusca
1659 3503 1732 3559 eninr
1749 3503 1793 3558 ni·

1006 3598 1058 3653 nris
1072 3597 1194 3653 insolens
1207 3607 1235 3653 et
1250 3597 1401 3668 inquietum
1420 3606 1463 3654 cst
1486 3597 1597 3665 aniani,
1616 3597 1643 3651 io
1657 3614 1710 3669 qun
1726 3596 1793 3668 quid

200 3682 326 3742 luituris
352 3683 461 3740 nontin*
476 3684 641 3755 Redemptor
665 3693 758 3740 noster
784 3682 954 3756 intelligitur,
1006 3689 1079 3745 aliud
1095 3705 1179 3761 quarn
1197 3690 1347 3747 insolentes
1371 3707 1444 3746 curae
1464 3690 1663 3746 desideriorum
1696 3704 1794 3745 carna·

164 3776 237 3831 sieut
262 3791 311 3846 per
323 3777 431 3831 neutuna
445 3775 496 3832 lob
507 3777 541 3831 dc
552 3775 709 3833 tuuaeomm
721 3774 821 3846 populo
832 3774 933 3830 dicitur
946 3793 953 3829 τ
1007 3783 1074 3837 tium
1087 3781 1284 3854 designantur?
1293 3781 1427 3853 AEgpptus
1440 3794 1506 3852 ergo
1517 3780 1619 3835 muscis
1632 3779 1791 3850 percutitur,

165 3867 295 3924 Sernitam
307 3870 439 3941 ignorauit
453 3871 521 3936 auis,
540 3887 587 3925 uec
601 3870 717 3926 intuitus
734 3879 773 3924 est
788 3868 877 3924 oculos
895 3868 954 3923 unl—
1008 3878 1075 3946 quia
1092 3891 1187 3931 eorum
1201 3875 1283 3930 corda
1296 3875 1342 3944 qni
1358 3883 1492 3929 terrenam
1508 3874 1590 3926 vitam
1601 3872 1727 3942 diligunt,
1745 3872 1794 3928 (ιε.

166 3963 235 4018 turis
248 3961 310 4033 (tot
334 3963 442 4036 xxrnr).
459 3963 527 4030 Quis
540 3964 613 4019 etrirn
634 3964 685 4019 boc
698 3963 759 4019 luca
774 3962 833 4019 aris
845 3962 956 4018 nomine
1007 3965 1172 4033 sidoniorum
1186 3980 1300 4020 suorum
1321 3963 1557 4035 inquietudinibus
1572 3962 1719 4030 leriurrtur,
1733 3972 1792 4019 tnr-

165 4054 220 4109 uisi
234 4053 279 4110 ille
293 4055 427 4126 signatur,
438 4055 485 4125 qui
503 4071 603 4125 corpus
618 4069 747 4111 carneum
763 4053 836 4125 quod
847 4066 957 4108 assum·
1007 4058 1050 4114 bis
1063 4057 1258 4129 cogitationum
1271 4057 1423 4111 carnalium
1439 4056 1472 4110 ad
1498 4055 1552 4109 ima
1565 4055 1695 4125 depressa
1717 4066 1792 4123 sunt,

165 4146 230 4215 psit,
244 4146 417 4203 ascendendo
429 4147 463 4203 ad
475 4146 576 4203 aethera
591 4146 722 4202 librauit?
742 4144 794 4212 Qui
811 4154 873 4215 apte
886 4157 956 4215 quo·
1007 4158 1037 4204 nt
1050 4149 1083 4204 ad
1093 4147 1192 4219 quietis
1207 4147 1309 4202 intimae
1321 4147 1486 4202 desiderium
1500 4162 1554 4202 non
1568 4146 1700 4202 leventur.
1715 4144 1794 4203 Unde

165 4238 448 4308 quaetiantrulturis
465 4238 647 4309 appellatione
666 4237 840 4308 exprimitur.
857 4234 956 4290 tutam
1007 4257 1069 4296 cnm
1088 4238 1348 4310 miraopepietatis
1376 4236 1687 4305 adcorreritasrenit,
1716 4238 1793 4309 prius

165 4334 344 4404 quippedum
360 4333 444 4398 volat,
469 4333 491 4388 si
505 4333 599 4404 jacens
615 4333 732 4388 cadauer
752 4330 896 4402 conspicit.
920 4330 957 4385 ad
1007 4333 1042 4387 alt
1060 4347 1093 4388 eo
1105 4330 1301 4402 cogitationum
1316 4328 1470 4385 carnalium
1484 4337 1567 4385 aestus
1583 4328 1669 4400 ejicit,
1691 4338 1794 4401 etpost

166 4441 245 4481 esum
270 4441 300 4481 se
325 4425 466 4482 cadaveris
490 4425 611 4496 deponit.
641 4423 674 4480 Et
698 4424 857 4495 plerumque
872 4422 912 4478 siu
927 4420 955 4476 in
971 4458 993 4512 D
1009 4426 1035 4480 in
1049 4442 1083 4482 eo
1100 4425 1230 4481 uirtutum
1244 4424 1316 4479 dona
1330 4423 1462 4494 disponit.
1479 4420 1557 4489 Quod
1571 4422 1640 4477 bene
1655 4422 1736 4478 nobis
1750 4439 1794 4478 sa·

166 4527 255 4573 morte
269 4519 386 4588 capitur,
410 4520 475 4573 dnm
501 4519 534 4573 ad
561 4528 700 4573 mortuum
716 4516 816 4571 arrirnal
833 4515 866 4570 de
879 4530 955 4570 suns-
1008 4519 1047 4573 eri
1066 4516 1205 4589 Evangelii
1216 4515 1331 4572 historia
1347 4514 1451 4578 innuit.
1476 4514 1504 4568 iu
1517 4527 1572 4584 qua
1589 4512 1653 4567 dunt
1669 4512 1702 4566 ad
1717 4526 1794 4566 resu-

167 4610 220 4665 mis
230 4612 313 4666 venit.
329 4609 410 4666 Rectc
421 4625 486 4682 «rgo
499 4611 554 4682 90
565 4610 697 4666 ,liediator
708 4609 755 4665 Rei
766 4607 953 4671 censorinum,
1009 4609 1161 4665 seitandam
1177 4607 1260 4662 liliam
1273 4604 1547 4661 inritatuslionainus
1562 4602 1717 4670 duceretur,
1731 4615 1794 4672 pro·

168 4701 332 4774 Redemptor
342 4712 443 4768 noster,
453 4702 758 4774 vulturisappellatione
767 4698 953 4772 signatur.qni
1010 4702 1085 4756 tinus
1100 4699 1208 4756 additur
1225 4716 1232 4753 :
1250 4697 1285 4752 tn
1298 4698 1527 4768 cumejcctarsset
1546 4695 1633 4761 turba,
1651 4693 1794 4747 intraritrt

167 4810 284 4850 mertens
300 4794 326 4849 in
338 4795 483 4850 altitudine
497 4794 648 4850 divinitatis
660 4809 728 4858 suae,
741 4790 821 4863 quasi
834 4790 953 4861 quodam
1007 4793 1091 4846 tenuit
1099 4789 1316 4859 nranumpnelloe‚
1325 4798 1349 4844 et
1357 4788 1472 4843 surrexit
1479 4783 1792 4856 puellntllattlrnnibt.

166 4888 258 4944 relatu
275 4887 385 4944 sublimi
399 4886 515 4945 cadaver
532 4886 707 4943 mortalitatis
722 4893 822 4940 nostra·
836 4897 954 4953 conspe·
1008 4883 1095 4939 Foras
1108 4898 1174 4955 ergo
1187 4882 1265 4938 turba
1277 4882 1396 4952 ejicitur,
1410 4888 1440 4935 nt
1451 4878 1539 4950 puella
1554 4877 1712 4942 suscitetur,
1729 4874 1793 4947 quia

168 4982 209 5036 xit
224 4981 251 5035 in
267 4980 380 5047 inlinis,
400 4990 428 5036 et
443 4996 504 5037 sese
515 4981 549 5035 de
561 4978 720 5035 coelestilrus
735 4977 768 5032 ad
782 4975 836 5031 ima
848 4975 955 5030 submi·
1008 4976 1031 5030 si
1045 4991 1099 5029 uon
1123 4977 1199 5045 prins
1219 4990 1235 5029 a
1255 4972 1450 5031 secretioribus
1470 4971 1561 5028 cardis
1580 4967 1725 5040 expellitur
1744 4967 1794 5021 im·

167 5074 215 5129 sit.
232 5062 304 5128 Fieri
316 5073 416 5144 quippe
442 5079 553 5143 propter
578 5086 629 5126 nos
648 5070 731 5125 bomo
756 5069 954 5140 dignatusest.
1009 5076 1124 5139 portuna
1149 5066 1323 5123 saecularium
1347 5065 1494 5122 multituda
1514 5079 1663 5129 curarum,
1690 5062 1793 5128 anima,

168 5164 202 5219 Et
220 5164 285 5219 dum
299 5162 654 5232 mortuumaninralpctiit,
683 5168 799 5216 mortem
818 5159 889 5231 apud
904 5174 957 5214 nas
1008 5174 1069 5230 quse
1081 5159 1247 5214 intrinsecus
1263 5157 1347 5228 jacet,
1362 5165 1470 5212 mortua
1489 5171 1544 5210 trun
1570 5151 1700 5223 resurgit.
1725 5148 1792 5204 Nam

168 5257 215 5328 qui
229 5257 301 5330 apud
313 5271 341 5310 se
364 5265 423 5309 erat
444 5255 636 5309 immortalitas
657 5254 770 5309 inrenit.
791 5254 844 5310 Sed
872 5253 955 5323 bajus
1008 5252 1073 5307 dum
1084 5267 1115 5308 se
1126 5266 1175 5323 per
1188 5251 1346 5306 innumeras
1358 5259 1526 5305 terrenorum
1539 5245 1737 5302 desideriorum
1748 5256 1794 5298 co·

167 5350 285 5406 vulturis
310 5348 418 5413 ocultis,
444 5348 496 5403 tuit
510 5348 567 5417 ipsa
583 5349 696 5404 intentio
719 5357 819 5402 nostrae
835 5362 955 5401 resurre-
1009 5344 1154 5417 gitationes
1168 5343 1281 5415 spargit,
1299 5342 1332 5398 ad
1349 5340 1600 5398 considerationem
1624 5338 1666 5394 sui
1681 5335 1794 5392 nullate·

169 5437 276 5503 crimus,
305 5439 488 5510 qtriaipscad
512 5440 772 5508 triduurnnmrums
802 5440 835 5494 ab
853 5449 952 5495 aeterua
1010 5455 1061 5493 rrtts
1074 5437 1184 5508 colligit.
