3817 6000
106 252 143 312 89
698 246 963 311 custodiarum.
981 286 1018 297 -
1036 252 1102 312 tm.
1122 255 1166 311 lll.
1714 258 1750 316 90

105 370 180 429 tibus
197 367 227 424 in
242 368 437 441 predicatione
452 386 508 425 aon
529 368 639 435 socias,
655 384 754 441 nuper
769 384 833 425 euna
859 367 907 439 qui
921 371 945 430 a
959 371 1072 440 respuit,
1094 386 1127 428 ea
1147 372 1205 443 iam
1225 372 1330 444 agendo
1345 372 1466 445 prolcrat
1477 388 1539 444 qua
1556 371 1602 427 liei
1614 372 1750 429 sacrificio

107 461 222 536 implere
243 476 303 517 rem
318 477 375 518 noa
401 463 474 518 ralet
492 470 521 519 et
542 461 581 517 illi
606 461 653 533 qui
670 463 798 532 prevalet
823 461 901 519 obsi·
951 459 1084 535 imponat.

106 568 172 615 stas.
989 553 1064 625 (ltu)
1083 553 1160 610 Asini
1176 555 1288 611 nomine
1302 570 1367 612 caro
1385 565 1478 613 nostra
1491 553 1660 626 designatur,
1679 555 1751 612 sicut

141 647 220 719 ilfi)
252 647 319 705 ltem
343 648 484 705 asinorum
509 649 689 720 appellatione
721 648 900 705 immoderata
952 646 1751 720 inlibroludicumdieitnr:Acumincum,acdenssuper

107 743 292 813 petulantium
326 742 436 798 luxuria
468 742 650 814 exprimitur,
669 743 801 813 propbeta
832 750 901 798 teste
951 742 1058 796 asinum
1088 739 1241 811 respirauit.
1264 737 1315 796 Gai
1334 740 1404 794 dicit
1423 750 1500 810 poter
1520 739 1576 808 ejas
1590 752 1600 789 ι
1616 737 1750 803 Quidue·

105 836 231 908 pulait:
258 836 378 901 Quorum
403 851 497 890 carnes
513 845 586 899 sunu,
605 844 634 889 ut
654 851 747 892 cornea
763 836 901 890 asinorum
952 833 1017 889 bea?
1036 833 1116 906 100
1132 833 1167 888 dc
1182 832 1231 888 illn
1246 833 1381 905 cesporrdit
1394 833 1455 888 :ua
1469 833 1534 888 milri
1544 831 1749 888 benedictionem

105 926 312 1002 (secennio,
323 926 382 998 ιιι).
950 927 1013 998 quia
1025 935 1124 1001 terrent
1135 935 1251 981 arentem
1266 926 1363 982 dedisti
1381 927 1458 993 asilu,
1470 926 1587 998 junpeet
1606 926 1747 997 irriguum.

138 1020 218 1093 (lau)
237 1019 388 1075 Asinorum
403 1017 515 1075 nomine
529 1018 689 1090 simplicitas
703 1019 843 1092 gentilium
857 1020 903 1077 de·
951 1017 1030 1073 Dedit
1055 1019 1079 1074 ei
1097 1028 1174 1089 poter
1193 1019 1324 1090 irripuunt
1351 1036 1483 1090 sumnus,
1507 1029 1533 1073 et
1555 1020 1687 1091 irripuuru
1705 1018 1749 1074 in·

105 1111 243 1181 signatur.
259 1107 336 1166 Unde
346 1108 499 1167 Jerusalem
511 1111 624 1167 tendem
634 1110 900 1177 Dominus,ascllum
951 1109 1035 1180 ferias
1049 1107 1126 1181 (lud.
1146 1126 1165 1177 r,
1180 1110 1288 1181 lli-lli).
1302 1108 1373 1178 Quid
1388 1125 1437 1181 per
1451 1109 1559 1166 asinum
1579 1109 1632 1163 nisi
1647 1124 1748 1180 corpus

106 1202 212 1259 sedisse
230 1202 394 1274 perhibetur
408 1201 520 1273 (ιιιιιι.
532 1218 590 1267 xxr,
605 1201 643 1271 l).
667 1201 739 1269 Quid
762 1214 804 1260 est
827 1206 900 1260 euim
950 1209 1075 1259 nostrum
1086 1202 1258 1274 aeciptmnst
1270 1183 1329 1256 sxa
1342 1210 1433 1258 autem
1445 1216 1527 1272 super
1539 1179 1648 1256 asinu’m
1661 1199 1746 1268 sedet,

103 1296 229 1353 sedendo
243 1296 354 1352 asinum
368 1285 522 1353 ierusalem
534 1295 640 1363 uenire,
665 1296 718 1352 nisi
741 1297 901 1369 gentilitatis
951 1312 1014 1352 cum
1034 1295 1266 1351 irrationabilibus
1278 1295 1371 1350 carnis
1381 1309 1439 1350 succ
1457 1293 1642 1364 motibnsjam
1655 1293 1747 1349 anima

14 1456 16 1471 ᾗ
102 1388 242 1460 simplicia
268 1388 353 1444 corda
374 1388 548 1461 possidendo,
566 1404 598 1445 ea
619 1388 653 1444 ad
668 1389 802 1446 visionem
826 1392 902 1463 pacis
950 1389 1087 1460 ptaesldet.
1110 1388 1177 1456 Quae
1200 1388 1343 1459 suspirans
1357 1403 1373 1443 a
1388 1396 1465 1456 patre
1490 1396 1592 1442 terrant
1615 1385 1747 1457 irriguam

102 1482 237 1555 regendo,
259 1491 289 1538 et
312 1482 485 1554 praesidendo
509 1483 674 1554 perduceret
689 1480 767 1541 Unde
789 1500 899 1542 rursum
950 1480 1027 1552 petit,
1044 1478 1108 1551 quia
1137 1495 1152 1536 a
1175 1479 1306 1535 Creatore
1329 1487 1425 1535 nostro
1448 1493 1510 1534 cunr
1534 1478 1747 1550 maguogemitu

101 1575 237 1645 σαιριιιιιι
254 1573 451 1645 esttcopnooit
466 1573 511 1628 los
525 1590 701 1646 possessorem
714 1591 802 1643 suun,
814 1586 839 1630 et
850 1577 902 1631 osi-
950 1571 1098 1643 quaerenda
1117 1580 1160 1626 est
1185 1570 1370 1642 laerymarum
1405 1570 1503 1642 gratia.
1531 1568 1602 1625 Sunt
1629 1584 1748 1640 namque

102 1684 150 1723 nss
164 1682 284 1737 presepe
297 1664 448 1721 dominicati
464 1663 534 1736 (iso.
553 1682 572 1731 r,
585 1668 613 1733 ι,
627 1667 666 1738 a).
678 1665 746 1735 Quis
760 1667 834 1724 enim
848 1666 899 1723 bos
951 1663 1074 1719 nonnulli
1095 1664 1142 1734 qui
1163 1661 1219 1734 jam
1242 1662 1269 1717 in
1292 1663 1366 1718 dono
1387 1673 1570 1734 perruperunt
1590 1662 1675 1716 libere
1696 1676 1747 1732 pro

105 1758 161 1814 nisi
171 1756 308 1814 iudaicus
319 1759 439 1829 populus
448 1758 645 1830 sustinemus
655 1760 789 1816 nemiuem
799 1761 895 1832 juguni
914 1734 1054 1824 Biustitia
1079 1754 1181 1825 eloqui,
1210 1754 1449 1825 oppressosmart,
1482 1754 1667 1825 indigentibus
1682 1766 1747 1824 pos·

104 1850 172 1923 legis
180 1850 305 1905 attrivit?
314 1848 346 1905 Et
356 1849 519 1920 qtrlsasinus
527 1850 579 1907 nisi
589 1852 823 1923 gentilispopnlns
834 1852 895 1921 luit,
947 1860 1023 1902 sessa
1034 1846 1163 1911 tribucre,
1176 1846 1301 1908 ardorem
1318 1845 1380 1901 lidei
1395 1845 1497 1901 ltabcre
1510 1863 1518 1913 ;
1533 1845 1580 1900 sed
1592 1845 1694 1899 habere
1706 1844 1747 1899 la-

104 1959 186 2014 quem
203 1942 321 2014 quilibet
333 1942 463 1998 seductor
473 1942 584 2014 reperit,
596 1943 677 2014 quasi
697 1943 808 2000 brutum
835 1944 896 2000 ani·
946 1956 1101 2012 cryutarum
1122 1939 1236 2011 gratiani
1250 1954 1305 1994 non
1320 1938 1431 1994 babent.
1450 1937 1481 1992 lli
1499 1938 1629 1993 nirtrirunr
1641 1946 1743 1992 terrarn

104 2035 170 2102 mal,
186 2043 217 2090 et
237 2033 312 2089 nulla
333 2036 441 2090 ratione
455 2036 586 2103 renitens,
608 2051 665 2107 quo
693 2036 779 2092 noluit
804 2051 897 2094 errore
946 2031 1094 2086 australem
1109 2038 1137 2085 ei
1158 2039 1280 2085 arentem
1304 2029 1421 2095 liabent3
1441 2027 1489 2085 set!
1523 2028 1614 2083 tillut
1637 2028 1741 2099 litlssttt

103 2126 280 2185 substravit?
301 2125 354 2184 Bos
368 2141 435 2199 ergo
448 2142 634 2198 possessorem
653 2143 745 2195 suum,
760 2129 896 2186 erasinus
946 2121 1079 2193 indigent,
1100 2122 1165 2193 qnia
1178 2121 1206 2177 in
1221 2121 1302 2176 bonis
1318 2120 1449 2191 operibus
1461 2119 1554 2191 positi,
1570 2119 1672 2191 quibos
1683 2134 1745 2174 nra·

102 2217 159 2290 99
170 2232 296 2289 praesepe
311 2218 416 2274 domini
433 2217 581 2290 cognorit;
601 2219 666 2289 quia
690 2228 719 2276 et
745 2218 896 2278 liebraieus
946 2215 993 2287 gni
1009 2224 1091 2284 atquae
1104 2212 1240 2270 lerientes
1254 2223 1329 2279 sunt,
1340 2221 1448 2284 oportet
1461 2224 1492 2268 ut
1503 2223 1551 2268 aut
1561 2213 1659 2268 tirnore
1673 2227 1743 2283 sup·

102 2309 225 2381 populus
241 2307 328 2366 Βειιιιι
347 2324 429 2382 quem
447 2310 574 2376 colebat,
593 2311 641 2368 sed
660 2311 804 2383 ignorabat
817 2327 895 2384 repe·
946 2308 1085 2379 plicii,ant
1094 2323 1188 2362 amore
1200 2308 1275 2379 regni
1289 2307 1486 2363 coelestisntala
1499 2307 1580 2362 etiam
1593 2321 1656 2377 quae
1666 2316 1745 2362 arrtca

99 2401 157 2457 rit:
174 2411 204 2458 et
215 2402 354 2475 gentilitas
370 2402 440 2474 legis
456 2402 588 2473 pabulum
605 2403 680 2475 quad
699 2420 754 2461 non
767 2405 895 2475 babebat,
944 2399 1387 2473 perpetraverout,dcplurent.Sed
1398 2400 1462 2473 quia
1474 2401 1528 2456 cluo
1539 2408 1603 2457 sunt
1613 2415 1746 2472 conspua-

97 2494 220 2565 accepit.
946 2492 1046 2548 dionis
1062 2508 1171 2564 genera,
1196 2494 1261 2563 quia
1279 2491 1365 2549 Dcurn
1387 2490 1512 2548 uidelicet
1525 2492 1623 2548 sitiens
1652 2494 1744 2546 anima

133 2584 232 2643 Potest
244 2602 354 2660 quoque
363 2603 413 2659 per
426 2587 533 2645 asinum
549 2588 676 2660 quislibet
693 2589 779 2646 fidelis
793 2590 895 2660 aalma,
946 2581 1023 2653 prius
1034 2582 1132 2639 timore
1141 2583 1344 2655 compungitur,
1353 2590 1415 2654 post
1428 2582 1650 2648 anrore,deditei
1665 2581 1746 2638 Pater

97 2679 144 2737 ael
167 2690 265 2737 sancta
295 2679 457 2737 arrisersalis
484 2679 605 2737 Ecclesia
640 2682 788 2754 designari,
817 2681 895 2741 Unde
946 2674 1155 2745 suusirriguum
1167 2677 1324 2745 superiusct
1338 2674 1470 2747 irriguum
1480 2673 1744 2746 iuferiusdrciguunt

100 2773 270 2846 dederuptor
296 2785 391 2830 noster
413 2772 441 2829 in
466 2774 552 2830 asello
575 2775 673 2831 sedens
703 2777 789 2832 tendit
816 2776 897 2834 leru-
945 2765 1047 2837 quippe
1056 2765 1288 2837 SUWlUS'dissllll
1298 2766 1400 2833 anima,
1415 2781 1478 2822 ⁰⁰¹⁰
1490 2782 1550 2822 ⁸⁰³0
1563 2767 1590 2820 ιιι
1604 2767 1743 2837 'winilis

98 2869 197 2926 taient
945 2860 1022 2933 regni
1043 2861 1162 2916 caelestis
1183 2859 1319 2916 desiderio
1340 2860 1451 2934 aflligit3
1466 2861 1597 2933 irriguum
1626 2859 1745 2915 cernitu·

134 2957 216 3029 (tet)
236 2957 315 3015 asim
331 2957 443 3014 nomine
459 2957 483 3014 ts
512 2958 559 3031 ιρι
575 2957 693 3015 aliorum
719 2960 896 3020 necessitates
946 2952 1032 3011 scrius
1050 2952 1234 3025 accipitrum
1257 2950 1356 3008 interni
1382 2952 1514 3024 scrutinia
1542 2951 1632 3007 lurido
1656 2951 1742 3023 nerti-

99 3061 248 3115 sostentat.
264 3053 432 3124 designetur,
450 3052 522 3108 sieut
541 3068 589 3124 per
602 3053 711 3109 beatum
731 3052 782 3111 lob
792 3057 825 3112 de
839 3056 895 3112 liae·
909 3094 930 3151 C
946 3047 1053 3103 mescit.
1069 3046 1102 3102 Et
1113 3048 1189 3117 prius
1209 3046 1320 3118 quidem
1346 3046 1371 3103 ei
1394 3045 1523 3112 interius,
1541 3060 1573 3101 ac
1594 3055 1666 3116 post·
1680 3045 1744 3100 irri-

99 3146 196 3202 reticis
219 3144 321 3201 dicitur
335 3163 342 3199 :
358 3145 470 3199 Asitium
484 3143 647 3216 pupillorum
667 3143 808 3216 adspernari
834 3145 895 3218 (lob
947 3156 1031 3213 guum
1043 3141 1170 3211 superius
1181 3141 1272 3197 datur.
1296 3139 1350 3196 Sed
1365 3140 1430 3212 quia
1440 3140 1615 3210 compunctio
1640 3138 1743 3195 amoris

100 3255 178 3304 surr,
203 3237 242 3304 5).
270 3236 341 3305 Quid
360 3236 433 3291 enim
448 3250 497 3307 per
520 3235 640 3306 pupillos
667 3236 828 3306 accipimus,
842 3237 895 3294 nisi
946 3233 1078 3306 dignitate
1089 3235 1257 3306 proeminet,
1271 3249 1382 3291 necasse
1402 3233 1454 3290 luit
1468 3245 1499 3288 ut
1512 3232 1590 3304 prius
1605 3231 1740 3303 irriguum

99 3330 207 3384 clectos
219 3325 267 3384 ltei
286 3329 314 3383 in
328 3326 429 3382 mentis
443 3325 625 3382 teneritudine
644 3328 761 3396 positus,
775 3328 823 3399 quii
838 3343 897 3383 ma·
946 3327 1083 3396 superius,
1102 3335 1204 3398 etpost
1222 3327 1356 3399 irriguum
1387 3325 1503 3382 iniurius
1530 3323 1743 3380 commemorari

100 3436 154 3495 gua
174 3417 518 3490 lideigratianutriuutur,
543 3426 571 3472 et
594 3416 678 3487 patris
704 3417 746 3472 sui
760 3418 817 3489 jam
846 3433 896 3488 pro
946 3418 1096 3476 debuisset.
1116 3419 1288 3486 Durrautem,
1315 3428 1345 3475 ut
1364 3417 1432 3486 dixi,
1463 3415 1683 3488 compunctionis
1693 3431 1742 3487 ge·

99 3530 130 3570 se
143 3511 249 3568 mortni
264 3509 360 3567 taciem
374 3509 490 3565 necdum
513 3509 623 3565 ιιιιιιιιι
647 3508 680 3563 Et
701 3511 897 3582 suutplerique
946 3527 1012 3567 nera
1024 3522 1090 3568 sunt
1112 3513 1200 3583 :quia
1214 3512 1291 3583 prius
1306 3512 1404 3568 timore
1423 3512 1513 3567 anima
1538 3509 1740 3581 compungitur,

98 3606 128 3662 ia
143 3603 269 3659 Ecclesia
278 3603 324 3674 aui
335 3600 469 3672 quosdam
484 3602 659 3672 conspiciunt
677 3602 797 3658 caelestia
815 3617 898 3673 appe·
947 3613 1009 3675 post
1022 3620 1126 3660 arnone.
1138 3603 1218 3661 Prius
1231 3605 1303 3660 enirn
1317 3620 1376 3661 sese
1389 3603 1417 3660 in
1432 3603 1560 3677 lacrymis
1570 3602 1662 3669 allicit,
1676 3601 1741 3672 quia

99 3709 173 3763 tere,
186 3706 293 3752 terrena
307 3695 401 3751 mania
428 3696 566 3767 despectui
590 3696 689 3752 babere
702 3713 709 3763 ;
723 3706 749 3752 et
771 3698 896 3767 qrrarnris
946 3695 1012 3751 dum
1031 3696 1166 3752 malornm
1191 3712 1304 3753 suorum
1318 3696 1424 3764 recolit,
1437 3695 1544 3768 probis
1561 3694 1664 3767 perpeti
1676 3709 1742 3766 sup·

99 3792 154 3863 ipsi
170 3789 201 3845 in
217 3788 403 3859 hujusmundi
419 3786 559 3844 laboribus
583 3788 721 3856 insudent,
737 3804 785 3845 eos
805 3799 896 3847 tannen
946 3787 1027 3859 plicia
1041 3797 1142 3843 aeterrm
1153 3789 1332 3859 pertimescit.
1343 3789 1379 3844 At
1400 3803 1535 3845 verocum
1547 3789 1627 3859 longa
1637 3800 1741 3843 moero·

97 3899 172 3957 qnos
191 3883 227 3938 ad
248 3881 369 3938 coelestia
384 3881 512 3938 anhelare
546 3882 728 3953 conspiciunt,
754 3883 787 3939 de
813 3884 897 3941 rebus
946 3880 986 3936 ris
1002 3879 1139 3935 anxietate
1158 3877 1241 3935 luerit
1268 3879 1387 3936 lormido
1409 3887 1589 3949 consumpta,
1614 3879 1740 3950 numiam

97 3976 213 4049 quasin
232 3974 286 4030 boc
308 3975 411 4029 mundo
439 3974 581 4045 possident
608 3975 764 4046 brrjusritre
789 3977 897 4048 adjuto·
943 3970 1271 4043 jamuepraesumprione
1294 3971 1381 4028 Vinlae
1401 3971 1536 4028 “inillis
1564 3971 1697 4036 dascillii,
1711 3978 1740 4026 tl

98 4070 174 4127 riaru
188 4066 294 4122 ierunt
313 4064 348 4119 Et
365 4065 492 4137 quamvis
518 4066 569 4138 ipsi
595 4081 676 4138 agere
692 4067 824 4138 spiritalia
848 4085 897 4127 ne-
945 4063 975 4119 in
997 4078 1092 4120 amore
1113 4062 1265 4120 celestium
1281 4062 1444 4136 gaudiorum
1461 4063 1571 4119 artimus
1584 4061 1739 4117 irritamina·

98 4168 216 4237 quant,
231 4159 266 4214 ad
279 4173 386 4215 summa
399 4167 488 4214 minen
510 4159 684 4216 tendentibus
706 4161 828 4218 subsidia
846 4163 898 4219 mi.
946 4164 1008 4225 tur;
1022 4165 1050 4212 et
1065 4156 1113 4227 qui
1130 4156 1206 4228 prius
1221 4157 1334 4212 timebat
1357 4172 1391 4212 ue
1405 4156 1551 4213 duceretur
1574 4154 1608 4210 ad
1633 4153 1740 4226 suppli·

98 4258 231 4314 nistram.
245 4252 358 4309 Portare
368 4253 441 4309 enim
455 4253 550 4310 asinus
562 4268 645 4310 onera
660 4234 801 4311 hominnm
817 4256 896 4313 solet.
946 4249 1031 4317 ciunt,
1046 4249 1221 4320 postmodum
1236 4249 1302 4306 llere
1315 4248 1487 4306 amarissime
1508 4244 1740 4319 incipitquiadil·

99 4347 187 4418 Quasi
203 4361 272 4418 ergo
286 4344 398 4416 qnidam
411 4345 507 4402 asinus
525 4345 673 4401 electorum
690 4347 792 4418 estqui
809 4357 897 4405 terre-
948 4341 1065 4398 leuuca
1086 4357 1180 4415 regno.
1200 4340 1301 4412 Slcque
1316 4340 1347 4396 ut
1364 4350 1395 4397 ut
1421 4339 1539 4412 perlecta
1564 4337 1740 4410 compunctio

99 4442 147 4497 nis
162 4439 250 4495 rebus
262 4436 420 4493 desernieus
444 4436 569 4508 deportat
595 4452 679 4493 oraora
696 4438 793 4495 usibus
810 4439 898 4495 bomi-
911 4449 935 4511 p
949 4434 1102 4493 formidinis
1126 4433 1215 4490 tradat
1239 4434 1362 4489 animum
1387 4433 1591 4505 compunctioni
1614 4431 1738 4490 dilectio·

100 4545 181 4587 natu.
206 4527 243 4584 Et
254 4543 326 4599 saepe
336 4543 398 4583 cunt
413 4527 532 4584 haretici
546 4528 695 4598 quemlibet
708 4529 789 4586 talem
804 4545 819 4585 a
833 4545 898 4585 sau-
947 4529 993 4585 nis

100 4633 153 4679 απ
175 4620 308 4677 Ecclesiae
333 4620 439 4690 gremio
463 4629 601 4688 avertunt,
625 4621 705 4690 quasi
731 4622 896 4693 pupillorum
1298 4660 1414 4718 CAPUT
1439 4660 1473 4717 W

101 4717 214 4772 asinum
237 4713 361 4786 abigunt,
371 4713 436 4785 quin
454 4728 517 4769 cum
533 4714 566 4770 ad
589 4714 730 4785 perfidiam
743 4731 821 4771 suam
834 4731 896 4787 per·
1197 4662 1303 4810 Imm
1326 4771 1401 4812 mm
1476 4702 1485 4719 ⁴

100 4809 228 4876 ‘'mn“
249 4807 432 4912 ²‚¹¹¹‚i⁰i⁵oefi⁰
450 4807 585 4912 b⁰⁰⁰m¹f¹
596 4807 740 4913 ‘welfum'
842 4901 848 4914 ,
948 4846 983 4903 ln
1004 4846 1143 4919 Scriptura
1157 4863 1235 4903 sacro
1249 4848 1387 4902 asinorum
1399 4848 1503 4902 nomine
1521 4846 1665 4920 aliquando
1678 4849 1739 4919 qui·

138 4899 215 4968 (¹23)
234 4899 313 4955 3⁵¹¹st
326 4914 437 4955 ⁰⁰¹⁰¹¹¹0
455 4899 526 4955 ”¹²¹²
543 4907 599 4955 Vlla
620 4900 807 4972 ⁶0⁸¹8¹¹²¹¹²¹¹fr
825 4910 898 4958 ⁸¹0¹st
982 4918 1046 4974 lilet
1069 4918 1225 4988 simpliciter
1239 4920 1359 4984 uiuentes,
1387 4920 1532 4989 aliquando
1547 4929 1634 4975 motus
1649 4921 1737 4974 cordis

100 5003 154 5064 per
168 4988 278 5061 onsen
291 4988 393 5044 dicitur
408 5008 416 5041 ι
432 4987 614 5061 Primogenito
642 4991 712 5045 otini
727 4990 898 5047 nantoliense
982 4989 1160 5054 lascivientes,
1179 4989 1324 5059 aliquunde
1350 4990 1482 5060 simplices
1509 4989 1596 5044 cordis
1633 4992 1736 5062 cogito·

92 5077 206 5176 μω.
229 5095 292 5146 ιω,
311 5079 366 5152 13),
391 5079 444 5136 per
462 5080 571 5136 „inum
596 5080 696 5153 quippe
713 5083 895 5153 immundum
983 5061 1077 5127 tiones,
1092 5060 1236 5131 aliquando
1247 5076 1309 5114 coro
1322 5069 1414 5115 nostro
1428 5060 1594 5132 desipnotccr.

100 5188 152 5246 per
166 5189 247 5230 orent
261 5188 328 5229 rero
348 5174 504 5230 innocentia
531 5173 699 5244 designatur.
719 5174 799 5231 Asini
831 5192 896 5249 crgo
981 5174 1056 5246 (lii)
1075 5173 1222 5232 Asinaeum
1248 5175 1428 5246 appellatione
1440 5176 1554 5248 quilibet
1577 5174 1738 5248 simpliciter

100 5264 285 5337 primogenita
300 5282 352 5322 ore
368 5276 475 5322 mutare
485 5275 528 5322 est
547 5265 696 5324 immundae
709 5268 770 5323 uitae
780 5268 896 5340 prirnor-
948 5269 1072 5326 virentes
1086 5280 1114 5326 et
1134 5269 1232 5325 alienis
1244 5269 1375 5326 alteribus
1398 5271 1540 5341 portandis
1553 5270 1637 5327 dediti
1661 5268 1737 5325 acci·

100 5357 147 5412 uia
163 5355 580 5428 ininnoccntisesimplicitatcm
595 5367 805 5425 converterent
821 5370 897 5431 post·
945 5362 1070 5434 piuntur,
1103 5362 1176 5419 unde
1202 5363 1418 5433 scriptumest:
1444 5363 1527 5421 doces
1558 5364 1683 5430 arctant,
1708 5371 1736 5417 ct

101 5467 188 5524 quan
206 5451 253 5506 illa
264 5460 392 5522 peccatm
402 5452 468 5523 egit,
479 5468 540 5523 quae
554 5451 593 5508 uli
605 5452 746 5509 immunda
763 5453 895 5512 Dominus
945 5454 1213 5526 asirrcnposccloutor
1221 5453 1302 5524 justo
1325 5471 1369 5510 eos
1395 5454 1456 5528 (lob
1471 5474 1491 5525 ι,
1507 5458 1562 5529 li).
1578 5454 1649 5525 Quid
1661 5455 1734 5514 enim

138 5586 217 5655 (tte)
229 5584 271 5641 Es
283 5585 302 5640 l.
318 5602 340 5652 ι,
355 5586 382 5641 in
393 5583 455 5654 loti,
471 5604 496 5644 c.
513 5588 542 5655 u,
561 5599 622 5658 post
632 5589 760 5647 medium.
981 5590 1056 5660 (titi)
1076 5589 1116 5646 Ex
1130 5591 1149 5647 l.
1164 5607 1238 5647 unu
1249 5591 1275 5646 in
1292 5589 1353 5657 lob,
1367 5608 1393 5647 c.
1412 5609 1442 5659 u,
1460 5594 1504 5650 lb.

138 5658 216 5732 gli-’tl
234 5656 303 5713 luia.
981 5662 1045 5725 (ltu
1076 5661 1436 5734 ultramuraneum.

138 5728 217 5797 (itt)
236 5725 298 5785 bib.
313 5743 347 5787 et
357 5728 376 5785 ι.
395 5727 588 5802 strictione.
603 5747 659 5800 ιιι,
672 5730 716 5790 ιι.
983 5731 1046 5806 (ιιι
1076 5731 1116 5790 Ex
1128 5732 1146 5789 l.
1164 5749 1183 5789 u
1196 5733 1223 5791 in
1237 5731 1301 5800 lob,
1314 5750 1339 5790 c.
1356 5749 1421 5789 ιιιι.
1521 5751 1525 5757 ·
