3817 6000
194 215 266 279 libb
518 210 522 217 ’
671 215 824 274 seudum
843 212 1038 273 PRAEPOSlTl
1057 212 1331 272 RElCHEliSPERG.
1754 214 1832 277 test

192 348 250 391 tum
266 332 300 389 ad
310 332 418 389 beatam
431 338 458 388 et
468 330 675 389 desiderabilem
693 332 807 401 gloriam
825 331 985 389 amenitatis
998 340 1022 397 Α
1037 331 1109 387 donc
1122 331 1242 402 ponitur,
1254 329 1489 400 citomordct,nec
1499 331 1583 388 baram
1595 331 1636 389 sic
1645 331 1832 389 invenenatus

191 424 328 482 vililicasti
343 439 389 496 per
409 423 595 480 infirmitatem
617 424 800 495 corruptionis
820 423 982 481 etmortali·
1033 433 1150 480 mortem
1165 423 1280 481 celerem
1291 433 1381 496 potest
1390 423 1520 495 effugere,
1536 424 1589 493 n'pi
1603 423 1741 481 medicina
1749 438 1831 480 eom·

194 518 269 573 tatis.
286 514 336 570 Vel
367 514 560 572 desiderabilia
584 514 645 587 ejus
670 515 796 581 posuisti,
813 524 843 570 ut
857 516 912 571 sint
932 516 983 571 bo·
1032 517 1135 588 petemi
1145 526 1331 574 succurrente.
1341 514 1528 573 Nonestcnim
1536 516 1832 573 venenumaraueeeai-

190 606 259 661 unisti
271 604 350 676 quasi
361 605 443 660 tinea.
460 603 489 660 Si
504 605 576 662 enirn
589 605 641 663 sibi
653 605 782 662 conscius
795 613 838 662 est
856 620 981 677 operum,
1033 616 1219 666 sutrenenum
1227 609 1329 681 aspidis
1342 608 1503 677 insanabile,
1510 608 1575 679 quia
1589 617 1730 680 peccatum
1740 608 1833 664 extol·

191 696 383 752 scurirtutum
399 694 578 752 laudabilium
605 704 634 751 et
655 695 888 764 desiderabilium,
921 695 982 753 talis
1033 700 1179 756 lentienses
1197 700 1339 771 iactantiae
1358 699 1505 770 aliquoties
1514 698 1690 769 unoeolapbo
1702 696 1833 753 mediea-

191 790 358 847 eonscientia
375 804 424 860 per
438 788 641 861 suggestionem
662 789 756 862 gloriae
768 789 983 845 inanislatenter
1033 801 1089 861 tur,
1097 795 1138 850 vel
1148 795 1283 850 interdum
1303 800 1407 850 secreta
1418 807 1467 850 seu
1488 790 1631 848 manifesta
1639 789 1834 848 sauslacttone

191 894 217 940 et
231 884 341 941 silenter
351 899 413 940 eum
438 883 519 954 quasi
532 883 605 939 tinea
632 881 792 951 demolitur,
813 885 932 940 masline
957 884 981 938 si
1032 884 1242 944 iacilecurator.
1258 885 1505 955 liberaremque
1522 884 1551 939 in
1570 881 1683 940 llebraeo
1703 884 1831 955 ponitur,

190 974 381 1032 desiderabilia
393 989 442 1031 sua
456 973 651 1031 thesaurizavit
663 973 691 1029 in
705 982 789 1041 terra,
802 974 896 1030 sinens
911 975 982 1029 scire
1033 979 1105 1036 lenta
1116 987 1145 1035 et
1154 979 1282 1035 diuturna
1294 977 1372 1034 clade
1382 987 1485 1034 restem
1507 976 1653 1049 pretiosam
1666 975 1830 1045 demolitur,

190 1068 331 1125 sinistram
343 1081 421 1123 suam
436 1066 510 1138 quod
531 1064 596 1122 iecit
618 1065 730 1123 dextera
750 1081 810 1131 sua,
834 1066 860 1122 id
880 1074 983 1123 estru-
1033 1071 1086 1127 nisi
1108 1070 1215 1128 fortiter
1245 1071 1423 1129 excutiatur:
1449 1079 1532 1142 caput
1552 1084 1662 1142 quoque
1688 1068 1830 1127 tineosum

189 1160 330 1235 piditatenr
343 1175 421 1216 ranae
442 1159 535 1232 gloriae
558 1159 749 1216 intermiscens
773 1158 917 1215 intentioni
940 1159 982 1215 cel
1034 1157 1130 1216 loedari
1143 1175 1198 1217 non
1210 1160 1320 1229 desinit,
1341 1161 1414 1231 quod
1428 1160 1599 1217 semel-tinea
1615 1159 1757 1225 invaserit,
1772 1159 1830 1217 nisi

190 1255 342 1328 operationi
354 1264 464 1311 sanctae.
476 1251 576 1310 Contra
592 1252 751 1324 hujusmodi
763 1250 865 1307 tineam
884 1251 981 1308 uolens
1033 1250 1103 1308 lorte
1124 1251 1240 1320 lavetur,
1255 1261 1283 1308 et
1298 1252 1453 1324 pectinibus
1470 1251 1590 1308 assiduis
1605 1251 1729 1308 radatur.
1745 1249 1831 1308 Unde

191 1364 254 1406 esse
268 1355 365 1404 cautos
377 1344 529 1416 discipulos
550 1359 616 1401 suos
635 1345 674 1399 ait
686 1343 813 1400 llcritas:
838 1341 982 1399 Thesauri·
1036 1351 1098 1413 apte
1112 1358 1161 1414 per
1173 1358 1300 1399 ocemont
1310 1343 1488 1416 Septuaginta
1499 1342 1722 1415 significaverunt
1735 1345 1829 1400 mani·

190 1453 249 1499 aute
260 1441 332 1498 uobis
343 1440 480 1496 thesauros
489 1440 517 1494 ιἰι
528 1438 603 1506 celo,
617 1439 662 1493 ubi
682 1455 730 1493 nee
743 1453 842 1509 erogo,
855 1453 901 1493 nee
913 1438 983 1492 tineo
1033 1432 1141 1504 sestam,
1156 1434 1288 1509 facileque
1295 1436 1442 1493 curabilem
1458 1435 1831 1508 superbientemque·

189 1533 332 1591 demolitas
352 1531 462 1603 (Mattio.
485 1546 524 1598 vr,
544 1529 601 1600 ab).
624 1527 689 1585 ltem
711 1549 718 1584 ε
739 1527 849 1583 Nesciat
873 1528 983 1581 sinistro
1036 1523 1170 1583 Hebraica
1186 1540 1234 1597 per
1248 1526 1347 1581 tineam
1357 1535 1435 1582 notat
1445 1526 1547 1582 lentam
1569 1534 1597 1582 et
1608 1526 1749 1595 latentem,
1777 1541 1830 1583 nes

190 1640 238 1682 tue
258 1626 323 1699 quid
335 1625 420 1696 faeiat
438 1623 547 1679 dextere
569 1631 616 1677 too
641 1621 751 1694 (bottis.
764 1638 801 1689 ιι,
814 1621 853 1692 5).
875 1620 982 1677 Coelurn
1034 1630 1124 1686 seper
1134 1624 1257 1673 tumores
1269 1614 1408 1687 iacmntiae
1430 1617 1629 1686 ostendentem,
1656 1632 1689 1674 ae
1712 1617 1830 1689 proinde

187 1720 314 1778 dicituro
329 1717 453 1784 celando,
473 1715 539 1785 quia
551 1715 637 1771 celata
651 1723 716 1770 sunt
732 1731 747 1769 a
763 1721 908 1786 prospectu
931 1712 981 1768 bo-
997 1706 1018 1761 B
1033 1711 1124 1765 roinos
1139 1708 1218 1765 iacile
1235 1709 1433 1778 medicabilem,
1449 1725 1512 1782 qum
1529 1711 1587 1768 sire
1598 1712 1627 1767 in
1646 1721 1733 1777 reste,
1744 1711 1773 1767 id
1785 1720 1831 1769 est

188 1812 305 1878 minum,
329 1809 510 1882 quaeincoelo
531 1806 650 1863 suntin
675 1807 822 1879 eoeloergo
848 1806 984 1863 thesauri·
1034 1801 1062 1855 in
1076 1801 1192 1868 actione,
1207 1801 1265 1871 sire
1278 1800 1306 1856 in
1327 1801 1427 1872 capite,
1442 1800 1470 1858 id
1484 1802 1567 1859 estin
1588 1803 1751 1874 intentione,
1778 1804 1830 1862 de·

188 1916 296 1970 eamus,
311 1916 376 1957 cum
392 1906 488 1955 nostra
500 1897 648 1954 laudabilia
663 1898 795 1966 celamus,
811 1913 866 1953 non
878 1906 984 1969 utpro-
1033 1892 1167 1963 prehensa
1192 1891 1283 1958 fuerit,
1311 1891 1417 1950 sortiter
1436 1901 1480 1950 est
1498 1903 1527 1950 et
1552 1895 1637 1953 uestis
1662 1894 1825 1966 hujusmodi

187 1994 256 2051 simi
269 2007 352 2064 opera
365 1999 460 2047 nostra
476 2004 531 2045 non
546 1989 657 2045 rideant
676 1988 763 2046 adsui
774 1989 982 2046 aedificationem
1033 1984 1204 2053 excutienda,
1219 2001 1278 2042 nea
1301 1986 1372 2042 tinea
1389 1986 1511 2055 laedatur,
1527 1997 1555 2044 et
1572 1997 1655 2060 caput
1665 1989 1828 2061 hujusmodi

186 2092 214 2141 et
228 2081 276 2138 liei
300 2080 425 2152 gloriam,
443 2078 491 2135 sed
514 2093 549 2134 ue
562 2078 707 2149 cupiamus
727 2094 760 2135 ea
781 2079 846 2136 sciri
861 2088 893 2135 ut
930 2093 982 2136 nos
1033 2077 1179 2134 lavandum
1194 2079 1333 2151 lacrymis,
1360 2094 1393 2136 ae
1417 2081 1578 2151 pectendum
1602 2081 1828 2142 confessionibus

185 2174 329 2233 uideamur
343 2173 406 2228 inde
419 2170 586 2239 laudabiles;
611 2171 733 2242 alioquin
748 2172 901 2230 mercedem
925 2187 982 2229 uon
1033 2171 1162 2237 assiduis,
1176 2187 1210 2228 ne
1228 2173 1365 2230 tineosum
1380 2185 1547 2245 permaneat,
1572 2190 1678 2248 sosque
1706 2180 1829 2251 turpitu-

187 2267 350 2326 babebimus
364 2264 436 2335 apud
465 2262 563 2330 ileum,
578 2262 645 2335 quia
675 2263 749 2318 tinea
770 2263 861 2319 inanis
888 2262 983 2335 gloriae
1032 2262 1421 2333 dinetotumcorpusloedum
1443 2265 1604 2323 reddatis
1622 2284 1694 2340 ergo,
1710 2272 1830 2341 camje·

187 2361 326 2418 consumit
337 2355 525 2414 desiderabilia
547 2363 651 2413 nostra.
667 2353 748 2424 Quod
759 2357 825 2427 quia
840 2354 896 2411 beo
908 2356 982 2427 iuste
1027 2352 1121 2423 janos,
1141 2367 1176 2408 ne
1197 2353 1232 2409 ab
1260 2353 1312 2409 bac
1326 2354 1398 2411 tinea
1423 2355 1543 2424 laedaris,
1566 2374 1632 2430 enge
1653 2370 1734 2431 eopse
1750 2371 1829 2418 usn

184 2453 325 2524 judicante
337 2451 377 2517 lit,
397 2458 470 2504 recte
495 2446 534 2503 illi
556 2447 657 2503 dieitur
679 2466 686 2502 ε
703 2445 739 2502 m
765 2449 878 2519 posuisti
903 2450 982 2519 guasi
1032 2444 1099 2512 oen,
1127 2454 1152 2501 et
1178 2446 1272 2516 faeiem
1299 2457 1373 2503 tuom
1396 2447 1468 2515 loeo,
1496 2464 1529 2504 ne
1544 2450 1660 2507 melcoma
1673 2452 1828 2510 bominibus

188 2547 258 2600 tinea
271 2539 538 2610 desiderabilissima.
563 2538 612 2595 Vel
641 2539 759 2608 posuisti
774 2540 854 2612 quasi
878 2540 981 2597 tineam
1027 2537 1320 2607 plasmatione
1346 2540 1460 2612 tuo,qrn‘
1487 2552 1526 2597 est
1554 2542 1584 2596 itt
1610 2543 1778 2615 oimndito,
1800 2557 1829 2602 ιι

186 2635 378 2695 desiderabilia
404 2632 475 2703 ejus,
506 2647 569 2702 quac
594 2630 634 2688 illi
661 2640 806 2689 uertuntur
837 2633 864 2688 in
877 2633 981 2690 bricam
1034 2628 1114 2685 Pater
1144 2639 1214 2698 teus,
1230 2633 1276 2704 qui
1305 2631 1375 2686 sidet
1400 2634 1429 2687 in
1463 2635 1628 2703 elmoadito.
1653 2637 1745 2694 reddet
1778 2641 1827 2695 titi

185 2727 265 2785 vaide
283 2725 420 2791 nocivam,
434 2723 530 2794 quide
553 2723 622 2795 ipsis
650 2723 876 2780 desiderabilibus
890 2736 981 2797 captat
1032 2720 1042 2788 l
1055 2718 1151 2776 Multit-
1172 2737 1210 2787 ιι,
1240 2722 1285 2788 ll,
1311 2722 1372 2794 18).
1398 2721 1494 2780 Oleum
1520 2736 1681 2797 supernatat
1717 2732 1827 2787 mustis

185 2819 313 2875 humanae
324 2815 414 2873 laudis
424 2814 533 2871 inanem
544 2813 669 2886 gloriam.
682 2811 749 2882 Qua
759 2814 890 2871 nimirum
906 2816 980 2872 tinea
1031 2811 1204 2883 liquoribus:
1226 2822 1254 2870 et
1277 2829 1382 2872 merces
1395 2824 1496 2872 aeterna
1516 2819 1708 2889 superexcellit
1720 2832 1748 2878 et
1765 2838 1827 2894 pre·

186 2910 293 2967 illinon
309 2915 399 2975 nocet,
415 2906 463 2978 qui
485 2907 513 2961 in
534 2905 604 2963 coelo
630 2906 807 2972 thesaurizat,
829 2907 857 2963 id
880 2907 979 2979 estqui
1031 2901 1128 2958 tiosior
1141 2910 1184 2960 est
1197 2904 1304 2962 cunetis
1316 2904 1415 2976 opibus
1435 2909 1541 2976 munti,
1566 2917 1595 2966 et
1612 2910 1705 2967 omnia
1719 2928 1783 2984 qoae
1795 2914 1826 2969 ia

187 3003 309 3070 celeste,
320 3016 354 3058 ac
366 3000 485 3056 celatum
507 2997 551 3055 uel
582 3006 719 3076 secretum
742 2997 876 3070 iudicium
896 3000 975 3056 nmo
1030 2996 1131 3053 seculo
1143 2995 1343 3065 desiderantur,
1355 2997 1420 3056 buic
1433 3016 1488 3058 non
1501 3003 1614 3061 veniunt
1626 3007 1824 3077 comparanda.

184 3100 417 3165 ratusexspectat,
431 3091 556 3162 nesciens
570 3103 662 3148 uuum
680 3090 736 3148 illic
751 3090 816 3149 odio
827 3091 870 3148 rel
881 3051 1012 3148 amorec
1028 3088 1095 3147 oleo
1110 3106 1176 3164 ergo
1196 3092 1345 3164 purissimo
1359 3104 1442 3167 caput
1472 3096 1614 3169 ungimus,
1627 3114 1691 3155 eum
1709 3102 1770 3158 solo
1780 3103 1825 3158 ia·

185 3190 285 3262 dignus
295 3185 442 3259 judicetur,
471 3183 591 3241 maxime
609 3199 672 3241 cum
693 3184 727 3240 de
756 3183 810 3240 line
836 3182 910 3241 bono
933 3184 976 3240 rel
1027 3182 1098 3238 tuitu
1122 3184 1257 3241 mercedis
1270 3193 1378 3242 aeterum
1394 3186 1497 3243 bonum
1511 3203 1581 3260 opus
1607 3191 1726 3263 agimus.
1743 3192 1776 3250 m
1793 3195 1824 3252 ia

184 3275 258 3333 malo
270 3274 392 3332 diuinum
404 3273 537 3345 iudicium
548 3272 674 3344 pendeat,
686 3287 737 3328 nec
747 3272 806 3344 ipse
819 3273 902 3330 bomo
913 3283 977 3330 ante
1028 3276 1116 3345 capite
1130 3284 1226 3333 nostro
1247 3277 1288 3333 sic
1302 3288 1385 3336 uncto
1413 3281 1488 3337 nulla
1513 3283 1587 3339 tinea
1620 3284 1712 3342 locum
1739 3287 1824 3345 babet

184 3370 266 3426 duem
281 3384 362 3426 suum
372 3367 491 3439 perfecte
504 3366 584 3434 sciat,
603 3366 711 3424 etiamsi
723 3366 880 3438 frequenter
892 3380 977 3423 orans
1028 3366 1099 3423 inter
1128 3379 1221 3427 nostm
1256 3371 1447 3430 desiderabilia
1476 3384 1506 3432 et
1542 3377 1690 3435 laudabilia
1726 3396 1822 3453 open,

184 3464 258 3522 dicat
280 3460 456 3532 :Notumque
471 3460 545 3525 mibi,
561 3458 683 3527 Pontiae,
699 3459 778 3531 finem
790 3476 886 3515 menn.
1027 3459 1128 3530 quibus
1153 3477 1258 3519 merces
1281 3465 1309 3519 in
1339 3465 1411 3523 caelo
1443 3477 1486 3524 est
1515 3469 1645 3541 reposita.
1678 3470 1751 3530 ilinc
1780 3486 1824 3532 est

181 3561 202 3601 ¹-
219 3555 329 3612 Aliter:
346 3552 591 3623 Etposuistisieut
611 3568 738 3608 araneam
761 3553 880 3608 emmens
906 3552 976 3623 ejus.
1027 3553 1100 3624 quod
1127 3563 1209 3627 caput
1240 3558 1301 3626 viri,
1340 3559 1406 3616 dum
1442 3563 1638 3633 sanctificatur,
1674 3575 1724 3622 aut
1747 3568 1824 3625 radi-

183 3646 215 3704 lo
231 3643 429 3717 compositione
443 3643 564 3699 hominis
576 3659 610 3700 ex
622 3644 715 3700 anima
728 3652 849 3700 etcarne
861 3657 976 3715 compo·
1028 3656 1073 3701 tur
1098 3655 1145 3703 aut
1164 3648 1247 3704 etiarn
1266 3650 1378 3723 ungitur
1404 3654 1466 3711 oleo
1485 3664 1600 3724 macto,
1627 3665 1658 3712 ut
1682 3659 1822 3730 pontideis

184 3739 240 3806 siti,
256 3736 348 3793 anima
374 3745 418 3794 est
429 3734 575 3809 pretiosior
588 3750 634 3792 res
647 3749 741 3791 carne.
751 3733 830 3791 Unde
851 3751 901 3808 per
909 3735 976 3792 illud
1026 3746 1056 3795 et
1082 3740 1165 3811 regis,
1179 3741 1245 3813 quia
1268 3741 1332 3800 lorti
1350 3753 1378 3801 et
1401 3745 1474 3820 virili
1497 3749 1597 3805 actioni
1629 3751 1717 3824 magis
1748 3754 1822 3809 tiaes

183 3829 304 3887 bominis
330 3827 405 3901 quod
427 3837 470 3885 cst
496 3826 525 3882 in
546 3841 580 3882 eo
593 3827 749 3898 pretiosius,
775 3834 865 3898 potest
886 3825 976 3884 uotam
1027 3833 1390 3903 quameroneoinsidiatur,
1410 3847 1507 3894 contra
1520 3840 1600 3912 cujus
1622 3840 1763 3901 taionem
1774 3845 1821 3901 is·

183 3931 211 3979 et
252 3921 418 3993 signiticari'
439 3920 584 3991 pretiosior
611 3927 640 3975 et
668 3918 832 3976 laudabilior
862 3935 977 3978 emner-
1027 3923 1113 3979 tentio
1136 3925 1216 3995 quasi
1234 3936 1317 3998 eaput
1340 3928 1391 3984 riri
1417 3939 1543 3987 servatur
1567 3948 1665 3990 mom
1694 3944 1722 3992 et
1753 3938 1818 4008 pul-

183 4014 255 4071 satio
292 4012 364 4085 ejus,
401 4011 520 4067 maxime
548 4010 758 4083 contemplatio,
790 4011 833 4067 rel
873 4011 977 4068 officio·
1027 4014 1136 4081 clarum,
1158 4017 1182 4072 si
1199 4018 1326 4091 lacrymis
1336 4019 1453 4092 lavatur,
1468 4039 1524 4080 nou
1538 4025 1710 4085 solummodo
1722 4041 1817 4102 eaput,

182 4117 246 4160 rum
283 4103 445 4175 spiritalium
488 4101 634 4159 laudabilis
670 4100 883 4170 administratio,
914 4118 977 4173 quat
1027 4107 1076 4163 sed
1090 4108 1260 4180 etlectulus,
1282 4113 1330 4170 ubi
1353 4124 1437 4187 caput
1456 4118 1616 4190 reclinatur,
1638 4124 1713 4194 qaod
1736 4126 1818 4184 sona
1888 4097 1890 4146 ³

183 4196 264 4268 qnasi
285 4196 378 4252 anima
400 4194 520 4250 viviticat
542 4208 625 4265 opera
642 4202 669 4249 ct
691 4192 777 4251 obicis
803 4192 932 4250 interiora
947 4201 977 4251 et
1027 4199 1067 4269 dt,
1091 4202 1200 4272 quoties
1213 4204 1270 4260 viro
1290 4215 1387 4263 sancto
1410 4210 1545 4283 coubngb
1559 4214 1815 4274 ueraciterdieere:

182 4299 303 4357 tamena,
316 4288 419 4360 quibus
434 4286 477 4342 uel
495 4287 523 4342 in
545 4301 599 4341 una
611 4299 726 4356 persona
741 4286 784 4343 rel
796 4285 824 4342 iu
840 4301 895 4342 una
907 4301 975 4342 coo·
1027 4289 1133 4348 barolo
1147 4308 1194 4363 per
1213 4294 1332 4366 singulos
1346 4308 1435 4354 nostes
1459 4299 1555 4356 lectam
1569 4318 1655 4358 ιικιιιιι
1674 4303 1763 4376 (Psoi.
1777 4323 1815 4378 rr,

182 4381 350 4453 gregatione,
363 4378 405 4433 rel
428 4377 510 4432 etiam
522 4375 549 4431 in
563 4376 709 4432 universali
720 4377 841 4434 Ecclesia
852 4391 901 4448 per
912 4377 973 4432 riu·
988 4391 1013 4453 D
1026 4383 1064 4454 l).
1075 4382 1163 4454 Caput
1176 4398 1285 4456 quoque
1295 4387 1347 4442 uiri
1357 4391 1519 4449 sacerdotali
1533 4397 1576 4452 rel
1586 4397 1670 4469 regali
1684 4398 1815 4457 unedo„

182 4470 276 4530 culum
289 4468 430 4527 charitatis
449 4468 561 4536 inserta,
577 4469 619 4524 rel
636 4467 778 4527 eobaerens
798 4468 880 4526 luerit
907 4470 972 4527 talis
1024 4476 1207 4549 perfunditur,
1218 4493 1282 4536 cum
1297 4481 1471 4542 solummodo
1490 4488 1525 4544 ad
1558 4491 1691 4547 bonorem
1712 4495 1814 4552 surani

183 4563 274 4619 auima
289 4561 370 4616 vitam
393 4558 447 4615 illis
459 4558 666 4625 administrans,
683 4566 754 4616 etea
770 4560 921 4616 secundum
941 4575 972 4617 se
1022 4567 1296 4642 sacerdotisetregis
1310 4573 1382 4630 actio
1404 4573 1484 4633 lortis
1507 4579 1609 4649 agitur,
1633 4589 1661 4638 et
1679 4587 1814 4656 appetitae

182 4654 323 4712 ordInans.
340 4651 455 4708 Ponitur
475 4661 567 4708 autem
590 4651 649 4707 baec
666 4651 759 4707 anima
779 4654 970 4722 nicatoroneo,
1020 4659 1133 4731 privatas
1154 4659 1248 4733 gloriae
1262 4661 1341 4731 quasi
1367 4664 1466 4722 rodens
1480 4667 1553 4725 tinea
1577 4686 1692 4742 prorem
1715 4678 1812 4734 ιω..

181 4747 246 4820 quia
271 4746 324 4804 nisi
346 4753 542 4817 praecaveatur,
569 4743 685 4811 mordet,
707 4758 900 4817 venenumque
925 4745 970 4801 in·
1020 4753 1103 4812 dirus.

180 4840 280 4908 tundit,
298 4840 370 4895 unde
383 4846 473 4894 tumor
496 4837 586 4893 inanis
607 4836 701 4908 glorio
732 4837 906 4895 uehementer
920 4854 970 4895 ea·
1055 4842 1143 4898 Porro
1184 4843 1249 4900 dum
1280 4843 1379 4902 lemine
1416 4853 1614 4924 sanctiticatur,
1638 4857 1699 4928 ejus
1730 4871 1813 4933 eaput

179 4933 293 5000 crescit;
319 4940 346 4988 ct
373 4931 437 4986 tabe
453 4928 588 4999 superbie
605 4930 741 4986 introrsus
758 4929 858 4987 laterrtc
879 4930 971 4986 anima
1021 4937 1212 4993 sacramentali
1232 4936 1366 4995 velamine
1394 4942 1504 5014 tegitur,
1526 4947 1572 5001 cni
1607 4950 1692 5006 etiam
1719 4953 1812 5024 capilli

181 5027 241 5099 ipsa
258 5024 321 5081 inde
333 5023 448 5081 tabescit
473 5023 546 5079 sicut
557 5036 667 5089 aranea,
693 5021 768 5077 dum·
785 5037 834 5093 per
860 5022 970 5080 manem
1019 5041 1071 5097 pro
1093 5028 1227 5086 velamine
1247 5028 1303 5085 dati
1325 5040 1400 5099 sunt,
1435 5034 1500 5105 quia
1518 5038 1610 5096 minus
1638 5039 1718 5100 lortis
1737 5044 1812 5102 aetio
1876 5061 1878 5096 l

180 5128 208 5176 et
226 5133 325 5175 sanam
339 5117 452 5189 gloriam
473 5115 635 5171 inanescunt
648 5122 676 5169 et
689 5122 857 5172 evanescunt
872 5113 899 5169 in
919 5114 970 5171 bo-
1020 5118 1121 5177 minori
1133 5130 1195 5192 eget
1204 5128 1303 5180 ,eontra
1330 5124 1486 5194 superbiam
1510 5136 1673 5199 tutamento,
1685 5150 1749 5207 qum
1771 5137 1810 5194 illi

179 5210 333 5268 minisuita
353 5210 412 5282 ipsa
433 5222 544 5280 quoque
566 5206 700 5278 spiritalia
716 5206 857 5271 exercitia,
881 5206 918 5261 ita
940 5216 970 5263 ut
1019 5226 1076 5267 non
1102 5212 1182 5283 quasi
1197 5214 1279 5279 tineo,
1304 5215 1352 5271 sed
1379 5218 1459 5288 quasi
1479 5237 1577 5276 oroneo
1593 5224 1749 5284 insidiatur.
1775 5226 1812 5287 ει

179 5317 235 5358 non
247 5302 304 5358 sint
317 5314 368 5371 pro
380 5299 471 5355 anima
480 5297 645 5365 vivificante,
659 5297 707 5353 scd
716 5310 766 5367 pro
777 5311 877 5352 aranea
894 5311 969 5352 mor·
981 5291 999 5340 '·
1019 5302 1133 5360 seimus·
1145 5303 1218 5375 quod
1231 5319 1334 5361 aranea
1346 5305 1487 5366 lenissimo
1498 5313 1633 5371 velamine
1647 5317 1809 5390 secluditm,

179 5393 309 5449 ttdcante.
330 5390 444 5463 Propter
457 5390 531 5463 quod
545 5398 620 5448 recte
641 5388 743 5446 dieitur
763 5406 770 5443 ε
795 5386 968 5445 Estotereere
1017 5405 1045 5452 ot
1056 5395 1194 5478 tenitactu
1215 5398 1356 5455 sedetiam
1371 5400 1439 5460 datu
1459 5405 1591 5479 abigitur,
1607 5425 1669 5482 quat
1680 5425 1737 5468 nou
1749 5414 1811 5472 eal·

180 5488 282 5551 sensti:
294 5484 336 5539 rel
354 5484 425 5540 sicut
439 5482 466 5538 in
489 5482 602 5540 Ηειιτιιο
626 5482 724 5554 legitur
738 5479 878 5548 :Posuisti
896 5483 966 5539 sieut
1017 5503 1114 5556 mneo,
1126 5496 1157 5544 ut
1170 5502 1282 5560 serpens
1296 5494 1438 5562 repensio
1449 5503 1534 5564 terra,
1555 5514 1650 5572 verum
1662 5502 1745 5574 eaplti
1757 5504 1809 5561 ds.

180 5587 317 5641 araneam,
328 5574 372 5631 vel
387 5575 484 5629 tineam
500 5577 618 5631 animem
631 5576 699 5647 ejus.
1017 5596 1138 5647 sursum,
1154 5580 1278 5639 videlicet
1292 5585 1413 5654 pendens
1424 5585 1582 5648 insidiatur.
1594 5589 1629 5648 m
1640 5592 1701 5650 idm
1714 5594 1808 5655 velam

213 5660 329 5731 deenen,
344 5664 445 5735 quaein
459 5662 635 5736 Septuaginta
652 5665 830 5737 luterpretum
848 5670 966 5728 transla·
1015 5672 1135 5744 nigrum,
1168 5674 1242 5745 quod
1271 5685 1314 5736 est
1348 5679 1510 5740 humilitatis
1543 5683 1685 5757 indicium,
1719 5689 1807 5761 amu
