3817 6000
214 176 237 230 i
250 176 355 233 669

839 175 1394 233 communiuit
1434 175 1502 232 IN
1536 176 1875 236 PsALMOS.
1916 207 1984 221 -·
2010 178 2187 234 PARS
2224 179 2311 235 Vl.
2339 211 2410 221 —
2444 179 2639 239 PSAL.
2679 181 2811 239 le.

3330 187 3469 243 1670

211 288 409 344 virtute
434 290 681 345 sanando
712 290 954 347 exterius
995 299 1051 346 et
1077 290 1308 347 interius
1329 290 1631 346 humanum
1662 307 1781 346 cor·
1813 298 1860 353 Α
1887 294 2048 362 plena
2080 291 2280 348 divisio
2322 293 2406 349 vel
2456 294 2760 365 segregatio
2801 295 2943 350 inter
2988 294 3202 366 justum
3235 305 3291 353 et
3322 297 3466 370 inju-

211 396 314 452 pus
340 391 395 436 et
425 382 693 438 animum.
720 382 787 438 Et
826 385 929 455 ipsi
965 395 1089 441 sunt
1108 385 1318 455 jacula,
1346 385 1430 440 vel
1462 385 1592 456 quia
1629 385 1784 440 duris

210 472 334 528 duri
380 473 636 531 videntur
676 491 959 533 sermones
990 475 1107 544 Dei,
1151 492 1274 533 cum
1306 476 1416 533 sint
1448 493 1668 546 suaves,
1701 477 1783 533 vel

210 571 381 632 certe,
406 565 557 635 quia,
594 565 722 622 lieet
743 566 961 635 molliti,
991 585 1099 623 non
1133 570 1389 625 amittunt
1418 569 1673 626 virtutem
1698 571 1783 626 sui

210 656 501 723 acuminis,
519 658 588 713 de
608 674 719 730 quo
741 660 1087 716 alibidicitur
1112 680 1125 715 :
1158 681 1178 713 c
1209 659 1431 732 Sagitta!
1450 671 1559 717 tuae
1587 671 1781 729 acutze,

208 747 394 818 populi
423 749 527 804 sub
554 758 604 804 te
626 751 822 806 cadent
861 750 1037 823 (Psoi,
1072 768 1214 819 mv,
1246 752 1324 822 6).
1362 772 1380 805 ι
1411 751 1540 808 Item
1578 769 1590 805 :
1628 772 1647 805 ι
1679 752 1781 808 Sa·

207 839 358 909 gittae
402 844 639 911 potentis
693 853 871 901 acutae
926 842 1101 916 (Paul.
1156 847 1305 914 cxix,
1336 845 1414 917 t).
1459 867 1477 901 ο
1511 845 1665 902 Unde
1695 848 1782 902 bis

210 930 347 1000 ipsis
368 931 460 988 Dei
484 935 831 991 sermonibus
854 936 1258 1006 quantumlibet
1287 938 1549 994 suavibus
1570 946 1624 994 et
1644 939 1783 992 mol·

208 1025 322 1085 litis
349 1036 636 1082 armantur
659 1025 754 1082 Dei
782 1028 1005 1083 milites.
1054 1027 1290 1084 Proinde
1325 1030 1374 1085 si
1406 1030 1498 1084 tibi
1534 1032 1778 1101 parvulo,

205 1119 298 1190 qui
324 1119 506 1174 adbuc
549 1118 688 1174 lacte
733 1117 1061 1175 nutriendus
1098 1135 1178 1187 es,
1210 1121 1425 1176 videtur
1463 1121 1634 1176 durus
1660 1136 1783 1177 esse

205 1225 409 1275 sermo,
435 1224 596 1280 quem
631 1218 725 1263 aut
755 1223 864 1264 non
891 1209 1148 1280 intelligis
1175 1219 1397 1281 propter
1418 1211 1503 1267 sui
1535 1210 1782 1266 obscuri-

209 1312 371 1358 tatem
403 1302 487 1356 vel
513 1302 590 1356 tui
622 1315 819 1357 sensus
859 1301 1191 1368 tarditatem,
1221 1311 1317 1357 aut
1357 1301 1632 1358 horrescis
1681 1304 1782 1358 las-

204 1395 359 1449 civiae
382 1401 488 1448 tuae
523 1393 901 1448 adversantem
945 1393 1001 1448 in
1023 1394 1132 1461 via,
1154 1394 1284 1449 dum
1320 1410 1429 1449 nou
1458 1396 1628 1450 audes·
1650 1411 1780 1451 con-

203 1488 435 1543 cordare
458 1501 584 1541 cum
615 1500 681 1541 eo
724 1495 945 1555 propter
986 1486 1071 1542 sui
1101 1487 1297 1558 rigoris
1327 1488 1705 1544 austeritatem
1727 1497 1781 1543 et

206 1587 314 1633 tuae
338 1575 579 1632 infantiae
600 1575 1044 1647 fragilitatem,ne
1064 1578 1321 1633 irascaris
1353 1579 1632 1644 uberibuS,
1656 1593 1779 1650 quae

1886 393 2059 451 stum,
2109 382 2251 439 inter
2291 398 2540 440 veracem
2566 387 2987 451 etmendacem,
3035 387 3297 458 quoniam
3350 391 3466 460 ipse

1885 473 2141 541 mendax,
2167 475 2260 544 qui
2292 482 2678 531 testamentum
2725 475 2818 532 Dei
2847 478 3205 547 contaminat,
3229 482 3466 540 artifieio

1886 575 2040 622 tanto
2073 567 2358 637 componit
2383 566 2545 622 verba
2573 583 2694 632 sua,
2722 577 2785 623 ut
2827 568 3021 624 molliti
3052 571 3163 626 sint
3200 588 3466 628 sermones

1883 658 1998 729 ejus
2022 674 2179 728 super
2225 659 2397 712 oleum
2428 674 2522 727 per
2549 671 2953 729 argumentosae
2987 663 3320 720 adulationis
3372 663 3462 720 l'u-

1885 765 2049 816 cum;
2097 749 2190 804 sed
2236 759 2416 804 tamen
2446 749 2515 803 ab
2554 749 2633 805 eis
2671 752 2977 807 cavendum
3016 761 3120 819 est,
3145 754 3275 824 quia
3298 770 3463 811 vene-

1884 854 2016 893 num
2043 838 2174 892 latet
2203 838 2306 894 sub
2326 839 2448 893 oleo
2470 838 2526 892 in
2550 840 2897 897 sermonibus
2924 842 3262 913 hujusmodi,
3286 852 3336 897 et
3363 845 3464 914 ipss

1883 939 2008 984 sunt
2029 930 2236 1000 jacula.
2271 930 2483 999 Quibus
2512 938 2735 987 omniuo
2762 918 2982 1003 spre'tis,
3013 950 3045 989 o
3078 945 3156 1001 tu,
3190 937 3283 1007 qui
3315 937 3460 993 veri·-

1882 1034 2052 1081 tatem
2096 1025 2330 1081 libenter
2381 1027 2605 1097 accipis,
2628 1039 2683 1082 et
2705 1035 2982 1097 acceptam
3025 1028 3313 1099 diligenter
3338 1044 3462 1085 ero-

1882 1133 1983 1189 gas
2019 1118 2074 1173 in
2113 1118 2462 1175 sermonibus
2489 1121 2599 1175 tuis
2642 1120 2918 1187 veridiciS,
2948 1122 3101 1177 nullo
3124 1122 3461 1179 adulationis

1881 1209 2004 1263 oleo
2050 1208 2309 1275 conditis,
2357 1209 2512 1278 jacta
2541 1211 2597 1263 in
2652 1210 2942 1265 Dominum
2970 1229 3154 1268 curam
3196 1223 3362 1279 tuam,
3390 1232 3461 1272 nc

1884 1300 2131 1357 confidas
2167 1301 2222 1355 in
2251 1309 2346 1357 tua
2400 1301 2604 1357 virtute
2651 1314 2839 1359 contra
2876 1304 3128 1361 inimicos
3156 1306 3379 1364 dolosos
3403 1317 3459 1364 et

1882 1393 2078 1463 impios
2107 1401 2159 1449 te
2186 1401 2333 1449 stare
2374 1407 2556 1462 posse,
2616 1396 2713 1449 sed
2753 1396 3016 1465 quidquid
3048 1397 3266 1465 virium,
3293 1400 3456 1470 quid-

1880 1485 2013 1554 quid
2056 1484 2298 1540 scientiae
2330 1485 2383 1539 in
2412 1493 2463 1540 te
2494 1484 2676 1550 suerit.
2711 1485 2933 1543 Christo
2984 1491 3222 1559 ascribe,
3279 1495 3458 1563 quod-

1880 1589 1989 1643 que
2016 1573 2268 1640 defuerit,
2319 1574 2389 1630 ab
2419 1575 2536 1645 ipso
2577 1585 2697 1646 pete
2733 1577 3016 1643 instanter,
3040 1589 3089 1634 et
3130 1581 3237 1649 ipse
3263 1590 3309 1637 te
3330 1600 3453 1638 enu-

206 1669 433 1725 meliora
475 1677 605 1725 sunt
632 1665 781 1729 vino,
811 1681 987 1736 neque
1014 1667 1243 1737 repellas
1266 1667 1504 1725 Verbum
1530 1668 1646 1736 Dei,
1685 1669 1776 1726 sed
1809 1644 1852 1699 Β
1881 1667 2006 1721 triet
2032 1682 2173 1738 pane
2200 1667 2326 1724 vitae
2350 1676 2405 1722 et
2437 1668 2764 1737 intellectus,
2803 1670 2876 1724 ita
2921 1683 2977 1726 ut
3008 1671 3193 1728 hostes
3215 1675 3457 1732 veritatis

278 1758 440 1816 Vens.
490 1761 580 1815 23.
644 1758 804 1813 Iacto
846 1760 902 1812 iu
949 1758 1233 1813 Dominum
1281 1775 1463 1814 curam
1522 1770 1689 1822 tuam,
1727 1771 1779 1815 et

202 1854 313 1923 ipsc
338 1861 385 1906 te
416 1854 663 1908 enutriet.
690 1852 851 1907 lacta
873 1867 1056 1905 curum
1080 1859 1227 1906 tuum
1252 1852 1307 1906 in
1335 1851 1642 1921 Dominum,
1669 1869 1778 1909 non

202 1948 258 2000 iu
312 1945 501 2000 alium.
536 1944 697 2000 Iacto
740 1944 1038 2016 cogitatum
1083 1952 1238 1999 tuum
1268 1947 1322 1999 in
1355 1945 1640 2001 Dominum
1678 1947 1808 2001 tri-.

201 2054 334 2093 stum
387 2047 442 2094 et
495 2053 686 2105 uuum,
739 2037 831 2107 qui
882 2051 1007 2092 cum
1034 2037 1106 2093 sit
1140 2038 1506 2109 omnipoteuS,
1535 2041 1778 2096 omnisa-

200 2133 380 2201 piens,
418 2130 774 2195 omnibonus,
828 2137 1100 2201 potentcr,
1147 2130 1419 2201 sapienter
1453 2142 1506 2188 et
1548 2132 1777 2190 libenter

202 2223 491 2278 subveniet
536 2223 635 2278 tibi
660 2221 972 2278 fluctuanti.
1025 2219 1187 2276 «lacta
1225 2223 1410 2278 navim
1443 2233 1547 2280 tuae
1576 2226 1775 2283 mentis

200 2319 257 2372 iu
283 2316 569 2372 Dominum
593 2328 855 2389 tanquam
873 2316 929 2371 in
953 2316 1288 2373 tutissimum
1312 2318 1506 2374 salutis
1531 2329 1772 2390 portum.

198 2409 338 2466 Nam
372 2412 418 2467 si
450 2411 589 2467 sorte
613 2411 906 2483 jactaveris
937 2412 993 2467 in
1023 2412 1214 2478 alium,
1259 2411 1466 2467 senties
1496 2412 1647 2467 illum
1676 2412 1776 2469 tibi

202 2521 395 2560 saxum
419 2503 833 2577 naufragosum.
848 2504 1009 2561 lacta
1024 2507 1079 2560 in
1097 2506 1383 2561 Dominum
1403 2521 1588 2561 curam
1603 2515 1774 2574 tuam,

200 2613 369 2669 quam
401 2613 516 2668 ipse
567 2597 801 2654 libenter
825 2599 1082 2669 excipiet,
1111 2608 1165 2654 et
1209 2608 1257 2654 te
1293 2598 1347 2653 in
1371 2599 1486 2671 ipsa
1517 2615 1648 2655 cura
1682 2608 1774 2655 tua

200 2690 436 2758 curabit,
471 2701 521 2746 et
549 2692 796 2760 enutriet,
840 2691 1103 2762 quoniam
1151 2691 1277 2747 talis
1314 2708 1446 2748 cura
1474 2692 1525 2748 ei
1574 2692 1772 2763 placet,

199 2800 333 2840 cura
363 2800 494 2840 vero
522 2783 707 2841 saeculi
738 2784 1033 2841 consumit.
1073 2782 1223 2840 Unde
1248 2783 1506 2841 Salomon
1542 2804 1556 2841 :
1590 2804 1609 2837 ι
1651 2783 1774 2841 Sic·-

202 2883 263 2929 ut
297 2874 500 2930 vermis
524 2875 673 2947 liguo
695 2884 748 2930 et
770 2875 915 2931 tinea
936 2875 1291 2942 vestimento;
1324 2875 1398 2930 ita
1424 2874 1529 2930 viri
1558 2875 1776 2932 tristitia

199 2975 359 3023 uocet
386 2967 549 3024 corde
580 2965 763 3038 (Pron.
798 2981 924 3034 xxv,
961 2965 1075 3038 20).
1109 2985 1127 3017 ι
1160 2965 1299 3034 Quia
1337 2981 1469 3041 ergo
1524 2976 1615 3024 tua
1642 2983 1774 3026 eura

201 3061 255 3114 in
280 3060 384 3116 boc
404 3059 635 3115 sollicita
662 3069 765 3119 est.
796 3060 1075 3131 quomodo
1098 3060 1314 3131 placeas
1336 3059 1468 3127 Deo,
1502 3076 1613 3117 non
1642 3062 1772 3120 huic

199 3152 438 3220 inund03
461 3152 613 3222 jacta
635 3167 755 3208 cam
790 3153 844 3206 in
870 3151 1066 3221 Deum,
1090 3153 1186 3223 qui
1219 3152 1317 3208 tibi
1338 3152 1549 3210 mollire
1570 3155 1774 3225 poterit

201 3259 366 3315 super
391 3244 593 3308 oleum,
623 3259 734 3315 quo
770 3244 981 3300 condiri
1019 3243 1158 3299 solet
1187 3244 1343 3300 cibus
1370 3243 1617 3314 sortium,
1651 3261 1770 3302 ser-

200 3349 420 3390 monem
456 3350 618 3390 suum
651 3334 831 3391 adbuc
878 3333 976 3389 tibi
1019 3334 1244 3401 durum,
1290 3336 1383 3391 sed
1417 3350 1543 3392 mox
1591 3335 1685 3392 tibi
1716 3336 1771 3391 in

202 3430 285 3482 lae
322 3427 666 3493 vertendum,
698 3427 745 3483 si
786 3428 953 3484 modo
991 3427 1048 3481 in
1085 3427 1371 3483 Dominum
1412 3428 1647 3500 jactabis
1674 3445 1771 3487 cu-

200 3537 317 3576 ram
346 3530 517 3576 tuam.
561 3519 684 3577 Noli
708 3520 909 3588 dicere,
941 3519 1089 3591 quod
1131 3520 1207 3574 illi
1236 3520 1512 3589 dixerunt,
1547 3521 1643 3592 qui
1672 3538 1773 3578 au-

199 3614 314 3670 dito
347 3614 513 3669 verbo
534 3612 741 3669 Christi
770 3613 839 3669 de
881 3612 1214 3670 comedenda
1243 3627 1409 3668 carne
1446 3628 1511 3669 ac
1533 3613 1771 3671 bibendo

199 3705 469 3776 sanguine
491 3704 664 3775 ipsius
686 3704 939 3759 abierunt
969 3712 1266 3759 retrorsum
1290 3701 1532 3758 dicentes
1557 3719 1571 3755 τ
1606 3722 1625 3756 ο
1660 3701 1773 3758 Du-

196 3812 295 3852 rus
328 3804 413 3852 est
439 3796 528 3850 hic
553 3810 755 3861 sermo,
772 3795 895 3866 quis
910 3793 1108 3865 poterit
1126 3809 1253 3850 eum
1286 3793 1555 3849 audiret»
1584 3792 1767 3866 (loon.

196 3905 273 3956 vs,
306 3887 420 3959 61.)
455 3887 671 3943 imitare
719 3897 774 3943 tu
823 3885 1046 3943 Petrum
1079 3901 1178 3958 pro
1223 3901 1302 3951 se,
1352 3885 1578 3956 suisque
1639 3901 1772 3942 con-

198 3980 481 4051 discipulis
519 3979 787 4035 dicentem
819 3995 832 4032 :
869 3998 890 4031 c
931 3978 1162 4034 Domine
1203 3981 1365 4034 verba
1409 3978 1535 4033 vitae
1557 3986 1771 4034 aeternae

199 4073 388 4141 babeS,
430 4081 485 4129 et
535 4087 640 4129 nos
665 4089 696 4127 a
748 4082 799 4128 te
838 4087 948 4142 quo
986 4071 1224 4128 ibimus?
1258 4089 1278 4123 s
1310 4071 1489 4140 (ibid.‚
1517 4070 1633 4144 69.)
1690 4072 1770 4128 sic

199 4164 365 4231 dixit;
394 4164 475 4220 sic
496 4179 555 4221 se
583 4165 635 4219 in
663 4163 954 4219 Dominum
996 4163 1241 4232 iactavit,
1275 4178 1400 4219 eum
1429 4164 1595 4221 verba
1627 4165 1771 4221 veri-

197 4256 328 4313 tatis
365 4256 597 4313 necdum
652 4256 937 4311 intellexit.
988 4254 1143 4312 Unde
1189 4272 1286 4327 per
1311 4256 1475 4312 verba
1515 4256 1768 4313 lactantis

1880 1774 1992 1814 non
2023 1759 2236 1829 possint
2278 1760 2534 1817 resistcre
2577 1759 2871 1833 Sapientiae
2905 1771 2960 1818 et
2982 1762 3230 1833 Spiritui,
3254 1768 3347 1837 qui
3377 1769 3457 1823 lo·

1878 1852 2068 1922 quitur
2090 1854 2142 1906 in
2173 1863 2246 1921 te,
2276 1853 2369 1910 sed
2421 1864 2739 1911 avertantur
2779 1868 3083 1913 retrorsum
3124 1873 3336 1925 omnes,
3362 1860 3459 1931 qui

1877 1941 2112 1997 oderunt
2144 1950 2217 2009 te,
2267 1942 2563 1999 sentientes
2613 1942 2904 2017 Dominum
2947 1961 3192 2017 pugnare
3243 1963 3344 2018 pro
3381 1958 3454 2006 tc.

1878 2029 2036 2087 Unde
2087 2041 2142 2087 et
2184 2032 2368 2088 dicere
2403 2033 2798 2104 compellentur
2833 2055 2847 2092 ε
2881 2056 2901 2090 ι
2958 2036 3256 2110 Fugiamus
3288 2040 3456 2098 lsrae-

1875 2120 2018 2190 lem;
2046 2121 2312 2179 Dominus
2333 2125 2478 2179 enim
2504 2135 2709 2198 pugnat
2729 2142 2830 2197 pro
2852 2143 2919 2183 eo
2936 2127 3135 2200 (Exod.
3164 2146 3275 2197 xiv,
3300 2130 3452 2203 25),s

1877 2214 1970 2285 qui
1998 2229 2103 2268 uon
2151 2214 2301 2269 dabit
2334 2217 2389 2269 iu
2419 2225 2674 2272 oeternum
2715 2219 3114 2287 fluctuationem
3136 2222 3305 2291 justo.
3339 2222 3458 2281 Etsi

1877 2305 1969 2362 hic
2002 2304 2266 2361 fluctuare
2293 2306 2570 2363 interdum
2594 2308 2737 2365 sinat
2763 2309 2973 2380 justum
2996 2314 3298 2370 secundum
3330 2330 3454 2370 ver-

1876 2398 1947 2454 ba
1999 2397 2374 2454 fluctuationis
2391 2398 2505 2470 jam
2542 2400 2796 2470 superius
2835 2403 3104 2473 exposita,
3136 2405 3454 2463 ubidicitur

1874 2505 1943 2546 ex
1972 2506 2208 2561 persona
2246 2491 2382 2562 justi
2415 2511 2427 2545 ε
2465 2489 2647 2546 Timor
2674 2502 2725 2547 et
2764 2502 2961 2549 tremor
2985 2497 3125 2552 venit
3153 2515 3312 2570 super
3349 2516 3452 2568 me,

1874 2592 1927 2638 et
1946 2592 2285 2638 contexerunt
2331 2599 2412 2637 me
2439 2586 2704 2640 tenebrae:
2736 2593 2916 2641 tamen
2963 2586 3107 2644 hanc
3135 2590 3449 2658 fluctuatio-

1876 2688 1993 2728 nem
2014 2673 2166 2743 justo
2209 2689 2310 2727 non
2332 2672 2480 2728 dabit
2505 2675 2562 2728 in
2583 2684 2858 2743 oeternum,
2885 2679 3148 2748 quoniam
3177 2681 3245 2736 de
3273 2681 3454 2739 flucti-

1877 2766 1984 2823 bus
2016 2766 2214 2821 undosi
2262 2765 2433 2822 maris
2460 2766 2514 2821 in
2542 2764 2691 2838 ligno
2732 2769 2916 2826 crucis
2948 2771 3207 2840 perducet
3232 2788 3358 2830 eum
3382 2775 3454 2833 ad

1875 2858 2029 2914 littus
2056 2866 2272 2914 aeternae
2316 2857 2649 2926 stabilitatis,
2688 2859 2780 2915 ubi
2817 2862 3167 2921 nontimebit
3210 2865 3450 2924 incidere

1879 2951 1936 3006 in
1966 2959 2191 3022 puteum
2232 2950 2417 3024 abyssi
2466 2966 2630 3023 super
2656 2952 2886 3009 solidam
2916 2956 3302 3027 promissionis
3337 2971 3448 3018 ter-

1877 3060 1998 3101 ram
2020 3045 2310 3102 stabilitus.

1947 3137 2112 3196 Vens,
2165 3139 2259 3195 24.
2320 3137 2396 3194 Tu
2441 3156 2580 3208 vero,
2609 3138 2771 3210 Deus,
2796 3142 3017 3201 deduces
3044 3161 3131 3201 eos
3161 3146 3217 3201 in
3236 3156 3451 3217 puteum

1872 3234 2145 3301 interitus,
2181 3232 2275 3304 qui
2312 3235 2827 3291 contaminaverunt
2858 3246 3241 3296 testamentum
3269 3249 3447 3308 tuum,

1871 3335 2099 3395 puteum
2127 3341 2398 3396 aquarum
2424 3327 2745 3397 viventium,
2769 3331 3171 3401 corrumpendo
3209 3334 3450 3389 veritatis

1875 3418 2182 3473 doctrinam
2206 3432 2305 3489 per
2327 3420 2489 3476 verba
2512 3421 2670 3489 salsa,
2697 3437 2865 3493 opera
2893 3437 3083 3493 prava.
3112 3420 3258 3490 ideo,
3286 3422 3447 3492 Deus,

1871 3509 2094 3564 deduces
2115 3526 2203 3564 eos
2226 3511 2280 3564 in
2305 3520 2519 3582 puteum
2540 3512 2809 3581 interitus,
2841 3512 2936 3583 qui
2967 3514 3101 3570 alias
3129 3514 3331 3571 dicitur
3350 3530 3450 3584 pu·

1872 3612 1996 3659 teus
2023 3602 2226 3673 abyssi,
2257 3602 2387 3672 quia
2416 3601 2586 3659 fundo
2614 3612 2765 3660 earet
2796 3605 2939 3660 sicut
2973 3606 3227 3677 abyssus,
3257 3617 3312 3663 ct
3344 3607 3450 3664 erit

1873 3694 1928 3749 in
1973 3708 2040 3750 eo
2069 3694 2400 3765 sempiterna
2443 3694 2749 3761 fluctuatio,
2785 3712 2951 3766 quam
2984 3698 3212 3754 studens
3255 3712 3450 3754 cavere

1868 3785 2054 3857 justus
2078 3794 2200 3841 orat
2226 3786 2295 3842 ad
2335 3795 2407 3855 te,
2447 3786 2694 3854 Domine,
2717 3788 2963 3844 clamans
2994 3807 3008 3843 :
3044 3808 3063 3841 ι
3093 3788 3212 3844 Non
3245 3805 3331 3846 me
3355 3790 3449 3846 cie-

1872 3885 2085 3949 mergat
2124 3886 2420 3949 tempestas
2459 3895 2636 3950 aquae,
2670 3895 2846 3952 neque
2872 3881 3164 3937 absorbeat
3201 3897 3288 3937 me
3315 3897 3445 3953 pro-

1873 3966 2129 4036 fundum,
2183 3983 2361 4040 neque
2408 3978 2598 4041 urgeat
2650 3985 2817 4041 super
2858 3988 2948 4028 me
2977 3984 3174 4043 puteus
3197 3989 3259 4028 os
3284 3989 3446 4029 suum

1874 4058 2051 4132 (Psoi,
2086 4077 2276 4129 exsui,
2304 4061 2414 4130 16).
2454 4081 2473 4114 ›
2512 4061 2578 4117 In
2620 4063 2768 4121 bunc
2800 4074 3034 4135 puteum,
3082 4066 3241 4135 Deus,
3275 4066 3447 4121 dedu·

1872 4170 1955 4209 ces
1977 4171 2086 4222 eos,
2118 4155 2213 4225 qui
2241 4170 2391 4211 nunc
2411 4163 2798 4213 testamentum
2828 4167 3005 4225 tuum,
3028 4167 3250 4230 puteum
3277 4174 3445 4229 aqua-

1874 4262 1997 4303 rum
2030 4248 2352 4316 viventium,
2377 4265 2587 4306 venenu*
2631 4250 2883 4302 salsitatis
2919 4254 3312 4314 rnnlnniinnnt,
3348 4270 3440 4302 rw*

198 4350 390 4420 gratiae
420 4350 659 4405 nutritus
702 4356 788 4406 est
806 4362 875 4404 eo
911 4363 1110 4418 usque,
1164 4359 1221 4404 ut
1267 4348 1444 4420 ipsum
1475 4350 1767 4406 delectaret
1798 4364 1842 4419 D
1869 4355 1979 4411 que
2001 4341 2071 4397 ab
2096 4342 2200 4398 hoc
2227 4342 2435 4398 militiae
2459 4358 2571 4398 suti:
2607 4342 2787 4398 studim·
2823 4342 3108 4394 desistunt.
3156 4342 3268 4394 Nun
3300 4346 3444 4394 *filiun

196 4442 359 4498 cibus
388 4441 684 4498 Dominicae
724 4441 907 4497 carnis
942 4456 1006 4497 ac
1033 4451 1195 4511 potus
1236 4443 1436 4499 vivilici
1485 4445 1770 4515 sauguinis

199 4538 344 4607 ejuS,
378 4536 432 4591 in
461 4536 664 4606 quibus
684 4543 771 4592 est
800 4532 1167 4604 perfectorum
1189 4535 1400 4593 solidus
1419 4538 1575 4606 panis
1601 4546 1656 4592 et
1679 4551 1773 4591 ca-

199 4626 271 4681 lix
310 4626 608 4694 inebrians,
630 4642 793 4698 qnam
818 4627 1135 4696 praeclarus.
1160 4624 1487 4696 Hujusmodi
1515 4628 1770 4684 convivio

198 4719 395 4776 Petrus
422 4737 529 4776 non
575 4731 919 4777 sacramento
946 4727 1104 4775 tenus
1140 4727 1353 4775 tantum
1401 4718 1772 4776 communica-

198 4816 297 4878 vit,
324 4812 421 4869 sed
473 4814 527 4867 iu
556 4814 687 4869 illud
718 4827 920 4884 corpus
961 4812 1317 4879 transeundo,
1346 4814 1490 4884 quod
1512 4813 1768 4876 comedit,

199 4905 506 4959 membrum
532 4903 775 4974 ejusdem
799 4905 1046 4976 corporis
1067 4902 1314 4970 effeetus,
1339 4911 1394 4957 et
1408 4904 1520 4974 jam
1545 4904 1628 4958 vir
1648 4918 1773 4973 per-

199 4997 371 5052 iectus
408 4996 550 5051 lacte
579 5011 689 5053 non
711 4997 877 5068 eguit.
910 4995 1175 5052 Similiter
1196 5005 1247 5051 et
1279 5004 1328 5050 te
1352 4993 1618 5052 Dominus
1637 5011 1769 5050 enu-

198 5088 343 5155 triet,
375 5088 425 5142 si
453 5078 705 5159 exemplo
733 5086 882 5143 Petri
913 5085 1218 5145 adnaerebis
1245 5086 1345 5142 illi.

268 5180 441 5235 Aliter
468 5196 481 5232 ε
508 5179 681 5236 Divisi
722 5191 867 5249 sunt,
898 5182 951 5238 id
984 5191 1067 5238 est
1098 5180 1305 5251 absque
1331 5178 1499 5235 dubio
1526 5178 1771 5234 dividen-

201 5280 290 5327 tur
321 5273 386 5327 αὑ
418 5272 498 5326 ira
526 5272 701 5327 uultus
730 5273 842 5342 ejus
870 5272 1075 5329 inimici
1108 5271 1225 5337 Dei,
1258 5270 1353 5343 qui
1382 5272 1769 5325 contaminave-

200 5373 323 5419 runt
368 5373 737 5419 testamentum
772 5365 906 5436 ejus.
933 5364 999 5420 Et
1036 5365 1143 5421 boc
1170 5365 1281 5432 liet,
1328 5363 1550 5434 quando
1580 5377 1771 5432 appro-

200 5458 475 5529 pinquabit
503 5473 594 5511 cor
620 5456 787 5525 iltius,
813 5456 867 5513 id
887 5465 971 5511 est
992 5455 1213 5527 quando
1240 5452 1693 5527 appropinquabit
1720 5450 1771 5507 ei

203 5559 522 5606 sanctorum
561 5557 758 5612 coetus,
791 5545 885 5617 qui
914 5546 1212 5602 secuudum
1240 5560 1337 5601 cor
1360 5544 1480 5611 ejus
1503 5558 1629 5599 eum
1653 5543 1772 5612 ipso

206 5644 306 5699 erit
353 5642 711 5711 iudicaturus.
750 5641 1002 5695 Attamen
1048 5638 1102 5694 in
1145 5638 1247 5696 hoc
1291 5636 1491 5695 saeculo
1517 5651 1625 5692 non
1668 5633 1770 5692 erit

1870 4444 1956 4490 est
1984 4433 2090 4490 illis
2113 4436 2490 4503 commutatio,
2516 4446 2567 4491 rt
2603 4454 2707 4488 tituli
2743 4438 3040 4490 nummum
3076 4438 3264 4490 [lt-tim.

1943 4524 2120 4580 Etiam
2149 4525 2331 4581 iuliae
2355 4527 2467 4580 vila
2503 4527 2723 4579 duriusve
2755 4546 2839 4579 eus
2871 4542 2919 4579 sn
2951 4538 3156 4595 pust-uui
3204 4530 3440 4579 iiiia-*ritus

1874 4618 2138 4673 tradendo
2166 4634 2263 4673 eos
2305 4618 2361 4673 iu
2393 4623 2683 4688 reprobum
2735 4639 2975 4675 mensum.
3012 4631 3064 4671 ul.
3092 4623 3140 4671 iu
3176 4623 3440 4675 dmi-:aria

1872 4709 2056 4765 cordis
2082 4710 2167 4765 sui
2195 4709 2369 4780 pravi,
2401 4717 2456 4764 et
2499 4709 2551 4763 in
2595 4711 2759 4763 [nullu
2807 4715 3072 4779 pruritum
3116 4715 3276 4764 nituit-7-
3324 4731 3440 4783 pru*

1874 4799 2026 4855 fundi
2067 4801 2134 4856 ad
2168 4801 2587 4856 similitudinem
2615 4803 2819 4871 abyssi.
2859 4803 2951 4855 llis.
2983 4805 3260 4871 [nr-:uitatis
3292 4811 3436 4879 atys-

1872 4910 1970 4952 sus
2019 4894 2277 4967 abyssum
2330 4894 2702 4950 damnationis
2765 4895 3002 4962 invocat,
3054 4904 3116 4950 ut
3167 4896 3260 4967 qui
3314 4913 3440 4968 pro·

1871 4987 2039 5043 funde
2071 4997 2437 5058 peccaverunt
2467 4988 2523 5043 in
2546 4986 2776 5058 mundo,
2798 4987 3068 5060 profunde
3095 4989 3248 5045 luant
3269 4989 3322 5045 in
3358 4990 3444 5045 iu·

1871 5080 2049 5137 seruo.

1944 5171 2060 5228 Hoc
2106 5180 2288 5228 autem
2332 5188 2441 5229 non
2488 5172 2583 5229 diu
2607 5171 2908 5229 differetur.
2940 5171 3154 5229 Etenim
3191 5175 3292 5229 viri
3319 5192 3429 5230 san·

1871 5268 2090 5338 quinum
2109 5274 2161 5320 et
2181 5264 2353 5321 dolosi
2376 5281 2477 5320 non
2501 5266 2854 5320 dimidiabunt
2874 5264 2984 5320 dies
3007 5283 3148 5320 suos.
3183 5265 3294 5321 Viri
3318 5285 3443 5321 san-

1872 5361 2107 5430 guinum,
2137 5358 2231 5428 qni
2266 5373 2498 5429 corpora
2542 5366 2855 5413 sanctorum
2886 5341 3160 5425 occidunt,
3186 5367 3246 5412 ut
3274 5356 3437 5423 Nero,

1870 5459 1923 5505 et
1954 5450 2144 5516 dolosi,
2171 5450 2267 5521 qui
2295 5450 2508 5505 animas
2551 5448 2875 5504 interimunt
2904 5450 3304 5519 corrumpendo
3328 5463 3434 5504 mo·

1873 5559 1963 5600 res
1993 5544 2168 5614 bonos
2209 5539 2747 5598 confabulationibus
2788 5541 3041 5612 pessimis
3083 5549 3142 5596 ut
3165 5539 3435 5595 Antichri-

1875 5651 2012 5710 stus,
2057 5654 2160 5694 non
2190 5637 2549 5694 dimidiabunt
2591 5636 2708 5694 dies
2753 5653 2906 5709 suos,
2941 5636 2992 5694 id
3022 5646 3106 5693 est
3135 5653 3240 5695 nou
3272 5637 3434 5708 proii-
