3817 6000
197 299 250 357 465
689 289 879 347 GElllltlllUS
899 289 1132 347 rnffirosttds
1152 291 1425 351 udtcltdusrttttd.
1794 301 1850 358 teu

197 425 293 472 eontra
314 427 398 484 quam
410 424 465 465 non
476 407 571 479 paneis
594 406 621 461 in
634 420 710 461 more
724 406 845 476 positum
861 416 913 473 est,
928 407 986 478 qui.
999 417 1030 463 ut
1043 408 1172 463 meliores
1189 416 1311 462 veterum
1328 409 1492 478 scriptorum
1505 408 1636 481 reliquias
1658 415 1779 471 maximo
1795 416 1851 475 Ec·

197 511 287 568 elesita
301 505 446 564 contmodo
460 502 648 561 studiosorum
661 503 803 558 hommum
820 503 948 559 manibus
962 502 1005 559 vel
1015 503 1148 574 tantisper
1163 502 1333 574 indulgeant,
1346 516 1382 560 ue
1401 501 1531 562 Pericleis
1547 507 1659 578 quidem
1674 508 1847 567 clamoribus

196 613 225 659 et
244 600 389 659 senilibus
402 597 529 668 precibus
540 609 602 650 sese
618 592 721 649 inflecti
737 593 891 666 patiantur.
1228 663 1230 669 7

230 694 318 750 Porro
328 699 359 746 ut
371 688 640 760 exspectationituae,
654 687 882 745 reverendissime
892 687 996 755 fautor,
1006 704 1090 760 quam
1106 688 1224 760 primum
1238 685 1513 757 anianaemerito
1526 709 1619 767 egoeo
1632 700 1849 770 temporeeden·

195 790 239 847 dis
253 788 315 845 aliis
330 783 504 840 vehementer
515 783 636 840 intentos
650 799 683 840 ac
697 783 814 839 obrutus
827 797 930 851 essem,
941 782 1033 838 statim
1043 782 1148 837 amicos
1157 781 1353 851 circumspexi,
1363 782 1413 853 qui
1427 784 1450 840 si
1460 800 1515 841 non
1532 786 1566 842 ad
1582 790 1674 846 omnia
1697 791 1780 847 simul
1802 791 1848 849 his

194 877 381 939 voluminibus
392 875 522 933 moetusa
538 873 659 932 Gerholti
670 876 815 949 opuscula,
826 877 923 932 saltem
937 876 971 931 ad
983 875 1111 947 princeps
1126 875 1201 932 illius
1214 875 1242 929 in
1257 873 1381 948 psalmos
1401 892 1472 949 opus
1482 884 1694 942 exscribendum
1720 889 1847 960 typisque

195 968 377 1038 evulgandum
392 980 453 1022 sese
475 963 583 1021 iortiter
595 967 783 1039 accingerent.
798 964 853 1023 Nee
875 966 942 1022 mibi
954 966 1003 1022 din
1022 965 1206 1021 laborandum
1231 963 1293 1021 luit.
1309 965 1433 1039 Namque
1454 971 1668 1040 pulcherrimam
1685 976 1757 1033 hane
1780 992 1847 1048 pro·

195 1065 316 1120 vinciam
334 1062 408 1118 illico
421 1062 466 1116 vir
479 1076 512 1117 er
529 1057 630 1116 celebri
641 1057 737 1114 ordine
749 1056 898 1113 Servorum
909 1056 941 1112 B.
957 1055 1051 1112 llariae
1061 1055 1095 1111 t.
1109 1056 1289 1113 doctissimus
1302 1059 1336 1115 Δ.
1362 1057 1395 1114 lt.
1412 1059 1444 1116 P.
1467 1057 1552 1120 Felia‘
1563 1065 1648 1125 blaria
1665 1068 1847 1129 wurtenber-

195 1173 254 1230 ger,
266 1165 419 1215 conventus
430 1154 629 1213 Bellicollensis
640 1169 689 1210 seu
706 1154 962 1211 Schenbnehlensis
980 1169 1037 1210 non
1049 1154 1088 1210 ita
1099 1153 1389 1225 proculllellieiotum
1401 1156 1581 1229 dignissimos
1600 1160 1687 1231 prior,
1705 1162 1758 1219 sibi
1774 1172 1849 1222 stre·

195 1267 249 1307 nne
260 1250 434 1322 depoposcit,
449 1254 567 1320 eamq'ue
576 1260 655 1307 tanto
666 1251 760 1308 studio
774 1261 803 1308 et
813 1253 1001 1319 contentione,
1014 1253 1099 1309 etiam
1128 1253 1157 1309 in
1176 1252 1276 1310 afflicta
1299 1253 1455 1311 valetudine
1484 1258 1694 1327 administrarit,
1719 1271 1749 1320 nt
1771 1264 1847 1324 intra

194 1347 299 1404 biennii
315 1345 373 1402 lere
388 1346 507 1416 spatium
518 1346 679 1403 universnm
694 1347 748 1406 boc
761 1364 832 1420 opus
844 1349 996 1417 exarando,
1017 1348 1191 1421 castigando,
1208 1349 1371 1405 illustrando
1386 1350 1511 1422 typisque
1532 1354 1767 1412 accommodando
1775 1371 1846 1413 con·

195 1440 299 1495 lecerit.
311 1439 351 1494 he
361 1436 510 1508 prodiisset
518 1437 579 1509 eim
592 1438 676 1495 unius
690 1453 774 1510 opera
782 1439 839 1511 jam
851 1449 911 1495 tum
930 1439 1093 1509 splendidus
1108 1439 1154 1496 hic
1165 1438 1287 1496 Gerbohi
1298 1438 1532 1510 Commentarios,
1549 1442 1603 1499 nisi
1617 1443 1727 1514 optime
1741 1446 1845 1519 egregii

194 1531 246 1603 viri
260 1527 554 1586 sodomitanorum
568 1531 711 1590 hominum
722 1543 751 1592 et
764 1536 883 1591 uarietas
894 1534 1109 1608 malignitasque
1123 1545 1279 1606 tempomm
1289 1536 1521 1594 intercessissent.
1539 1537 1607 1606 Qun
1629 1541 1713 1597 etiam
1734 1543 1845 1598 incom-

193 1627 315 1684 modain
331 1640 416 1683 causa
428 1624 551 1693 tuomet,
565 1643 630 1698 cur,
643 1645 706 1687 eum
720 1640 816 1703 postea
830 1646 902 1687 arne
918 1631 1082 1703 longiusiilc
1093 1631 1250 1703 disjunctus
1260 1630 1429 1689 decumanos
1439 1646 1506 1688 snos
1519 1631 1628 1690 labores
1646 1635 1760 1691 mihies
1774 1635 1846 1690 lnte·

194 1739 244 1795 gro
255 1721 439 1781 recensendos
455 1729 484 1778 et
493 1723 521 1778 io
535 1723 625 1780 lucem
637 1725 802 1783 emittendos
820 1735 918 1797 sponte
929 1742 980 1783 sua
993 1726 1135 1795 cessisset,
1151 1735 1191 1783 tot
1201 1741 1290 1784 annos
1302 1727 1374 1784 intra
1391 1728 1497 1799 privata
1513 1728 1615 1785 serinia
1629 1731 1770 1800 premendi
1781 1730 1843 1788 iue-

194 1822 259 1888 rint,
276 1827 466 1889 exspectantes
481 1818 586 1923 scihcet
596 1821 697 1878 coelum
715 1822 799 1893 paulo
813 1823 939 1879 serenius
951 1830 980 1876 et
991 1830 1114 1892 tempora
1131 1820 1213 1878 bouis
1227 1820 1327 1877 litteris
1344 1821 1506 1881 latentiore.
1522 1823 1589 1890 Qnae
1615 1840 1679 1881 cum
1701 1826 1772 1883 bene
1786 1825 1844 1884 lor-

194 1925 308 1972 tunante
321 1914 379 1970 Deo
394 1929 468 1970 nunc
479 1914 604 1974 illuxisse
616 1916 771 1981 videantur,
782 1932 817 1973 en
834 1918 922 1984 adest,
934 1915 1104 1991 amplissime
1117 1916 1228 1986 praesul,
1245 1930 1314 1972 nova
1328 1913 1398 1971 facie
1413 1930 1538 1987 novaque
1549 1916 1610 1972 lnce
1620 1917 1766 1975 Gerhohus
1778 1928 1843 1978 tuns

193 2011 332 2085 longiores
351 2007 479 2064 tenebras
503 2006 676 2079 dedignatur,
703 2007 731 2063 in
756 2008 984 2078 theatrumque
1012 2006 1115 2063 dudum
1142 2004 1322 2077 dignissimus
1351 2014 1420 2072 erat,
1449 2007 1593 2076 provolat;
1622 2018 1667 2076 et,
1695 2011 1771 2081 qnod
1796 2021 1844 2068 or‘

193 2111 388 2161 ramentorum
413 2098 565 2153 maximum
589 2104 648 2164 est,
683 2096 712 2151 in
746 2096 946 2169 augustissimo
965 2096 1082 2153 nomine
1099 2094 1244 2153 Caesarum
1271 2094 1388 2152 maximi
1413 2105 1441 2153 ct
1467 2098 1663 2170 sapientissimi
1691 2100 1785 2160 Caroli
1806 2101 1842 2160 ill

191 2209 362 2350 ap‘ditosrteetrum
377 2287 462 2345 dnbio
478 2286 557 2342 locus
567 2280 723 2348 nullusest,
734 2280 803 2351 quin
815 2280 861 2336 bic
876 2280 1053 2352 benignitatis
1069 2289 1124 2337 tute
1135 2278 1244 2335 lrttctus
1257 2277 1496 2350 religiosissimum
1508 2286 1586 2334 tuum
1612 2279 1735 2337 animum
1751 2282 1841 2338 maxi·

192 2400 304 2459 mopere
318 2383 504 2440 delectatnvtts
518 2375 567 2442 sit,
580 2371 715 2443 facileque
727 2370 901 2435 inducturus,
915 2378 946 2426 ut
955 2371 1063 2435 credas,
1075 2369 1294 2427 benevolentiam
1309 2377 1385 2425 tuam
1398 2369 1426 2425 in
1441 2369 1581 2429 hominem
1592 2372 1678 2430 luisse
1700 2375 1839 2445 collatam,

192 2486 239 2558 qui
252 2484 348 2539 alienae
358 2492 441 2550 quam
453 2472 570 2546 propria
584 2467 674 2524 laudis
683 2464 809 2535 cupidior
819 2480 916 2521 eorum
931 2463 1001 2521 itihil
1014 2465 1224 2536 pretermittere
1237 2465 1336 2533 voluit,
1351 2476 1413 2536 que
1427 2468 1462 2523 ad
1473 2472 1625 2527 ornandam
1639 2471 1761 2531 Gerhohi
1782 2491 1841 2533 me·

194 2576 308 2633 moriam
320 2563 575 2639 etampliticandam
588 2558 661 2632 apud
677 2566 804 2630 posteros
817 2556 932 2628 gloriam
945 2567 1071 2628 spectare
1082 2556 1257 2613 videbantur.
1283 2554 1351 2623 One
1367 2565 1396 2612 ut
1422 2558 1540 2629 amplius
1563 2572 1699 2630 constent,
1720 2565 1776 2623 (tuo
1794 2567 1840 2624 hie

192 2666 375 2743 miltiagemla
385 2679 437 2738 pro
452 2675 528 2717 more
539 2670 651 2715 censeo.
666 2653 791 2709 Primum
809 2660 864 2718 est,
876 2660 906 2706 nt
917 2652 951 2707 de
965 2652 1019 2707 vita
1038 2659 1067 2707 et
1082 2650 1166 2707 rebus
1179 2666 1197 2705 a
1210 2648 1412 2707 Gerhobocum
1426 2651 1507 2707 laude
1521 2653 1604 2724 gestis
1622 2654 1734 2711 uberius
1751 2657 1839 2715 disse

192 2776 271 2823 ratur
288 2760 440 2825 saltarum,
452 2764 484 2810 ut
497 2765 552 2808 nen
565 2749 648 2805 nnius
664 2743 846 2802 solummodo
860 2743 887 2797 ia
902 2740 1029 2799 Psalmos
1043 2741 1246 2810 commentarii,
1269 2741 1319 2797 sed
1335 2749 1366 2798 et
1389 2743 1525 2811 omnium,
1552 2755 1688 2817 quotquot
1711 2749 1839 2819 equidem

193 2867 326 2919 hactenus
344 2854 470 2923 detegere
482 2842 756 2919 potni‚snriptorum
772 2839 892 2895 Gerhohi
919 2838 1107 2894 recensionem
1128 2838 1284 2894 accuratius
1312 2838 1464 2895 instituam.
1489 2838 1557 2906 Quae
1583 2849 1698 2910 utraque
1719 2842 1742 2897 st
1765 2851 1839 2898 mere

192 2962 340 3014 essecutus
359 2946 448 3012 luero,
459 2938 565 3013 liquido
583 2934 743 3007 patebitme
755 2948 854 2988 nomen
871 2931 963 3004 llaqrti
978 2948 1033 2988 oon
1052 2932 1180 2989 adulandi
1195 2942 1244 2988 aut
1263 2932 1356 2989 bernis
1373 2931 1427 2989 mei
1448 2941 1547 3005 praeter
1573 2933 1702 2990 meritum
1720 2938 1837 2995 ernaudi

190 3051 296 3114 studio,
310 3044 357 3100 sed
373 3042 436 3112 jore
451 3050 518 3092 sane
528 3031 633 3101 optimo
643 3026 773 3084 Gerboho
782 3025 953 3095 ascripsisse.

228 3145 288 3201 lam
301 3155 366 3196 vero
378 3136 412 3192 ad
433 3131 550 3204 primunt
564 3123 638 3196 quod
651 3120 759 3188 attinet,
770 3135 824 3175 non
833 3119 960 3189 equidem
980 3118 1089 3175 difficile
1101 3117 1229 3184 lorewm
1246 3117 1314 3191 ipsis
1337 3117 1458 3174 Gerhohi
1487 3117 1628 3188 operibus,
1648 3134 1710 3189 quas
1734 3129 1791 3175 tom
1808 3120 1836 3179 in

192 3232 409 3310 praecedendibus
424 3221 552 3282 ditmari
566 3219 620 3276 mei
631 3216 817 3274 voluminibus
829 3215 913 3282 edidi,
928 3224 987 3270 tutu
1006 3215 1034 3270 in
1049 3215 1178 3285 prasenti
1191 3223 1219 3269 et
1235 3212 1428 3271 consecuturis
1440 3211 1531 3280 edam
1545 3212 1625 3284 longe
1638 3216 1835 3272 accuratiorem

189 3331 331 3398 >scitusque
345 3315 530 3392 siugtdarihus
543 3307 751 3379 locupletiorem
762 3303 944 3361 Gerhobianae
963 3304 1025 3359 vitae
1041 3304 1183 3359 historiam
1197 3311 1353 3368 contexere,
1369 3317 1451 3372 quam
1466 3307 1538 3378 apud
1557 3307 1745 3363 doctissimum
1768 3308 1836 3363 llat-

193 3429 294 3485 tlneum
308 3420 447 3478 liuderum
461 3412 491 3468 S.
505 3410 532 3467 J.
551 3415 648 3465 esum.
663 3403 765 3461 teron
780 3419 842 3459 cum
855 3412 1012 3475 promptam
1028 3401 1196 3456 voluntatem
1221 3398 1357 3471 angustiae
1374 3403 1507 3469 temporis
1521 3403 1682 3468 excludant.
1697 3404 1835 3459 eruditum

193 3527 323 3581 lectorem
339 3524 463 3588 rogatum
482 3508 575 3574 velint,
591 3513 621 3560 ut
631 3503 659 3558 ln
678 3497 833 3557 Radcrlana
857 3497 1097 3562 commentatione,
1119 3495 1216 3550 saltem
1230 3495 1298 3551 scite
1317 3509 1351 3550 ae
1365 3493 1504 3565 eleganter
1514 3495 1681 3565 conscripta.
1701 3497 1835 3579 tantisper

193 3612 361 3684 acquiescat,
376 3606 443 3661 dum
456 3601 493 3667 id,
506 3598 580 3670 quod
594 3597 682 3666 innui,
698 3607 774 3653 autu
791 3610 845 3662 me,
861 3610 924 3651 cum
937 3593 1055 3664 amplius
1083 3592 1232 3659 vaearerit,
1258 3598 1306 3646 ant
1325 3590 1361 3645 ab
1389 3590 1445 3645 alio
1471 3606 1638 3663 quocunque
1661 3585 1834 3647 exsecution¹

194 3697 405 3769 thaneemeth
436 3703 520 3773 igitur
542 3697 661 3769 elogium
692 3693 812 3751 (ierhohi
837 3709 853 3748 a
886 3689 994 3749 Radere
1018 3693 1045 3748 in
1074 3691 1213 3747 volumine
1243 3690 1329 3747 altero
1361 3688 1486 3746 ancrite
1508 3684 1615 3742 sarcre
1635 3685 1833 3756 conscriptum,

193 3803 303 3863 relectis
330 3811 422 3856 tamen
447 3794 600 3862 nonnullis,
627 3807 690 3862 quse
716 3791 846 3848 lectorem
872 3790 997 3846 odiosius
1020 3797 1174 3857 urerentur,
1196 3802 1247 3844 uec
1273 3802 1336 3843 cum
1357 3786 1440 3841 rebus
1461 3783 1582 3840 Gerbohi
1596 3781 1752 3840 necessario
1766 3798 1833 3837 ron·

190 3902 286 3974 juncta
302 3906 377 3953 sunt.

227 4034 241 4068 a
264 4015 372 4070 illustre
393 4024 461 4066 saue
473 4015 500 4063 et
512 4005 609 4075 primae
622 4012 695 4060 notae
707 4012 752 4061 est
768 4003 821 4059 boc
834 4001 1108 4074 licielvcrspergonsis
1119 4002 1246 4058 asceterii
1258 4001 1347 4067 sidus,
1367 4000 1447 4069 cujus
1461 3998 1597 4068 hodieque
1618 3995 1709 4068 fulgor
1726 3998 1830 4069 ingenii

192 4116 222 4169 in
234 4113 313 4168 libris
323 4118 351 4165 et
364 4109 516 4163 litterarum
532 4102 719 4157 tironumeotis
733 4115 787 4157 nou
804 4110 847 4157 est
859 4100 1027 4168 exstinctus,
1038 4115 1120 4170 quem
1137 4097 1291 4154 sanctitatis
1301 4111 1412 4167 quoque
1439 4093 1550 4148 lamaet
1573 4089 1701 4160 splendor
1721 4089 1831 4150 rirtotis

191 4204 279 4276 magis
294 4199 455 4257 accendunt.
479 4194 602 4267 Pollinga
616 4193 733 4264 Bojariae
745 4194 842 4267 prime
855 4196 942 4262 neus,
953 4194 1088 4251 Coenobio
1101 4195 1212 4262 nobilis,
1225 4192 1297 4249 hand
1309 4190 1405 4263 procul
1415 4190 1517 4261 oppido
1538 4183 1761 4252 Weilhaimiaoo,
1777 4202 1829 4242 no·

190 4304 235 4359 bia
245 4299 404 4358 Gethohum
415 4294 509 4352 edidit.
525 4292 613 4362 llajus
625 4292 878 4364 illepatriaedecns,
890 4309 975 4365 quam
990 4293 1077 4365 patria
1088 4291 1180 4348 illius:
1194 4291 1267 4363 quod
1287 4305 1359 4361 saepe
1374 4305 1425 4345 usu
1443 4283 1529 4341 vetnit.
1548 4278 1705 4335 Nesciretur
1720 4278 1829 4352 Stagira

191 4391 401 4453 sibdstoteleta
415 4404 470 4445 neo
483 4386 591 4446 tulisset
603 4389 756 4445 alumnum.
772 4387 859 4447 Natus
868 4399 912 4447 est
926 4405 1002 4446 anno
1014 4389 1085 4446 lose
1097 4398 1226 4444 mortuus
1253 4403 1327 4443 anno
1345 4386 1427 4453 llos,
1451 4399 1513 4439 cum
1536 4396 1638 4436 annum
1663 4387 1756 4451 ageret
1781 4380 1827 4436 lli.

191 4485 247 4543 Nee
259 4494 304 4541 cst
315 4483 390 4555 quod
401 4480 560 4538 Gretserum
585 4478 697 4536 inedita
710 4478 831 4535 Gerbobi
844 4480 901 4536 vita
914 4495 1024 4551 carpas,
1041 4478 1089 4535 ubi
1101 4493 1152 4549 pro
1166 4477 1238 4534 lust
1252 4476 1374 4548 trajectis
1385 4474 1518 4541 numeris,
1533 4471 1606 4528 loedo
1623 4470 1659 4525 ιι)
1685 4486 1826 4528 annorum

191 4592 297 4645 errore,
318 4575 418 4648 legitur
440 4571 521 4638 llll,
540 4568 645 4628 ledum
655 4582 804 4641 operarum
816 4571 859 4626 rel
872 4570 980 4627 librarii
993 4569 1120 4643 sphalma
1139 4576 1194 4639 est,
1221 4583 1277 4626 non
1296 4566 1428 4626 Gretseti.
1440 4565 1495 4621 Pro
1515 4581 1543 4622 tr
1563 4572 1657 4621 maten
1680 4563 1827 4636 legendum

191 4669 310 4725 arbitror
321 4682 362 4721 tn.

230 4804 240 4837 r
253 4781 394 4842 Elementa
408 4780 563 4836 libc'ralium
574 4780 782 4851 disciplinarum
797 4779 825 4835 io
839 4782 928 4852 patrio
942 4781 1003 4838 solo
1016 4782 1156 4853 cognovit,
1171 4781 1299 4851 deditque
1310 4787 1420 4851 guttum
1437 4774 1538 4831 indolis
1549 4775 1576 4830 iu
1601 4774 1668 4846 ipsis
1681 4788 1765 4844 prope
1776 4788 1827 4828 eu·

191 4876 312 4943 inbutis,
323 4891 387 4932 cum
406 4874 526 4931 ostendit
538 4889 620 4945 quam
637 4894 723 4949 caper
736 4880 914 4951 amplumque
926 4887 1023 4950 pectus
1036 4878 1070 4934 ad
1086 4878 1231 4935 thesauros
1241 4877 1405 4934 eruditionis
1428 4870 1596 4929 hauriendos
1624 4871 1743 4937 aberret,
1760 4888 1823 4928 com

191 4967 312 5038 equales
322 4965 445 5023 discendi
458 4966 598 5025 eeleritate
616 4969 696 5041 longe
709 4970 901 5042 precucurrit,
916 4969 1018 5040 quibus
1035 4977 1125 5025 tamen
1146 4968 1174 5024 in
1186 4968 1284 5039 puerili
1296 4968 1396 5023 astutia
1409 4975 1437 5023 et
1450 4969 1551 5040 ingenii
1574 4967 1723 5026 ealliditate
1747 4969 1826 5026 lacile

190 5061 316 5130 cedebat,
327 5061 550 5134 qnandoetimio
566 5061 691 5117 seanimi
708 5063 838 5129 candore,
852 5063 899 5134 qui
911 5063 953 5119 vel
963 5065 1082 5120 maxime
1093 5064 1240 5119 amabilem
1255 5064 1343 5120 reddit
1357 5063 1431 5118 illam
1443 5074 1566 5134 etatem,
1581 5081 1745 5136 morumque
1761 5065 1826 5120 sim-

191 5156 312 5227 plicitate
329 5156 468 5227 plerisque
477 5154 607 5212 omnibns
624 5157 846 5215 commendabat.
861 5156 922 5213 lam
935 5173 970 5214 ex
993 5158 1107 5230 ephebis
1127 5173 1308 5226 excessurus,
1328 5173 1393 5215 eum
1421 5165 1530 5215 sertum
1555 5157 1691 5213 decimum
1717 5171 1821 5211 annum

190 5255 266 5304 esset
284 5248 437 5318 ingressus,
448 5246 505 5303 imo
517 5246 635 5306 tortasse
647 5249 704 5320 jam
721 5266 861 5324 egressus,
874 5251 1027 5310 foedissima
1039 5269 1128 5325 psorte
1140 5255 1233 5310 scabie
1246 5256 1319 5327 (quae
1339 5254 1464 5325 pueritiae
1476 5278 1482 5307 r
1494 5255 1529 5307 ni
1545 5255 1661 5309 ssimum
1685 5261 1728 5309 est
1739 5253 1825 5309 intes·

189 5344 231 5413 tal
244 5351 328 5414 capnt
340 5356 481 5415 aspersus,
492 5350 521 5399 et
534 5357 550 5398 a
561 5345 806 5405 contubernalibus
819 5349 894 5405 velut
907 5349 1051 5405 catharuta
1065 5350 1240 5416 horrebatur,
1261 5358 1289 5405 et
1315 5349 1396 5405 simul
1420 5349 1530 5405 internis
1558 5346 1645 5403 morbi
1660 5346 1824 5403 uerecundia

191 5436 383 5506 torquebatur,
397 5443 429 5491 ut
440 5444 545 5492 taceam
558 5439 711 5496 cruciatum
725 5438 902 5513 doloresque,
921 5444 1023 5514 quibus
1038 5445 1149 5501 assidue
1162 5444 1340 5516 affligebatur.
1358 5444 1412 5500 Sed
1426 5449 1550 5500 abstersa
1562 5444 1671 5499 tandem
1690 5443 1824 5498 clemente

190 5521 263 5578 ooelo
274 5524 346 5581 [teda
358 5524 458 5595 capide
471 5524 630 5596 impetigine
640 5535 807 5599 receptaque
818 5531 985 5587 valetudine.
1004 5531 1152 5587 Gerholtus
1164 5531 1246 5586 sinrnl
1257 5533 1379 5587 animum
1391 5544 1564 5607 mentemque
1577 5536 1611 5591 ab
1625 5535 1700 5590 envoi
1715 5535 1824 5604 impura

192 5609 307 5764 Ἦοιίε
318 5617 481 5688 eentagione
494 5623 656 5692 segregavit,
671 5632 814 5695 totumque
827 5641 858 5681 se
868 5627 1049 5694 castimoniae,
1064 5643 1125 5698 quae
1140 5628 1290 5698 plurimum
1302 5635 1336 5683 ad
1351 5630 1555 5699 complectenda
1577 5631 1716 5700 sapientire
1731 5632 1822 5686 stolis

191 5721 209 5764 r
253 5716 270 5760 t.
289 5708 401 5765 addixit.
