3817 6000
169 132 220 189 titi
650 128 804 189 tibitiiuiii
824 131 1022 189 ettAEPusiii
1044 132 1321 194 uticiieitstieitc.
1749 138 1810 199 512

170 233 267 306 ὓειιιεζ
289 248 340 306 Vel
351 249 475 322 nunquid
492 249 574 305 modu
588 258 651 321 pust
665 253 893 306 resurrectionem
908 265 964 307 non
980 256 1004 312 A
1016 251 1153 324 particeps
1165 252 1317 308 secuudum
1333 251 1407 324 quod
1425 249 1544 309 Verbum
1557 268 1625 310 earo
1638 253 1741 311 iactum
1752 257 1809 313 bs-

170 340 305 400 lmbemus
319 357 462 400 necessum
483 341 516 397 ad
535 340 622 397 Deum
644 356 693 412 per
707 343 792 398 euml
817 340 965 412 Subiectus
1016 342 1114 400 bitasit
1126 345 1154 400 iu
1166 344 1257 401 nobis.
1271 342 1342 413 imo,
1354 345 1427 416 quud
1439 344 1571 402 Mediator
1585 346 1633 403 ilci
1661 358 1690 404 ct
1711 349 1809 406 bouri-

170 433 264 507 itaque
281 433 381 504 etipse
400 441 444 491 eat
459 447 508 504 per
532 428 655 488 nostram
679 432 886 504 subjectionem,
916 431 966 505 qui
1017 454 1082 495 uum
1093 440 1177 497 bomo
1187 440 1315 497 Christus
1334 437 1416 498 lesus
1429 453 1483 508 est,
1497 442 1626 501 sitnubis
1651 445 1809 503 seeundum

170 534 389 596 eaputnostrum
400 533 451 588 est.
467 534 569 593 ctuos,
583 524 631 597 qui
645 525 767 581 membra
782 526 965 597 quesumus,
1018 544 1114 587 servos
1127 540 1154 588 et
1167 533 1323 589 communis
1347 532 1439 601 Pater,
1461 543 1489 591 et
1512 537 1668 594 communis
1685 535 1770 596 Deus.
1795 556 1806 594 s

161 617 353 689 subjiciemur
364 617 421 674 Deo
434 617 508 675 Patri
521 633 568 690 per
582 618 778 690 subjectionem
793 618 864 690 ejus,
875 628 904 677 et
913 620 967 692 ipsi
1016 620 1073 680 llas
1088 623 1266 681 auctoritates
1279 625 1354 680 velut
1368 625 1396 681 iu
1410 641 1497 682 unum
1521 629 1718 698 corpusculum
1734 632 1812 691 retii·

173 711 354 783 subjiciemur
373 721 401 768 et
413 711 566 768 seeundum
582 712 655 783 quod
669 711 742 770 Deus
760 722 813 776 est,
828 720 857 771 et
868 728 968 770 meun-
1014 730 1081 790 gere
1096 717 1264 785 studuimus,
1278 726 1309 773 ut
1319 728 1346 774 et
1358 718 1467 775 facilius
1479 720 1567 791 possit
1580 725 1719 780 memoriae
1730 740 1811 781 com·

172 804 240 860 dum
253 804 327 875 quud
342 805 427 860 bomo
437 812 489 872 est,
503 802 569 875 quia
582 802 748 876 Redemptor
767 813 861 861 rioster
876 813 928 873 est,
940 814 968 862 et
1016 811 1153 876 mendaci,
1167 820 1195 867 et
1212 811 1355 868 eatbulieae
1369 812 1478 869 veritati
1491 813 1630 872 diillcilius
1642 818 1706 889 quis
1719 820 1812 889 possit

172 892 247 954 bem
257 896 476 969 subleeiiomnia
487 900 541 956 sub
556 897 671 971 pedibus
685 898 755 969 elus,
767 898 876 955 sieutet
892 896 967 967 lecit,
1017 898 1161 970 refragari,
1177 912 1317 973 quatenus
1330 902 1460 959 omnibus
1475 905 1554 976 quasi
1571 906 1623 962 sub
1638 908 1719 964 oculo
1734 910 1812 981 posi-

173 1007 236 1061 quae
253 991 432 1050 iuturusunt.
453 990 657 1065 Nonnunquam
684 993 757 1050 enim
782 992 865 1065 capiti
894 992 968 1064 quud
1018 992 1055 1049 tis
1066 993 1094 1048 in
1106 1003 1248 1065 promptu,
1264 1004 1292 1051 et
1306 996 1341 1052 de
1355 995 1434 1066 copia
1448 1010 1521 1054 essct
1538 999 1635 1055 electio
1652 1010 1747 1057 contra
1758 1017 1812 1058 eos

176 1084 364 1141 menrbrorum
389 1095 442 1152 est,
456 1084 619 1144 etnicissiur
636 1086 767 1144 membris
789 1086 871 1143 datur
894 1087 968 1158 quod
1018 1086 1219 1156 quiveritatem
1235 1085 1282 1143 liei
1295 1087 1322 1143 in
1339 1088 1472 1160 iniustitia
1484 1089 1617 1147 detinent.
1632 1090 1660 1158 Si
1672 1108 1812 1163 quaerero

177 1175 275 1249 eapitis
292 1186 345 1235 est.
364 1174 500 1235 Nimirum
523 1179 619 1236 eadem
640 1180 741 1237 uirtute
763 1179 970 1237 inhabitationis
1018 1194 1052 1235 ex
1064 1179 1146 1236 dictis
1158 1178 1266 1248 Hilarii,
1278 1196 1340 1252 quae
1363 1197 1447 1254 supra
1470 1183 1610 1239 bominem
1631 1185 1813 1256 sumprmdi·

175 1270 273 1329 main
290 1271 373 1330 nobis
394 1288 444 1345 per
465 1273 600 1330 unitatem
619 1283 725 1330 naturae
744 1273 921 1331 considemus
942 1282 971 1330 et
1019 1272 1220 1329 etisadrersari
1234 1274 1370 1341 videniur,
1390 1276 1479 1347 primu
1490 1277 1609 1332 dicimus
1623 1278 1697 1348 quod
1712 1294 1813 1350 quem·

176 1378 228 1421 nus
239 1363 267 1419 in
279 1365 438 1422 coebstibus
453 1381 527 1424 nunc
538 1381 585 1438 per
599 1381 674 1432 eum,
686 1366 733 1438 qui
744 1365 821 1423 sedet
830 1366 865 1422 ad
877 1365 972 1423 dexte·
1020 1366 1169 1421 admodum
1191 1365 1313 1423 liiiarius
1338 1382 1355 1424 a
1386 1368 1502 1425 lectione
1530 1369 1729 1439 simpliciorum
1753 1370 1813 1427 lra-

176 1455 347 1527 ramPatris,
360 1466 392 1515 ut
404 1458 568 1517 Ambrosius
592 1460 640 1529 aii,
666 1461 695 1516 iu
717 1459 812 1517 iuturo
833 1470 924 1517 autem
944 1470 973 1518 et
1020 1468 1094 1515 trum
1110 1458 1206 1528 procul
1218 1468 1271 1526 εει,
1284 1469 1354 1515 teste
1366 1460 1543 1534 Hieronymo,
1560 1461 1598 1517 ita
1620 1470 1648 1517 et
1675 1478 1691 1519 a
1716 1473 1813 1520 nostra

177 1548 257 1605 sedes
269 1549 404 1607 sedebunt
413 1551 443 1607 iu
452 1551 568 1622 iudicio,
579 1560 609 1608 et
623 1567 683 1619 nos,
696 1552 743 1623 qui
759 1553 882 1609 membra
897 1552 972 1611 illius
1023 1548 1259 1620 interpretatione.
1272 1548 1466 1608 Verumtamen
1478 1551 1543 1623 quia
1558 1553 1645 1624 parati
1656 1570 1716 1610 esse
1730 1556 1816 1613 debe·

177 1638 275 1710 eapitis
288 1654 395 1707 sumus,
406 1655 462 1696 non
473 1634 563 1698 sulum
576 1641 742 1710 sedebimus,
755 1642 896 1700 sedetiam
905 1659 972 1715 pos·
988 1609 1009 1671 B
1024 1656 1087 1696 mus
1098 1641 1173 1697 omni
1187 1644 1311 1712 poscenti
1326 1644 1462 1700 rationem
1479 1645 1593 1702 reddere
1606 1647 1641 1702 de
1652 1664 1695 1711 ea,
1709 1664 1772 1719 quae
1785 1651 1815 1705 in

179 1723 332 1791 litabimus
345 1743 529 1806 praeparatum
545 1734 627 1791 nobis
640 1750 756 1807 reqnmu
772 1735 808 1791 ab
822 1735 900 1793 initio
922 1750 975 1792 sae·
1024 1731 1104 1789 nobis
1115 1742 1169 1801 est,
1184 1733 1247 1800 iude,
1259 1749 1314 1789 non
1341 1735 1376 1791 ad
1390 1737 1584 1807 exponendum
1606 1736 1753 1806 Hilarium,
1764 1741 1816 1795 sed

179 1823 245 1880 cuii.
272 1824 350 1882 llude
369 1826 551 1884 Ambrosius:
568 1844 579 1880 r
596 1825 643 1884 Sic
662 1827 690 1883 iu
708 1827 756 1884 iilo
767 1826 924 1884 sedebimus
938 1827 973 1884 ad
1026 1826 1060 1882 ad
1074 1826 1294 1897 respondendum
1323 1827 1378 1895 bis,
1402 1843 1464 1899 quae
1487 1827 1559 1884 lorte
1576 1829 1659 1900 objici
1685 1841 1815 1901 possunt,

179 1914 320 1975 dexteram
332 1918 432 1988 Patris,
446 1934 503 1977 non
518 1920 658 1992 quiscum
671 1919 731 1992 ipso
746 1920 912 1989 sedebimus,
925 1921 974 1978 sed
1024 1934 1075 1990 pro
1088 1920 1198 1976 uiribus
1209 1918 1397 1985 intendamus,
1420 1920 1536 1976 iirmiter
1547 1921 1640 1977 animo
1653 1923 1814 1991 retinentes,

180 2011 244 2081 quia
259 2010 417 2069 sedebimus
429 2011 457 2069 in
471 2027 587 2084 corpore
599 2010 712 2071 Christi.
728 2033 739 2066 r
1024 2021 1052 2068 et
1066 2012 1094 2069 in
1110 2022 1244 2084 quantum
1258 2027 1416 2084 possennus,
1432 2014 1546 2084 exsequi
1568 2014 1720 2084 cupientes,
1733 2015 1817 2087 adiu·

215 2100 344 2175 anquid
372 2118 439 2177 ergo
455 2105 546 2161 minor
561 2121 616 2162 nou
637 2115 687 2175 Ιεει
706 2108 755 2180 qui
777 2107 974 2166 intersumus
1024 2113 1105 2163 rarrte
1127 2104 1262 2172 Domino,
1286 2105 1438 2161 doctrinam
1462 2107 1534 2162 bane
1561 2107 1637 2163 beati
1657 2106 1782 2180 Gregorii
1805 2124 1814 2164 t

180 2202 210 2249 et
223 2195 277 2251 lina
289 2197 397 2253 medius
409 2196 552 2266 estlQuin
567 2199 660 2270 potius
669 2214 719 2269 per
732 2200 798 2256 illud
814 2188 998 2257 admirabilc’
1028 2199 1144 2256 «Cauta
1160 2214 1243 2253 mauu
1260 2201 1402 2270 operantis
1428 2198 1455 2254 id
1477 2199 1615 2272 agendum
1639 2200 1813 2268 estut,dum

182 2285 383 2346 iucarnationis
391 2291 588 2347 commercium
602 2290 648 2346 liei
663 2300 691 2348 et
708 2292 828 2349 bominis
841 2293 976 2364 adimple·
1026 2295 1105 2366 spina
1120 2294 1238 2357 tollitur,
1253 2293 1328 2363 spira
1343 2292 1490 2348 nutriatur.
1506 2313 1516 2347 r

182 2389 228 2436 tur
248 2381 385 2439 iueilabiie
406 2384 587 2440 coniunctium.
611 2383 667 2439 Leo
681 2399 750 2456 papa
769 2404 775 2440 :
796 2383 879 2442 rNisl
903 2394 976 2441 emet
1062 2385 1176 2442 Videtur
1188 2385 1266 2441 uaide
1282 2384 1451 2439 contrarium
1478 2384 1656 2455 supradietis,
1678 2384 1752 2455 quod
1775 2385 1817 2442 ait

184 2469 266 2528 ierus
279 2469 362 2538 Deus,
375 2487 430 2528 nou
458 2472 567 2530 efferret
590 2475 742 2531 remedium
755 2493 763 2543 ;
789 2475 813 2532 si
826 2492 881 2532 non
902 2485 976 2534 esset
1028 2476 1147 2533 iiiiarius
1160 2477 1187 2531 in
1200 2476 1270 2531 libro
1293 2490 1368 2530 rrorru
1383 2492 1390 2530 z
1410 2495 1420 2526 a
1441 2475 1470 2530 Si
1485 2475 1616 2530 nativitas
1627 2473 1749 2529 bominis
1763 2490 1816 2529 rra·

182 2565 267 2622 humo
277 2582 371 2632 verus,
384 2582 438 2624 non
452 2569 586 2639 praeberet
597 2571 764 2641 exeurpium.
781 2589 790 2623 r
1027 2581 1118 2629 irruam
1132 2584 1230 2625 novam
1247 2568 1348 2634 intulit,
1363 2575 1391 2622 et
1403 2566 1544 2623 humilitus
1559 2566 1677 2621 immam
1690 2565 1818 2621 demuta-

189 2682 193 2688 ·
218 2657 268 2716 Est
279 2660 371 2716 etalia
384 2661 474 2717 adime
485 2661 608 2732 ejusdem
625 2662 663 2718 rei
679 2662 815 2733 probatio,
827 2665 891 2736 quia
908 2664 977 2721 scri·
1027 2663 1066 2717 vit
1076 2661 1129 2717 sub
1138 2659 1328 2729 assumptione
1338 2657 1442 2722 seruili,
1461 2671 1535 2713 nurse
1552 2655 1666 2712 donatio
1685 2656 1818 2725 nominis,

182 2763 259 2826 ptum
270 2764 312 2811 est
324 2772 332 2810 τ
345 2755 397 2821 Qui
409 2756 649 2827 eiiumiuterpellul
658 2773 706 2827 pro
719 2757 794 2813 uobis
806 2757 893 2829 tuom.
903 2758 976 2831 urit).
1028 2754 1125 2809 lormae
1143 2751 1232 2808 reddit
1241 2749 1437 2820 equalitatem.
1454 2767 1465 2802 r
1480 2747 1546 2804 item
1559 2766 1567 2803 ε
1582 2765 1592 2800 r
1606 2746 1818 2805 Gloriiicaturtts

182 2844 217 2900 Et
230 2843 264 2903 ne
277 2846 340 2917 quis
353 2846 463 2912 dixerit,
478 2848 543 2918 qnia
558 2857 586 2902 et
598 2846 715 2918 Spiritus
729 2847 847 2919 pustulat
867 2865 915 2920 pre
929 2865 977 2903 rtu-
1028 2848 1127 2903 Filium
1140 2845 1220 2901 Pater
1236 2845 1325 2915 major
1347 2853 1400 2912 est,
1413 2843 1582 2916 giorilleatus
1595 2843 1622 2897 in
1638 2841 1719 2897 Putre
1729 2841 1818 2897 Fiiins

184 2936 225 2991 lis
238 2937 378 3009 pemitiius
400 2936 625 2992 inenarrabilibus
637 2938 739 3008 (ibid),
758 2939 877 3010 postulat
891 2938 1013 3018 Spin-fl
1031 2937 1120 2994 minor
1130 2952 1185 2994 non
1197 2944 1249 2993 est.
1262 2937 1317 2992 dut
1328 2935 1468 3007 quomodo
1483 2936 1634 3002 miserest,
1650 2933 1697 3005 qui
1719 2934 1746 2988 iu
1759 2934 1818 3006 glo·

186 3032 241 3094 tbs,
254 3028 319 3099 quia
335 3029 473 3100 postulare
488 3044 538 3086 nos
552 3028 617 3084 lucit
633 3047 640 3083 ε
661 3028 916 3100 imerpelintautem
932 3028 980 3086 Fi·
1030 3032 1070 3088 ria
1085 3029 1133 3086 bei
1143 3028 1235 3086 Patris
1247 3030 1309 3086 est?
1324 3029 1379 3084 dut
1396 3026 1520 3099 nunquid
1544 3025 1624 3082 Pater
1650 3025 1737 3095 inuio.-
1760 3039 1816 3079 non

185 3120 252 3187 bus,
267 3119 332 3192 quia
354 3136 411 3176 suae
428 3119 630 3178 incarnationis
645 3129 817 3177 sacramente
834 3122 979 3193 pronubis
1029 3123 1090 3180 esti
1113 3122 1200 3193 liujur
1215 3121 1310 3191 utique
1342 3118 1424 3175 Pater
1437 3129 1491 3185 est,
1515 3119 1582 3174 dum
1603 3116 1683 3172 Pater
1703 3124 1756 3183 est,
1769 3115 1818 3171 seri

186 3213 344 3280 intervenit,
362 3213 420 3284 ipse
428 3214 513 3284 judex
529 3223 557 3270 ct
577 3214 727 3271 advocatus
754 3224 847 3270 noster
871 3229 981 3286 semper
1030 3214 1127 3280 Filius,
1144 3214 1211 3270 dum
1233 3210 1319 3267 Filius
1341 3221 1394 3279 est,
1415 3209 1506 3266 minor
1527 3225 1583 3265 non
1608 3219 1661 3266 est.
1685 3205 1819 3264 Nativitas

184 3306 302 3377 sequmis
316 3305 390 3363 Patri
408 3308 560 3363 secuudum
578 3307 760 3374 divinitatem,
786 3307 877 3364 nriuor
899 3306 981 3364 Putre
1031 3305 1093 3362 Filii
1106 3304 1214 3361 Patrem
1228 3303 1375 3361 constituit
1396 3302 1541 3373 majorem,
1567 3301 1702 3355 minorem
1718 3299 1819 3354 Filium

186 3398 337 3456 seeundum
362 3399 570 3455 humanitatem.
588 3397 979 3469 utsemperesrmnmmuet,
1030 3413 1093 3456 esse
1107 3396 1259 3453 nativitatis
1283 3404 1383 3451 natrrra
1409 3410 1464 3449 non
1490 3395 1603 3465 patitur.
1628 3390 1721 3448 ritem
1746 3394 1820 3449 libre

187 3489 260 3562 quod
274 3489 489 3550 estznobiseum
510 3490 580 3545 Deus
604 3489 760 3561 (dionisi).
777 3487 926 3546 Nobiscum
952 3491 980 3545 in
1032 3491 1200 3547 undecimo:
1219 3485 1357 3543 «Naturae
1379 3495 1481 3543 nostra
1505 3485 1629 3555 eorporis
1650 3493 1747 3540 rrntma
1772 3502 1821 3555 pa·

187 3584 363 3653 susceptione
388 3592 489 3640 nostrae
517 3594 632 3649 uatium,
664 3582 809 3638 nobiseum
836 3583 863 3638 in
886 3583 982 3653 subje-
1033 3593 1117 3639 terrrae
1135 3580 1288 3636 diuinitatis
1309 3579 1426 3634 inuecta.
1445 3596 1454 3629 r
1471 3575 1505 3631 Et
1530 3576 1622 3630 inira:
1638 3594 1648 3626 ι
1664 3576 1821 3646 adepturus

187 3673 288 3741 etium,
300 3674 444 3731 nobiseum
456 3675 483 3729 in
496 3674 702 3746 glorificatione,
715 3673 779 3744 quia
790 3681 818 3728 et
829 3672 887 3743 ipse
898 3672 980 3739 Deus,
1033 3674 1060 3729 iu
1073 3673 1202 3730 omuibus
1229 3687 1263 3726 ex
1289 3669 1474 3740 subiectione,
1496 3666 1570 3738 quod
1596 3665 1644 3722 [ici
1660 3676 1713 3731 est,
1738 3681 1771 3721 ue
1787 3679 1821 3721 ert

186 3773 216 3821 et
231 3764 410 3823 noadii.Sed
435 3765 493 3836 ipse
517 3765 589 3822 Deus
612 3766 763 3822 secuudum
785 3764 981 3836 plenitudinem
1033 3775 1110 3837 parte
1135 3764 1208 3820 licus
1232 3763 1278 3830 sit,
1296 3763 1343 3819 sed
1367 3771 1442 3817 totus
1460 3760 1543 3817 licus
1570 3759 1629 3815 Non
1654 3760 1707 3816 alia
1729 3760 1822 3831 itaque

187 3858 358 3925 divinitatis,
371 3873 423 3914 nos
436 3874 503 3915 veru
519 3858 557 3915 dil
581 3858 733 3915 seeundum
744 3856 982 3929 participationem
1033 3857 1216 3929 subjectionis
1227 3871 1311 3912 causa
1324 3863 1377 3920 esi,
1391 3869 1473 3924 quarn
1494 3862 1525 3906 ut
1539 3852 1631 3906 omnia
1646 3852 1673 3906 lu
1692 3852 1822 3907 omuibus

189 3952 376 4011 beatitudiuis.
388 3952 467 4020 Quod
478 3954 575 4009 beatus
587 3952 644 4007 Leo
656 3967 726 4023 papa
737 3952 777 4007 sie
786 3952 982 4022 persequitur:
1035 3954 1107 4009 licus
1122 3952 1169 4015 sit,
1197 3950 1271 4005 nulla
1284 3959 1396 4019 experte
1420 3946 1521 4004 terrcui
1543 3947 1668 4018 corporis
1687 3946 1822 4002 residente

194 4065 204 4099 r
219 4044 290 4102 Ecce
313 4044 397 4117 Virgo
411 4046 439 4101 iu
463 4055 543 4101 utero
556 4045 682 4115 accipiet,
696 4052 724 4099 ei
737 4045 827 4115 pariet
842 4044 940 4111 lilium,
954 4053 984 4101 et
1033 4055 1143 4103 natura.
1160 4065 1170 4097 r
1185 4043 1217 4099 Ei
1230 4051 1392 4114 postpauca
1406 4060 1412 4095 :
1429 4061 1438 4093 r
1458 4041 1526 4097 ilum
1539 4040 1623 4095 bomo
1634 4049 1661 4096 et
1673 4039 1754 4105 brus,
1768 4040 1820 4105 iant

190 4140 334 4197 vocabitur
349 4153 449 4195 nomeu
469 4139 531 4210 ejus
547 4136 719 4204 Emmanuel,
738 4137 813 4208 quod
831 4145 875 4193 est
898 4137 983 4192 inter·
1035 4138 1107 4194 lleus
1120 4144 1208 4192 totum
1219 4144 1271 4191 est.
1288 4133 1410 4204 Bessique
1422 4133 1489 4201 id,e
1512 4148 1568 4203 quo
1585 4132 1678 4188 omnia
1694 4130 1820 4200 pendent,

190 4239 326 4304 pretatum
344 4248 352 4285 t
367 4230 511 4285 nobiseum
536 4227 619 4285 bens.
635 4227 774 4285 Niceniru
789 4228 924 4284 mirabilis
939 4244 984 4284 sa⁴
1035 4228 1129 4285 datum
1142 4236 1309 4291 estnumen,
1325 4224 1399 4295 quod
1422 4235 1557 4295 estsuper
1571 4236 1652 4278 omne
1666 4234 1778 4283 numen,
1793 4229 1821 4276 et

192 4336 248 4376 crae
261 4317 382 4391 Virginis
393 4326 491 4389 partus
509 4333 573 4373 vere
599 4319 748 4373 humanam
773 4333 892 4389 uereque
911 4317 984 4374 divi·
1000 4322 1115 4382 illesus
1128 4332 1171 4377 est
1183 4318 1210 4374 in
1227 4318 1314 4390 gioria
1328 4316 1375 4372 liei
1391 4316 1491 4371 Putris.

192 4434 257 4476 nam
273 4433 327 4474 uun
349 4415 436 4473 edidit
459 4417 537 4487 prole
553 4427 692 4484 naturam,
705 4416 771 4489 quia
784 4431 840 4474 uon
868 4416 905 4472 ite
920 4431 985 4487 pro·
1070 4412 1169 4470 Omnia
1186 4412 1243 4468 baeu
1256 4414 1291 4467 ad
1303 4425 1389 4466 unrtm
1405 4421 1516 4466 sensum
1533 4406 1693 4476 respiciunt,
1708 4404 1822 4475 ideoque

192 4513 325 4583 prietates
337 4526 402 4567 suas
417 4511 506 4566 tenuit
526 4517 642 4582 utraque
666 4511 833 4580 substantia,
849 4520 880 4567 ut
891 4527 987 4584 perso·
1036 4505 1143 4564 facilior
1153 4505 1243 4562 exitus
1254 4505 1317 4568 erit,
1332 4519 1366 4559 eo
1380 4501 1512 4572 largiente
1523 4497 1570 4569 qui
1581 4497 1744 4568 sapientiam
1756 4513 1823 4566 pru-

194 4621 292 4664 narum
307 4606 334 4659 in
350 4605 391 4661 eis
402 4603 489 4674 possit
499 4617 560 4660 esse
571 4603 714 4660 diseretio.
726 4604 781 4662 Nec
805 4606 846 4662 sie
859 4616 986 4663 creatura
1036 4610 1091 4657 stat
1102 4599 1186 4654 ctiam
1202 4595 1335 4668 paruulis·
1349 4592 1420 4661 Quid
1431 4590 1516 4654 enlin·
1544 4589 1567 4644 δί
1588 4589 1664 4644 dieat
1676 4585 1798 4641 Hlliiilis
1814 4603 1821 4639 ἓ

193 4702 221 4756 in
246 4698 407 4756 societatem
435 4697 479 4752 sui
493 4695 632 4754 creatoris
655 4708 862 4771 assumptam,
885 4709 916 4756 ut
941 4700 988 4756 ille
1037 4691 1164 4754 Nomine,
1191 4689 1247 4742 rim
1272 4686 1373 4758 Ρῧῑῑθῑέ
1389 4683 1524 4753 “similist
1541 4695 1591 4752 ΡΗ)
1603 4681 1664 4735 ’11θῖ
1678 4678 1823 4747 Quietem

194 4791 343 4858 babitator,
358 4799 387 4846 et
398 4789 444 4845 illa
458 4799 531 4847 esset
544 4790 751 4859 babitaculum
767 4791 816 4848 sed
834 4792 882 4861 ita,
895 4800 926 4848 ut
936 4808 988 4848 rra·
1038 4784 1061 4840 si
1080 4785 1197 4854 imperet
1222 4778 1355 4833 linurinus
1371 4774 1468 4841 Paule,
1494 4782 1526 4829 ¹¹²
1552 4771 1735 4842 ¹0⁸l0¹¹i¹0213
1750 4769 1824 4826 ffioel

192 4885 351 4941 turrealteri
363 4884 449 4940 altera
468 4882 640 4941 misceretur.
654 4884 688 4939 Et
698 4885 825 4957 quamuis
840 4885 926 4942 altera
941 4886 987 4953 sit,
1039 4879 1133 4949 utique
1147 4875 1182 4932 de
1195 4872 1305 4930 Clarisw
1322 4869 1395 4935 :Qii
1406 4868 1505 4923 timii*
1519 4867 1607 4936 lilim
1617 4863 1666 4918 ⁰⁶5
1681 4872 1758 4928 eliel.
1775 4879 1823 4917 ιιι

193 4993 255 5048 quae
270 4976 431 5048 suscipitur,
443 4976 530 5035 altera
542 4992 609 5034 vero
627 4993 689 5048 quae
699 4978 825 5049 suscipit,
840 4977 868 5032 iil
882 4987 988 5034 taniam
1037 4971 1162 5041 rapinum
1176 4966 1323 5022 orbilium
1336 4973 1375 5017 etl
1386 4977 1442 5018 elle
1457 4977 1484 5014 ie
1498 4959 1629 5031 oeqtiillem
1645 4958 1699 5012 Deo
1713 4956 1821 5027 (Philip.

194 5082 286 5130 tumen
301 5071 432 5126 uirtutem
456 5070 585 5127 contenit
610 5069 757 5141 utriusque
782 5069 940 5136 diversitas,
956 5081 989 5125 nt
1039 5070 1082 5140 u).
1096 5067 1253 5123 Arbitratus
1267 5072 1310 5118 est
1320 5060 1394 5115 enim
1408 5056 1536 5114 Christus
1550 5071 1605 5112 non
1630 5055 1754 5125 rapinam
1767 5064 1824 5105 csse

195 5185 269 5225 unus
285 5167 414 5241 idemque
429 5169 465 5225 sit
478 5166 576 5235 Filius,
589 5167 637 5239 qui
664 5175 733 5224 seet
749 5165 901 5223 secundum
914 5165 989 5238 quum
1039 5176 1070 5218 se
1080 5158 1212 5230 aequalem
1227 5156 1293 5210 Deo.
1311 5152 1365 5209 Sod
1388 5150 1482 5207 unde?
1495 5148 1601 5206 crimin
1617 5146 1703 5217 [orme
1721 5143 1769 5198 ilci
1784 5158 1824 5195 cs·

195 5276 278 5319 verus
289 5269 332 5318 est
346 5261 440 5325 bomo,
454 5259 535 5316 Patre
554 5258 622 5317 dicii
635 5259 782 5324 minorem,
795 5268 823 5315 et
837 5257 989 5316 secuudum
1039 5263 1088 5310 set.
1102 5252 1143 5308 Ex
1161 5252 1214 5306 boc
1228 5248 1361 5321 prolecto,
1375 5260 1430 5301 non
1442 5259 1474 5300 cx
1490 5244 1555 5299 aiio,
1571 5240 1642 5309 Quiri
1658 5240 1728 5293 ultre
1741 5250 1826 5291 mora·

196 5354 365 5425 quodnerus
379 5352 515 5417 Densum,
531 5352 605 5409 Patri
618 5350 763 5424 proiiteiur
775 5350 920 5422 aequalem.
941 5368 951 5403 r
1040 5348 1120 5405 mm?
1138 5341 1282 5416 Oportebat
1298 5340 1357 5412 poti
1377 5337 1526 5402 Christum,
1540 5345 1566 5390 et
1579 5346 1712 5403 reserpere
1725 5347 1741 5383 n
1756 5344 1825 5383 mnr-

233 5443 268 5500 m
283 5461 319 5503 ne
331 5446 397 5516 qiud
411 5446 445 5501 de
458 5454 554 5501 nostru
573 5445 665 5501 dicere
682 5444 837 5510 uideamur,
853 5444 917 5498 audi
941 5441 990 5498 lli·
1042 5442 1106 5503 tuis,
1118 5449 1144 5494 et
1160 5440 1199 5491 itu
1211 5437 1313 5489 intrare
1325 5435 1352 5490 in
1363 5432 1478 5503 pluriam
1493 5419 1826 5495 tuumidttc.1xtv).l³ru·

198 5535 301 5592 larium
319 5555 327 5592 ε
344 5554 354 5588 r
372 5535 410 5592 Ne
423 5552 452 5592 se
465 5537 613 5607 quisquam
629 5534 776 5607 Unigenito
795 5549 844 5606 per
858 5535 988 5590 substan-
1041 5532 1122 5601 pineta
1134 5529 1178 5582 iiie
1194 5540 1311 5594 magnus
1325 5523 1385 5579 siue
1403 5523 1509 5578 bonore
1520 5528 1580 5575 erat
1602 5519 1629 5573 iu
1653 5515 1741 5587 patria
1768 5530 1823 5579 sua,

201 5625 267 5682 iiam
278 5626 429 5684 diuinitatis
446 5638 578 5698 cumquei.
603 5627 646 5682 Sit
661 5628 740 5683 nubis
756 5627 800 5686 iiie
817 5635 843 5681 ci
858 5627 950 5693 irater,
963 5634 990 5680 et
1041 5639 1122 5692 quem
1138 5622 1166 5674 in
1182 5619 1289 5689 propriu
1305 5617 1445 5672 sternentem
1460 5616 1502 5669 tui
1521 5630 1579 5670 curn
1601 5629 1652 5666 iton
1679 5616 1824 5680 receperunt
