3817 6000
112 188 170 247 soe
401 178 405 185 '
691 196 1169 268 neruosusne-unxit.
1661 166 1762 289 ἰιι

112 303 295 372 redimimus,
321 306 432 377 quando
455 315 608 366 anteactam
630 310 714 368 ritum
735 330 818 387 quam
838 319 953 387 lasci-A
1268 326 1383 385 estol
1408 328 1452 400 tl,

111 384 217 451 ¹tiendo
237 390 419 467 perdidimus,
441 397 531 455 tiendo
544 416 714 472 reparamus.
939 480 942 489 ,
1013 430 1047 471 ns
1070 431 1141 473 nona
1162 432 1273 487 rnnru,
1302 436 1398 488 serm,
1424 439 1491 480 uoru
1518 442 1552 480 er
1568 444 1712 490 annectat.

150 481 231 555 (⁰9⁰)
256 483 336 555 517
359 483 440 542 Μθῑῑθ
459 488 570 543 ¹¹⁰ffli¹l⁰
594 488 658 545 titel
681 494 826 562 presentie
847 512 914 570 pro·
949 500 959 510 ⁸
1003 506 1080 581 (691)
1105 507 1258 571 Possumus
1285 524 1377 571 autern
1401 517 1429 574 in
1451 519 1561 577 eusdem
1587 523 1760 588 diversitates

112 574 235 644 speritas
250 573 421 646 designatur,
449 575 521 637 sicut
541 594 590 650 per
604 580 713 638 beatum
736 581 788 642 iob
801 586 835 645 de
849 602 914 659 per·
966 595 1098 653 bonarum
1126 600 1208 656 etiam
1232 603 1266 659 ad
1288 621 1511 680 unumquemque
1542 610 1682 685 bominem
1712 636 1760 690 per

111 678 196 719 serso
217 664 342 735 quolibet
364 665 487 726 dicitur:
506 668 584 726 dione
602 672 688 744 prino
712 679 847 749 consurpit
864 680 913 734 lte·
965 697 1076 745 aetatum
1097 701 1237 751 momenta
1263 695 1441 770 distinguere,
1469 699 1548 758 Mane
1562 704 1663 777 quippe
1677 708 1759 765 inreq-

113 756 228 822 miride,
244 756 372 827 interficit
388 774 497 832 epenum
514 770 540 816 et
558 779 720 833 pauperem:
739 782 786 837 per
811 781 913 827 noctem
964 777 1053 837 iectus
1075 783 1173 850 nostri,
1190 786 1307 856 puerilia
1321 798 1385 846 est:
1406 792 1474 849 bora
1488 784 1579 850 antem
1593 798 1672 853 tertia
1686 800 1754 858 ado·

112 847 245 950 seruerit
256 849 336 919 queri
347 849 393 920 {ur
404 848 478 927 (det,
494 869 570 921 ιιιι,
587 855 644 925 11).
656 856 725 913 tium
737 859 873 918 homicida
885 863 913 919 iu
964 870 1096 929 lescentia
1128 875 1240 950 intelligi
1268 889 1368 951 potest,
1392 883 1548 959 quiaquasi
1569 888 1652 946 solio
1671 891 1757 951 allum
1825 958 1840 965 ,

110 952 306 1009 proximorum
328 956 398 1000 nece
423 959 472 1016 per
495 953 662 1005 nocturnum
686 952 808 1011 maxime
828 956 913 1014 sileo·
964 963 1089 1035 proiecit,
1114 967 1180 1023 dum
1201 970 1279 1027 calor
1297 974 1386 1032 etatis
1408 978 1516 1033 crescit.
1537 979 1757 1055 Sextaverolu·

110 1028 182 1086 tium
202 1031 292 1088 soleat
315 1035 447 1106 grassari,
467 1051 518 1093 cur
532 1036 586 1094 buc
607 1038 635 1095 in
649 1040 714 1098 loco
727 1059 808 1102 mane
822 1048 912 1120 primo
963 1065 1060 1112 ventus
1073 1064 1126 1124 est,
1149 1058 1213 1130 quia
1233 1062 1308 1119 reiut
1324 1063 1352 1119 ln
1366 1075 1460 1123 centro
1471 1069 1513 1125 sol
1528 1069 1630 1142 ligitur:
1646 1073 1712 1130 dum
1725 1076 1753 1132 in

110 1138 283 1196 consurgere
300 1125 335 1182 ad
353 1126 573 1186 interdeiendum
587 1146 703 1204 egenum
718 1144 745 1192 et
762 1153 910 1211 pauperem
962 1160 994 1201 ea
1010 1146 1150 1216 plenitudo
1168 1150 1275 1208 roboris
1296 1154 1441 1211 solidatur.
1458 1154 1535 1214 Nona
1556 1169 1647 1216 autem
1673 1180 1755 1221 sene·

110 1215 227 1283 dicitur,
247 1215 275 1273 in
290 1226 370 1274 noue
382 1233 448 1276 vero
470 1222 550 1292 quasi
570 1222 616 1281 tur
639 1241 701 1284 esse
730 1231 912 1300 perhibetur?
962 1245 1023 1292 etus
1037 1237 1205 1311 intelligitur,
1232 1242 1329 1314 inqua
1353 1245 1394 1302 sol
1412 1248 1487 1304 velut
1507 1249 1542 1307 ab
1562 1252 1619 1307 alto
1642 1269 1694 1311 axe
1709 1256 1756 1313 de·

110 1305 168 1363 Sed
182 1307 255 1380 ipsis
275 1310 368 1367 uerbis
382 1311 480 1370 litterae
496 1313 628 1374 dumsibi
642 1332 798 1395 congruunt
814 1323 849 1382 ad
868 1325 912 1383 in·
962 1327 1078 1395 sceudit,
1107 1329 1171 1401 quia
1189 1346 1221 1387 ea
1239 1342 1337 1390 aetasa
1357 1336 1448 1394 calore
1469 1338 1622 1410 iuventutis
1643 1344 1752 1403 defecit.

110 1399 238 1474 daganda
268 1402 382 1473 spiritus
410 1414 515 1463 secreta
542 1422 715 1471 revocamur.
740 1412 820 1472 Mane
843 1431 911 1491 erqo
962 1417 1112 1477 Undecima
1135 1438 1200 1481 uero
1217 1425 1285 1481 bora
1307 1434 1350 1483 est
1365 1442 1397 1483 ca
1413 1438 1479 1487 etas
1490 1447 1550 1503 quae
1564 1434 1701 1509 decrepita
1712 1437 1754 1495 vel

109 1491 259 1561 praesentis
289 1493 353 1549 rite
379 1496 550 1569 prosperitas
582 1500 729 1576 signatur,
763 1506 835 1567 sieut
861 1524 911 1583 per
961 1515 1090 1566 veterana
1115 1510 1226 1569 dieitur.
1258 1510 1336 1571 Unde
1357 1525 1385 1572 et
1404 1517 1491 1575 creet
1517 1523 1596 1579 ualde
1617 1527 1751 1596 seniores.

109 1580 291 1640 Salomonem
313 1584 415 1642 dicitur
437 1604 444 1643 :
470 1586 516 1645 Vn·
544 1590 611 1662 tibi,
638 1602 727 1664 terre,
758 1597 834 1669 euius
863 1616 910 1656 reu
961 1614 1016 1656 non
1030 1603 1161 1685 pepones,
1174 1604 1426 1688 sedepripderpaur
1441 1613 1587 1684 appeliant,
1613 1600 1647 1674 ιιι1
1672 1619 1749 1691 plus-

107 1683 240 1745 paereet,
260 1684 286 1730 et
298 1675 376 1747 eujus
405 1678 537 1751 principer
551 1698 628 1739 mnne
649 1685 789 1744 comment
806 1687 909 1761 (Eccle.
924 1662 946 1719 Β
960 1706 1043 1762 quam
1059 1708 1139 1752 senes
1150 1710 1212 1753 esse
1234 1697 1385 1769 insinuent,
1400 1717 1470 1773 quos
1494 1708 1679 1776 provectiores
1702 1728 1751 1768 ro·

108 1780 138 1832 ι,
161 1765 219 1838 16).
244 1766 315 1835 Quia
343 1783 424 1826 mane
443 1770 563 1842 primum
591 1775 645 1832 diei
673 1785 781 1852 tenpus
802 1791 856 1851 est,
882 1792 910 1840 et
950 1770 1034 1841 rant.
1052 1784 1121 1854 Quia
1141 1803 1207 1860 ergo
1230 1789 1264 1846 ad
1277 1789 1361 1848 vitam
1373 1792 1483 1865 bonam,
1499 1798 1609 1856 aliusin
1624 1804 1751 1873 pueritia,

107 1874 227 1929 vespere
247 1867 401 1917 extremum
418 1877 592 1937 nequaquam
611 1868 861 1931 reficiendisomne
873 1872 909 1933 de
960 1874 1031 1932 alius
1046 1876 1073 1932 iu
1088 1878 1283 1953 adolescentia,
1311 1884 1383 1941 alius
1408 1885 1436 1941 in
1461 1888 1615 1959 juventule,
1641 1894 1710 1950 alius
1723 1896 1752 1952 in

108 1951 197 2022 buius
216 1951 281 2007 ritae
299 1954 481 2026 prosperitate
505 1973 568 2030 quae
592 1962 734 2033 prevenit,
753 1965 803 2025 sed
817 1967 851 2023 de
873 1968 908 2025 iis
960 1972 1185 2053 senectute,aiius
1199 1974 1227 2032 in
1241 1975 1378 2050 decrepita
1393 1988 1472 2039 etate
1485 1980 1658 2056 perducitur,
1667 1990 1748 2060 quasi

106 2059 174 2114 quae
185 2042 216 2100 in
234 2045 288 2102 line
302 2045 367 2115 diei,
381 2048 410 2105 id
428 2056 472 2106 est
497 2049 526 2107 in
538 2051 634 2108 mundi
646 2055 766 2112 termino
785 2073 908 2129 sequun-
958 2060 1075 2120 dirersis
1091 2063 1169 2122 horis
1182 2068 1301 2139 operarii
1317 2069 1345 2125 in
1361 2069 1470 2127 vineam
1484 2085 1627 2135 vocantur.

107 2150 167 2197 tur.
181 2140 263 2200 lianc
272 2159 339 2221 ergo
350 2146 508 2218 comedunt,
529 2149 578 2222 qui
592 2150 627 2208 de
639 2150 722 2226 hujus
734 2155 830 2212 mundi
843 2171 908 2229 pro·
1206 2157 1289 2231 519
1306 2156 1422 2218 CAPUT
1447 2162 1504 2219 Vll·

107 2235 291 2305 speritatibus
313 2237 493 2309 extolluntur,
521 2250 550 2299 et
569 2240 636 2300 dum
661 2247 805 2316 presentia
822 2248 907 2305 retre-
1300 2267 1334 2306 tlt
1352 2269 1408 2309 ΜΕ·
1452 2270 1455 2273 ’

106 2334 219 2380 menter
240 2336 349 2396 curant,
369 2326 463 2387 lutura
486 2347 542 2387 non
558 2334 689 2407 cogitant,
703 2337 796 2395 Omni.
818 2349 907 2397 antem
960 2331 1148 2408 inscriptura
1166 2357 1245 2396 suere
1269 2342 1323 2398 diei
1336 2345 1451 2412 nornine,
1473 2347 1618 2420 utiquundo
1640 2353 1750 2412 eiurites

105 2418 155 2487 qai
169 2417 227 2473 edit
242 2417 353 2489 fratrem
365 2437 456 2490 tuum,
468 2422 542 2481 sicut
555 2425 622 2483 dicit
645 2426 799 2505 Scriptum,
818 2433 906 2490 tomi·
994 2406 1168 2475 s“¹“'⁰³”f'oe’
1180 2412 1590 2487 “nima‘'Wffl'fde‘wffl‘w‘
1606 2420 1751 2493 “Imm

106 2506 224 2609 ‘uim
237 2507 267 2581 (Ῑ
284 2509 367 2612 {oem
386 2513 502 2616 ¹¹¹rt²⁰ij
520 2513 600 2573 ”³¹¹⁹
623 2518 716 2621 milne
730 2523 820 2624 primo
839 2541 906 2581 ⁰⁰¹¹·
993 2477 1749 2632 ellumgnffileeznrzossqrpgzffpkinmunemque&

106 2608 199 2667 surgit
223 2598 372 2670 homicida,
396 2616 462 2676 quta
490 2619 518 2659 m
544 2616 687 2679 praesentis
718 2620 782 2669 otte
818 2615 907 2688 gloria
992 2619 1081 2673 rtnin
1097 2636 1176 2677 cartre
1190 2623 1359 2746 intellixitur.
1376 2623 1443 2682 Cum
1456 2644 1515 2682 uero
1529 2629 1671 2699 pluraliter
1689 2635 1749 2690 dier

106 2691 388 2764 perversusquisque
408 2693 535 2770 eripitur,
549 2709 577 2754 et
591 2697 907 2777 illorumvitamdepri·
992 2687 1134 2754 “imm'’
1159 2691 1303 2763 ⁰¹⁵⁹¹⁴⁰i¹⁰
1335 2696 1448 2767 *1191111
1468 2697 1610 2753 ‘mmmm
1640 2704 1748 2770 ‘mii'ffv

106 2778 168 2846 urit,
196 2779 244 2852 qui
267 2781 333 2838 dum
359 2792 518 2854 sequentem
554 2787 670 2863 gloriam
696 2790 802 2861 sitiunt,
826 2796 906 2867 quasi
992 2756 1139 2899 gffflz
1156 2762 1748 2909 migliffi'gt'tnazufflffnmii&

106 2871 205 2927 satiari
224 2871 381 2945 inserpere
396 2877 554 2949 exquirunt.
578 2879 711 2955 Quiergo
732 2894 904 2961 eontraege-
992 2899 1079 2969 pepp,
1097 2900 1262 2975 mmm·
1468 2876 1475 2904 r
1529 2856 1546 2911 q
1582 2852 1702 2898 norme
1725 2860 1750 2898 ι.
1804 2912 1807 2917 ¹

106 2978 175 3020 num
190 2975 220 3022 et
236 2981 383 3040 pauperem
405 2984 486 3026 manc
504 2971 641 3032 homicida
668 2983 721 3050 cst,
736 2991 784 3049 per
794 2958 939 3044 noctemG
991 2988 1050 3047 otei
1074 2993 1184 3070 nomine
1208 2994 1319 3053 claritas
1333 2994 1432 3054 iulurae
1450 2999 1512 3056 sitoe
1526 3000 1693 3075 designatur,
1710 3005 1749 3066 si·

106 3057 191 3126 quasi
204 3057 251 3115 tur
261 3058 449 3130 absconditur,
476 3063 541 3136 quia
555 3079 701 3137 perversus
716 3069 835 3142 quisque
855 3074 903 3150 qui
954 3091 1002 3139 om
1025 3083 1119 3155 sponsi
1141 3101 1208 3146 uoce
1232 3086 1361 3148 Eecteslae
1379 3089 1406 3144 in
1429 3089 1551 3150 Carnicis
1574 3096 1746 3155 cantieorum

107 3148 135 3206 ill
151 3152 337 3224 prosperitate
350 3153 414 3212 vttae
428 3157 571 3229 praeaelttit
596 3159 742 3218 humilium
757 3163 842 3221 tlttm
853 3164 904 3221 dt·
954 3173 1055 3231 dieitur
1070 3175 1150 3233 :Duo
1160 3177 1242 3235 utera
1256 3190 1302 3235 tue
1322 3180 1390 3237 sicut
1403 3181 1508 3239 tinnuli
1527 3201 1627 3257 coprete
1641 3192 1748 3260 pratelli

106 3245 257 3317 perurendo
282 3246 426 3319 interimit,
457 3249 485 3307 in
513 3251 679 3314 adversitate
699 3267 733 3312 ac
751 3255 904 3329 delectione
954 3267 1160 3338 quipetrantur
1174 3272 1202 3326 in
1220 3272 1295 3341 titiis,
1310 3271 1392 3330 donec
1406 3276 1506 3347 aspiret
1527 3276 1583 3336 dies
1605 3280 1695 3351 (Cant.
1717 3300 1746 3352 ι,
1853 3337 1859 3346 ,

106 3338 219 3410 positis
231 3355 282 3412 per
293 3340 387 3415 iniqua
400 3344 518 3402 consilia
540 3346 658 3405 latenter
671 3349 754 3420 laedit,
775 3359 858 3428 atque
875 3354 903 3411 id
954 3358 994 3429 3).
1010 3358 1129 3435 Require
1141 3363 1170 3420 iu
1182 3363 1303 3436 capitulo
1316 3365 1350 3422 de
1367 3368 1508 3437 uberibus,
1522 3369 1571 3439 lib,
1586 3386 1613 3442 r,
1626 3387 1686 3444 cap.
1699 3374 1745 3443 lt,

106 3428 183 3500 quud
202 3444 252 3501 per
271 3446 301 3487 se
320 3434 431 3506 explere
445 3450 502 3496 non
521 3438 610 3509 valet,
632 3439 795 3502 adherendo
821 3446 904 3522 hujus
954 3449 1019 3506 dist.
1034 3452 1060 3507 l.

106 3521 207 3577 mundi
221 3523 378 3593 potentibus
396 3538 513 3586 exercet.
991 3544 1066 3616 (693)
1080 3543 1140 3601 Diei
1158 3547 1269 3604 nourine
1284 3549 1388 3621 peotuti
1403 3550 1550 3607 delectatio
1572 3551 1743 3628 designatur,

143 3612 223 3687 (691)
242 3612 321 3672 dane
336 3617 447 3676 nomine
466 3623 561 3679 mundi
586 3626 729 3685 exordium
743 3628 903 3702 designatur
954 3635 1027 3692 sieut
1046 3651 1096 3707 per
1119 3637 1229 3694 beatum
1247 3638 1301 3697 tob
1323 3642 1444 3700 dicitur:
1460 3642 1556 3699 Pereat
1571 3644 1629 3702 dier
1649 3648 1676 3703 in
1692 3667 1746 3722 que

105 3704 135 3760 in
151 3703 389 3779 Evatrgelio,ruee
404 3708 534 3774 Veritatis
548 3734 556 3773 ι
569 3715 663 3774 Sinite
677 3728 717 3775 ιιι
730 3736 839 3793 repnum
851 3738 904 3778 ete·
953 3738 1033 3784 netur
1046 3744 1117 3794 rum,
1130 3738 1155 3784 et
1172 3746 1224 3786 noa
1238 3732 1266 3786 in
1279 3749 1331 3804 qua
1342 3732 1443 3792 dietum
1466 3744 1523 3790 ert:
1538 3734 1683 3808 Conceptus
1706 3750 1746 3796 ert

104 3797 199 3853 lerum
221 3799 322 3856 bomini
344 3804 538 3874 patrifamilias
556 3810 603 3880 qui
630 3811 697 3866 eaiit
714 3812 801 3883 primo
826 3830 903 3870 moue
953 3817 1030 3873 bomo
1043 3815 1104 3891 (dei
1119 3819 1271 3891 tlt,bt.Per
1285 3821 1358 3882 diem
1373 3826 1478 3894 peccati
1487 3828 1632 3886 delectatio
1644 3830 1745 3890 intelli·

104 3888 255 3946 enaduere
280 3895 415 3963 operarios
428 3898 457 3952 in
468 3898 570 3956 cineum
583 3917 660 3957 ruem
672 3900 783 3975 (llattl.
799 3920 847 3975 ιι,
862 3907 901 3977 l).
952 3909 1041 3982 pilum
1065 3925 1113 3980 per
1131 3918 1239 3966 noctem
1263 3926 1328 3968 vcro
1350 3914 1460 3974 caecitas
1473 3919 1572 3976 mentis
1589 3936 1638 3998 per
1658 3937 1743 3992 quam

105 3977 179 4048 Quis
200 3982 288 4053 patris
307 3983 427 4044 familias
452 3988 662 4049 similitudinem
689 3994 791 4053 rectius
828 4005 903 4056 tenet
952 4017 983 4059 se
1000 4001 1083 4057 bomo
1097 4003 1200 4074 patitur
1214 4003 1241 4058 in
1263 4004 1350 4076 culpae
1371 4009 1574 4078 perpetratione
1594 4014 1742 4083 prosterni.

105 4090 194 4146 quarn
208 4073 343 4134 Conditor
363 4089 466 4155 noster,
489 4083 537 4155 qui
551 4085 621 4158 regit
642 4101 704 4158 quae
717 4088 848 4159 condidit,
875 4099 902 4150 et
952 4087 1035 4163 Optat
1057 4093 1140 4165 igitur
1162 4094 1251 4165 perire
1276 4095 1359 4166 diem,
1382 4105 1413 4154 ot
1424 4113 1505 4160 omne
1525 4101 1599 4173 quod
1626 4103 1742 4162 blandiri

104 4168 212 4226 electos
225 4184 290 4228 suos
305 4171 346 4228 sic
359 4171 389 4230 in
406 4173 460 4231 boc
469 4177 573 4234 mundo
585 4178 707 4250 possidet
716 4180 797 4254 quasi
808 4181 901 4255 subje-
952 4183 1033 4255 culpa
1055 4187 1188 4253 cernitur,
1213 4187 1291 4258 culpa
1305 4187 1398 4261 rigore
1410 4188 1523 4261 iustitiae
1546 4191 1744 4252 interueniente

105 4270 168 4319 etos
185 4259 321 4322 Dominus
339 4263 368 4321 iu
392 4265 500 4324 domo?
521 4266 573 4336 Qui
597 4270 680 4327 babet
703 4271 812 4329 vineam
837 4273 901 4330 uni·
916 4308 939 4365 D
952 4273 1120 4338 destruatur.
1134 4272 1216 4348 Optat
1232 4276 1313 4334 etiam
1325 4279 1416 4352 perire
1431 4288 1549 4350 noctem,
1562 4289 1593 4337 ut
1604 4282 1677 4353 quod
1690 4298 1745 4339 cae·

100 4368 230 4422 ,nesam
240 4354 346 4413 scilieet
357 4354 520 4428 Ecclesiam,
531 4359 589 4432 qui,
603 4360 639 4418 ab
648 4361 714 4419 Abel
729 4361 901 4437 5181usto
954 4374 1016 4422 cata
1031 4381 1110 4427 mens
1121 4367 1203 4426 etiam
1217 4383 1266 4442 per
1280 4383 1445 4427 consensum
1460 4380 1606 4444 perpetrat,
1618 4373 1743 4432 animad-

105 4459 198 4517 usque
223 4445 258 4502 ad
276 4445 402 4504 ultimum
423 4448 540 4506 eiectum
559 4451 607 4523 qui
629 4452 657 4508 in
669 4451 724 4509 tine
739 4455 834 4514 mundi
848 4471 900 4511 na·
952 4457 1078 4514 versione
1091 4459 1257 4531 penitentie
1277 4461 1442 4532 exstinguat.
1456 4462 1538 4538 520
1550 4462 1605 4521 Sed
1617 4480 1743 4536 queren-

106 4539 232 4598 rciturus
252 4546 305 4609 est,
319 4549 387 4611 quot
408 4551 520 4600 annuos
538 4544 652 4615 protulit
673 4546 753 4618 quusi
779 4554 820 4606 tot
842 4550 902 4619 pal·
951 4546 1018 4603 dum
1034 4548 1114 4606 nobis
1128 4559 1181 4619 est,
1196 4566 1245 4607 cur
1260 4551 1288 4607 in
1315 4553 1359 4610 die
1383 4555 1465 4611 borno
1480 4565 1562 4612 uatus
1578 4554 1690 4627 dcitur,
1712 4557 1742 4617 ia

107 4631 192 4690 mites
206 4632 293 4690 misit.
316 4631 367 4691 liic
385 4634 479 4707 itaque
489 4634 571 4694 Pater
595 4636 715 4698 familias
729 4637 764 4695 ad
777 4639 902 4696 excolen-
951 4648 1033 4696 nocte
1044 4643 1206 4714 conceptus.
1220 4641 1293 4698 Sane
1305 4642 1388 4700 honlo
1403 4643 1430 4699 in
1445 4644 1489 4702 die
1501 4644 1634 4711 nuscitur.
1649 4647 1698 4702 sed
1713 4647 1742 4703 in

107 4724 171 4780 mm
185 4723 297 4782 vineam
308 4739 387 4783 suom
399 4740 492 4797 mane,
515 4727 584 4786 bora
598 4727 689 4798 tertia,
704 4736 792 4800 sexta,
816 4745 900 4800 nona,
951 4740 1033 4789 nocte
1055 4732 1220 4803 concipitur,
1242 4732 1308 4805 quia
1331 4748 1504 4806 nequaquam
1524 4734 1559 4791 ad
1581 4735 1741 4794 delectatio-

107 4825 135 4873 et
154 4813 302 4872 undecima
326 4817 469 4890 operarios
498 4818 652 4877 conducit:
672 4818 738 4891 quia
762 4834 779 4875 a
805 4819 901 4877 mundi
951 4836 1014 4879 nem
1029 4823 1132 4896 peceati
1143 4822 1258 4893 rapitur,
1272 4822 1326 4880 nisi
1340 4823 1418 4896 prius
1429 4839 1477 4898 per
1486 4824 1654 4884 voluntarias
1664 4841 1742 4884 men-

107 4906 194 4980 buius
218 4907 299 4970 initio
312 4908 440 4982 usquein
452 4908 536 4968 duem
555 4910 591 4968 ad
603 4910 781 4968 erudiendam
794 4910 900 4984 plebem
935 4911 987 4969 'tis
1004 4913 1131 4971 tenebras
1145 4914 1307 4971 luttrmetur.
1322 4913 1393 4972 Ante
1406 4915 1477 4971 eninr
1493 4932 1583 4974 caecus
1596 4917 1625 4975 in
1648 4925 1741 4975 mente

106 4999 231 5058 odedum
267 5000 460 5072 predicatores
497 5016 666 5076 congregare
692 5018 755 5062 non
785 5003 899 5061 destitit.
951 5003 992 5071 til,
1007 5012 1035 5060 et
1048 5003 1224 5074 postmodum
1246 5018 1277 5061 se
1290 5004 1414 5074 reprobre
1429 5005 1601 5066 delectationi
1614 5008 1739 5065 subster-

107 5090 188 5150 llam
199 5090 301 5149 etenim
316 5091 412 5149 mundi
438 5091 490 5150 luit
513 5093 549 5150 ab
572 5093 659 5154 Adam
675 5094 811 5167 usquead
832 5093 901 5154 Noc.
950 5094 1002 5151 nit.
1019 5094 1098 5151 Dicat
1110 5109 1198 5167 erpo:
1221 5094 1318 5151 Pereat
1330 5096 1387 5152 dier
1400 5095 1429 5153 in
1450 5112 1503 5168 que
1523 5106 1603 5154 netur
1623 5114 1694 5166 rum,
1713 5107 1740 5156 ιι

107 5182 183 5244 iiora
204 5199 270 5243 vero
284 5186 375 5255 tertia,
390 5200 406 5241 a
420 5183 478 5244 ltne
492 5200 580 5263 usque
592 5186 627 5244 ad
645 5184 797 5248 Abrabam.
818 5185 900 5243 Sexta
951 5201 1005 5241 nee
1024 5186 1227 5259 topraedictum
1239 5198 1298 5243 est:
1313 5185 1459 5258 Conceptus
1478 5197 1517 5244 ert
1531 5187 1619 5245 tome.
1642 5187 1739 5245 Pereat

105 5288 220 5347 quoque
233 5274 270 5332 ab
290 5273 431 5333 Abrabam
444 5290 531 5348 usque
547 5276 582 5334 ad
596 5274 718 5349 Moysen.
745 5273 822 5332 Nona
834 5290 901 5332 vero
950 5275 1170 5353 delectatioque
1190 5277 1218 5335 iu
1242 5277 1352 5348 cuipam
1372 5276 1510 5335 bominem
1525 5278 1625 5351 rapuit,
1645 5286 1739 5352 pereat

105 5363 236 5438 attoyse
258 5380 345 5439 usque
366 5366 400 5423 ad
425 5367 572 5426 aduentum
602 5366 722 5424 bomini.
750 5363 900 5424 Undecima
951 5367 1061 5427 incauta
1079 5370 1180 5426 mentis
1202 5369 1348 5428 infirmitas
1370 5385 1432 5441 quae
1446 5385 1533 5442 usque
1547 5369 1588 5427 'ad
1610 5370 1738 5427 tenebras

107 5472 176 5520 vcro
200 5458 237 5516 ab
254 5458 374 5517 aduentu
392 5459 502 5528 bomini
518 5474 604 5532 osque
617 5459 653 5517 ad
666 5458 747 5520 duem
758 5459 863 5518 mundi.
950 5459 1028 5531 pravi
1045 5460 1376 5519 eonsensusexeeearit:
1391 5461 1561 5519 bomoenim
1581 5458 1737 5523 dumblan·

144 5570 222 5642 (11111)
241 5570 280 5628 Ex
295 5572 342 5628 lib.
363 5587 407 5628 ιιι
421 5573 448 5629 in
458 5567 511 5629 loli
524 5587 584 5644 cap.
600 5588 661 5629 ιιι.
997 5572 1061 5642 692)
1080 5572 1119 5628 Ει
1132 5573 1319 5656 tremitprur.

146 5641 223 5714 (691)
242 5637 392 5700 ΕἰΙιιιιιιιΙ.
409 5645 442 5700 lo
457 5644 484 5698 in
501 5642 601 5713 Etuup.
913 5725 927 5742 =
999 5642 1062 5714 out)
1081 5641 1178 5702 Etltb.
1192 5644 1219 5713 l,
1234 5660 1263 5701 ιιι
1275 5642 1326 5702 iob
1338 5660 1362 5700 e.
1380 5658 1444 5699 ιιιι.
