3817 6000
118 283 256 340 ¹677
743 273 1299 334 comit-:Nummi
1339 271 1405 327 ΙΝ
1445 270 1784 328 PSALMOS.
1823 301 1897 311 —-
1924 269 2225 325 PARS-vt.
2252 296 2322 307 —--
2357 267 2554 324 psat..
2599 268 2704 325 Lv.
3243 273 3381 328 1673

119 401 388 458 Videbunt
431 399 577 455 illius
607 407 739 453 tunc
794 393 1159 459 altitudinem,
1192 391 1351 462 cujus
1396 405 1543 446 nunc
1568 390 1692 446 irri-
1721 396 1766 450 A
1795 387 2022 458 gratias,
2050 404 2238 443 verum
2268 364 2578 443 sermonem
2610 405 2642 444 a
2688 387 2945 455 Domino,
2988 388 3038 443 id
3070 400 3155 445 est
3178 405 3211 445 a
3239 391 3382 444 veri-

113 493 242 549 dent
264 489 647 553 humilitatem,
670 496 726 542 et
752 495 883 540 tunc
918 482 1189 538 timebunt
1225 481 1404 537 ablata
1428 481 1535 538 illis
1565 491 1697 536 tunc
1798 486 1928 540 mle.
1955 487 2119 549 atque
2141 479 2262 536 ideo
2291 487 2437 533 recte
2464 479 2522 532 in
2551 478 2798 547 Domino,
2821 480 2874 533 in
2901 480 3124 537 veritate
3151 481 3382 548 seilicet,

115 583 264 639 omni
299 597 397 653 spe
421 580 635 637 salutis.

187 674 362 729 Etiam
386 687 507 745 ego,
537 685 698 742 quem
731 667 965 740 populus
992 666 1094 723 iste
1134 681 1163 720 a
1194 666 1399 722 sanctis
1425 664 1583 736 longe
1611 662 1697 718 fa·

114 778 237 825 ctus
262 766 425 823 modo
450 763 738 821 conculcat
772 759 932 832 quasi
962 773 1123 814 uvam
1155 758 1207 812 in
1250 757 1533 823 torculari,
1579 773 1599 806 t
1626 755 1697 809 ab

113 859 400 916 altitudine
430 856 539 913 diei
567 855 800 912 timebo:
825 873 847 906 ι
880 853 1006 924 quia
1044 872 1060 901 ο
1088 851 1416 907 horrendum
1444 859 1529 906 est
1554 848 1696 904 inci-

114 952 244 1009 dere
266 952 323 1007 in
354 965 549 1006 manus
577 947 671 1004 Dei
700 945 1093 1019 (Hebr.x,5l),
1118 963 1137 995 ι
1166 952 1221 1000 et
1237 943 1402 1014 liujus
1424 942 1529 999 diei
1546 943 1699 997 altis·

116 1045 242 1102 simi
264 1059 366 1101 sno
394 1040 681 1114 splendore
702 1039 886 1095 omnia
917 1038 1272 1109 penetrantis,
1301 1044 1357 1091 et
1384 1050 1486 1091 suo
1517 1035 1698 1090 calore

115 1136 300 1194 omnia
321 1133 630 1207 tangentis3
660 1150 680 1183 t
700 1147 799 1187 nec
818 1151 838 1182 ι
866 1130 1012 1186 enim
1048 1151 1067 1182 t
1097 1137 1201 1194 est,
1232 1128 1326 1199 qui
1371 1143 1431 1183 se
1467 1128 1699 1183 abscon-

115 1228 211 1285 dat
237 1243 268 1284 a
291 1227 472 1284 calore
496 1225 617 1295 ejus
643 1221 817 1293 (Psoi.
863 1239 1020 1289 xviii,
1056 1222 1130 1294 7),
1166 1243 1185 1275 ι
1219 1221 1479 1292 quoniam
1512 1240 1531 1271 ‹
1558 1219 1697 1291 ignis

116 1330 245 1376 ante
281 1319 461 1390 ipsum
492 1315 762 1388 praecedct
785 1324 839 1372 et
861 1313 1223 1369 inflammabit
1254 1313 1307 1366 in
1335 1311 1566 1368 circuitu
1594 1312 1699 1366 ini-

115 1412 294 1468 micos
319 1410 440 1481 ejus
469 1407 644 1481 (Psal.
675 1423 817 1473 xcvi,
851 1407 931 1477 5),
958 1425 977 1458 ι
1016 1405 1069 1460 in
1107 1404 1308 1475 quibus
1332 1420 1440 1459 non
1466 1404 1569 1460 erit
1590 1403 1698 1459 ulla

117 1518 244 1574 spes
279 1499 667 1559 misericordiae
696 1499 889 1570 ipsius,
937 1497 1052 1569 Eyo
1099 1514 1217 1550 vero
1261 1499 1317 1551 in
1356 1506 1403 1552 te
1452 1495 1695 1566 sperabo,

116 1594 248 1651 Jesu
274 1593 553 1650 Nazarene
584 1607 676 1648 rex
705 1589 1038 1657 Judaeorum,
1070 1581 1225 1660 quia‘
1230 1603 1351 1645 sum
1378 1589 1446 1644 de
1469 1603 1699 1643 numero

119 1684 533 1751 confidentium,
580 1692 634 1739 et
667 1683 769 1738 bac
799 1696 896 1752 spe
927 1689 1244 1736 transeunte
1271 1680 1324 1735 in
1358 1695 1471 1735 rem
1500 1681 1697 1736 carebo

1794 565 2026 622 laudabo
2069 583 2360 622 sermonem
2392 565 2633 635 Domini,
2681 569 2941 639 quoniam
2973 585 3002 624 a
3032 569 3265 626 Domino
3290 572 3385 626 da-

1796 669 1886 716 tus
1919 669 2024 725 est,
2059 668 2114 714 et
2146 675 2339 726 mettin,
2371 659 2500 730 quia
2529 659 2663 714 mibi
2686 661 2849 716 datus
2877 675 2982 717 est.
3031 661 3100 716 In
3133 662 3240 717 Deo
3270 663 3382 718 ita-

1795 769 1894 825 que
1936 752 2168 807 laudabo
2223 769 2484 808 sermones
2516 770 2657 808 meos
2703 763 2962 825 tanquam
2993 756 3142 811 rivos
3168 755 3236 811 de
3264 754 3384 825 ipso

1796 845 1906 903 Deo
1927 848 2174 905 veritatis
2203 847 2352 905 ionte
2375 858 2662 905 manantes
2682 864 2779 920 per
2801 851 2968 905 multa
2991 851 3201 927 canalia
3225 867 3386 906 mun-

1795 939 2048 1008 dissima,
2080 948 2396 997 sanctorum
2428 940 2678 996 videlicet
2704 942 2870 998 corda
2899 952 2953 998 et
2976 957 3073 997 ora
3111 959 3287 1015 usqne
3314 944 3381 998 ad

1798 1047 1906 1097 me,
1948 1032 2042 1103 qui
2087 1033 2253 1088 etiam
2297 1048 2421 1089 sum
2472 1034 2852 1105 qualecunque
2902 1035 3148 1092 veritatis
3175 1052 3293 1104 vas,
3326 1037 3384 1091 in

1784 1136 2062 1197 -quantum
2100 1141 2384 1183 sermones
2420 1126 2592 1198 ipsius
2618 1126 2860 1184 veritatis
2909 1127 3145 1197 excipio,
3197 1138 3252 1183 et
3292 1143 3386 1184 ca-

1799 1217 1943 1284 nale,
1976 1216 2029 1272 in
2065 1227 2331 1289 quantum
2377 1233 2473 1273 eos
2497 1216 2566 1271 ad
2598 1218 2737 1274 alios
2781 1219 3055 1289 loquendo
3102 1234 3200 1273 scu
3247 1219 3386 1274 scri-

1800 1307 1979 1363 bendo
2005 1306 2349 1363 transfundo.
2404 1305 2473 1361 In
2518 1307 2627 1362 Deo
2656 1309 2862 1379 itaque,
2881 1309 2933 1363 id
2960 1316 3046 1364 est
3074 1310 3129 1363 in
3160 1309 3387 1364 veritate

1798 1395 2030 1451 laudabo
2059 1412 2323 1451 sermones
2358 1412 2536 1466 vcros,
2581 1397 2634 1451 in
2672 1397 2779 1454 boc
2821 1415 2979 1465 meos,
3029 1397 3177 1469 quod
3228 1415 3376 1454 reco-

1798 1503 2005 1559 gnosco
2045 1488 2179 1543 mihi
2214 1489 2394 1544 datos·

1878 1577 1969 1634 Vel
2005 1579 2060 1634 in
2088 1578 2194 1635 hoc
2234 1580 2489 1649 laudabo,
2527 1580 2581 1636 id
2615 1592 2698 1638 est
2721 1581 3024 1640 laudabiles
3048 1583 3246 1639 faciam
3273 1601 3389 1639 ser-

1802 1685 1978 1726 mones
2005 1687 2167 1736 meos,
2196 1672 2342 1742 quod
2372 1686 2535 1742 opere
2567 1673 2786 1744 impleo,
2829 1690 2954 1745 quae
2988 1675 3172 1731 verbis
3220 1676 3391 1731 docco

116 1784 342 1832 extunc
381 1775 530 1830 omni
569 1775 786 1840 timore,
820 1787 928 1827 non
969 1772 1112 1829 sicut
1137 1771 1407 1842 stupidus,
1436 1773 1529 1843 qui
1563 1773 1697 1827 nihil
1731 1743 1772 1798 B
1795 1761 1952 1831 juxta
1977 1762 2152 1820 illud:
2186 1783 2205 1814 ί
2232 1761 2410 1834 Coepit
2452 1762 2614 1820 Jesus
2660 1764 2862 1831 facere,
2906 1775 2962 1820 et
3005 1765 3200 1822 docere
3246 1768 3387 1837 (Act.

119 1866 286 1923 sentit
327 1882 424 1937 per
471 1865 696 1921 nimiam
745 1862 1120 1934 aegritudinem
1179 1863 1330 1934 (quia
1383 1864 1700 1935 magnitudo

120 1964 361 2036 stuporis
404 1962 645 2019 excludit
691 1975 914 2017 sensum
963 1957 1167 2014 doloris
1201 1967 1256 2013 et
1312 1958 1542 2027 timoris,
1590 1975 1701 2031 quo

122 2063 267 2111 statu
294 2054 492 2111 melius
527 2052 692 2109 habet
721 2065 863 2122 aeger
888 2048 1081 2106 dolens
1110 2048 1165 2103 in
1194 2049 1560 2120 aegritudine),
1602 2052 1701 2106 sed

122 2145 265 2201 sicut
283 2144 509 2201 omnino
538 2140 892 2214 impassibilis
913 2148 967 2196 et
992 2139 1422 2210 incorruptibilis
1455 2150 1582 2211 post
1612 2158 1701 2197 re-

122 2236 517 2293 surrectionem
558 2232 920 2305 etjudicium,
948 2231 1148 2287 carebo
1165 2231 1357 2287 dolore
1393 2233 1596 2302 pariter
1638 2250 1704 2290 ac

123 2328 363 2383 timore-z
396 2327 543 2399 quod
564 2342 673 2381 non
701 2325 757 2379 in
789 2338 907 2378 mea
939 2322 1160 2389 virtute,
1190 2322 1284 2379 sed
1310 2324 1367 2378 in
1399 2335 1447 2378 te
1461 2327 1703 2395 sperabo,

122 2419 282 2488 cuius
310 2416 721 2488 inscriptionem
750 2413 893 2468 tituli
922 2413 1268 2470 verissimam
1292 2423 1346 2469 et
1368 2415 1705 2487 incorrupti-

123 2511 287 2568 bilem
317 2522 652 2579 recognosco
679 2505 845 2560 corde
874 2505 1101 2560 credens
1129 2505 1198 2561 ad
1225 2507 1494 2577 justitiam
1527 2517 1583 2564 et
1611 2524 1708 2566 ore

124 2600 393 2657 confitens
441 2599 509 2655 ad
540 2599 793 2664 salutem,
829 2596 975 2667 quod
1020 2594 1183 2654 Jesus
1225 2596 1545 2656 Nazarenus
1591 2599 1708 2657 Rex

121 2691 435 2749 Judaeorum
480 2691 732 2747 «salvum
776 2690 941 2745 faciet
964 2690 1228 2762 populum
1276 2708 1438 2748 suum
1484 2692 1703 2765 (Mattlt.

125 2802 164 2852 ι,
196 2786 309 2855 21),
341 2803 361 2836 ι
413 2800 519 2840 non
561 2785 714 2840 illum
770 2799 934 2855 quem
983 2783 1285 2840 novissima
1337 2786 1455 2842 dies
1504 2787 1711 2843 invenit

126 2879 285 2949 longe
313 2893 343 2933 a
381 2879 609 2945 sanctiS,
655 2879 748 2935 sed
782 2879 957 2946 illum,
988 2880 1085 2950 qui
1131 2879 1536 2950 appropinquat
1579 2896 1708 2936 san-

122 2969 249 3037 ctiS,
278 2968 477 3039 quibus
503 2969 596 3025 lux
633 2978 889 3041 perpetua
950 2970 1154 3028 lucebit
1209 2969 1496 3028 altissimae
1540 2972 1708 3043 liuJus

1802 1871 1842 1922 1,
1869 1855 1942 1928 i).
1975 1875 1994 1908 ι
2039 1855 2175 1923 Quia
2207 1860 2352 1912 enim
2388 1875 2409 1909 t
2435 1859 2529 1927 qui
2560 1855 2753 1913 fecerit
2771 1866 2825 1913 et
2855 1857 3123 1924 docuerit,
3157 1875 3392 1931 magnus

1800 1948 2088 2004 vocabitur
2128 1949 2183 2003 in
2216 1964 2381 2020 regno
2430 1949 2694 2004 coelorum
2725 1948 2946 2020 (Mattlt.
2976 1966 3029 2017 v,
3064 1951 3176 2022 19).
3210 1970 3229 2002 ι
3278 1950 3400 2023 Ego,

1803 2039 2029 2108 sacienS,
2057 2057 2182 2112 quae
2204 2041 2400 2110 doceo,
2429 2058 2690 2097 sermones
2719 2058 2858 2097 meos
2905 2042 3157 2111 laudabo,
3203 2043 3260 2099 id
3288 2055 3394 2111 cst.

1803 2133 2106 2190 laudabiles
2129 2133 2294 2191 facio.

1875 2225 1944 2282 Et
1970 2226 2100 2296 quia
2128 2226 2328 2283 dantur
2361 2243 2645 2284 sermones
2672 2229 2799 2284 boni
2845 2228 3142 2299 aliquando
3171 2229 3238 2285 ad
3273 2246 3393 2286 ma-

1806 2317 1922 2374 lum
1966 2334 2077 2375 non
2116 2318 2253 2375 bene
2286 2320 2480 2388 utenti,
2522 2337 2638 2392 eqo,
2673 2321 2820 2392 quod
2855 2322 3050 2378 melius
3072 2331 3178 2389 est,
3204 2323 3262 2377 in
3284 2322 3394 2378 Deo

1806 2410 2036 2480 speravi,
2066 2421 2126 2467 ut
2147 2410 2400 2468 videlicet
2433 2412 2542 2468 sint
2573 2412 2707 2467 mihi
2733 2410 2844 2469 Deo
2872 2411 3088 2469 favente
3108 2430 3397 2471 sermones

1806 2504 1917 2559 mei
1957 2505 2024 2560 ad
2059 2504 2373 2572 utilitatem,
2422 2506 2723 2560 secundnm
2754 2506 2898 2577 quod
2928 2507 3226 2578 unicuique
3255 2509 3394 2564 lide·-

1806 2594 1944 2650 lium
1968 2596 2130 2651 datur
2155 2595 2522 2652 manifestatio
2551 2593 2787 2665 Spiritus
2807 2596 2874 2650 ad
2906 2596 3216 2652 utilitatem.
3244 2595 3397 2655 Lici-t

1807 2699 1939 2755 ergo
1965 2685 2036 2742 ab
2057 2686 2344 2741 altitudine
2364 2686 2471 2742 diei
2497 2687 2745 2752 timeam,
2778 2687 2959 2743 sciens
2987 2689 3157 2758 quod,
3185 2691 3278 2759 qui
3301 2690 3398 2759 ju-

1807 2777 1958 2835 dicat
1999 2795 2108 2845 me,
2136 2779 2400 2835 Dominus
2428 2789 2532 2847 est,
2567 2779 2712 2836 unde
2744 2794 2846 2835 nec
2884 2781 3152 2851 meipsum
3180 2781 3394 2851 judico,

1809 2881 1992 2928 tamen
2016 2873 2142 2943 quia
2172 2873 2375 2929 nullius
2405 2872 2516 2928 doli
2546 2873 2629 2928 vel
2668 2873 2939 2929 mendacii
2966 2873 3021 2928 in
3049 2875 3399 2930 sermonibus

1808 2965 1948 3023 meis
1993 2966 2128 3022 mihi
2178 2965 2435 3023 conscius
2457 2981 2617 3033 sum,
2662 2981 2766 3021 non
2811 2966 3001 3021 timebo
3049 2967 3175 3038 quid
3229 2967 3397 3037 saciat

124 3059 255 3125 diei,
310 3060 515 3115 Christi
559 3060 830 3126 videlicet,
862 3061 1021 3132 cujus
1057 3079 1167 3118 non
1210 3064 1389 3119 solum
1443 3061 1709 3122 Divinitas
1738 3091 1782 3148 C
1812 3059 1944 3114 mihi
1976 3075 2124 3127 caro,
2167 3059 2220 3114 id
2250 3068 2335 3115 est
2383 3058 2621 3115 carnalis
2651 3058 2908 3130 populus,
2937 3057 3098 3128 longe
3127 3075 3158 3113 a
3190 3060 3400 3115 sanctis

126 3152 268 3206 ultra
314 3166 531 3206 omnem
574 3160 882 3208 creaturam
930 3162 1016 3209 est
1069 3156 1196 3221 alta,
1252 3157 1345 3212 sed
1395 3156 1711 3213 humanitas

123 3258 347 3314 quoque
389 3244 443 3297 in
498 3244 675 3313 ipsius
707 3244 1008 3301 divinitatis
1035 3247 1412 3303 celsitudinem
1451 3248 1706 3305 exaltata.

124 3331 303 3403 Hujus
331 3334 455 3389 tidei
488 3350 677 3391 sanam
719 3336 1026 3392 doctrinam
1058 3354 1166 3392 non
1211 3339 1391 3393 solnm
1432 3340 1575 3408 apud
1622 3353 1710 3395 me

124 3426 183 3484 in
215 3436 425 3483 secreto
455 3428 682 3484 latenter
718 3430 972 3496 observ0,
1020 3430 1113 3486 sed
1141 3431 1307 3485 etiam
1339 3431 1470 3501 qnia
1525 3447 1708 3505 regem

123 3515 440 3573 Judaeorum
469 3517 612 3586 colo,
634 3520 981 3576 consessione
1007 3518 1280 3576 manifesti
1311 3521 1585 3578 sermonis
1607 3538 1709 3578 an-

126 3612 345 3667 nuntio.
394 3610 462 3666 Et
490 3612 537 3667 si
568 3611 909 3683 vituperatur
936 3612 1026 3669 bic
1053 3627 1233 3669 sermo
1274 3628 1307 3668 a
1346 3615 1548 3684 populo
1592 3616 1707 3682 illo,

125 3706 223 3777 qui
253 3721 285 3761 a
319 3706 527 3762 sanctis
553 3706 713 3779 longe
742 3705 920 3764 factus
948 3715 1056 3774 est,
1093 3708 1163 3763 ab
1189 3707 1277 3764 his
1316 3708 1565 3764 videlicet
1615 3711 1709 3780 qui

128 3807 244 3854 tota
268 3798 356 3853 die
381 3798 543 3854 verba
568 3814 692 3854 mea
719 3800 1169 3865 exsecrabantur,
1199 3799 1323 3855 ideo
1345 3800 1488 3870 quod
1520 3801 1712 3857 adver·
1782 3800 1785 3804 ’

127 3908 255 3949 sum
281 3907 370 3947 me
392 3907 584 3948 omnes
619 3892 979 3973 cogitationes
1007 3908 1198 3948 eorum
1232 3892 1285 3947 in
1328 3893 1533 3949 malum
1565 3913 1579 3947 :
1610 3909 1711 3965 ego

130 3996 353 4043 econtra
384 3993 699 4043 sanctorum
729 4001 974 4043 consono
995 3986 1215 4057 adjutus
1245 3986 1575 4053 testimonio,
1603 4002 1708 4041 non

132 4079 294 4149 longe
310 4094 340 4134 a
358 4079 563 4135 sanctis
579 4079 773 4135 recedo
794 4078 846 4133 in
873 4094 1123 4135 sermone
1145 4093 1289 4145 meo,
1318 4079 1429 4134 imo
1452 4078 1708 4149 idipsum,

130 4171 278 4244 quod
314 4171 490 4228 sancti
517 4171 973 4242 praedicaverunt,
1003 4170 1259 4242 praedico.
1293 4167 1447 4225 Unde

206 4262 370 4321 Vens.
413 4265 468 4320 5.
512 4264 581 4318 In
608 4262 717 4318 Deo
749 4261 979 4317 laudabo
1002 4279 1315 4318 sermonem.
1360 4259 1418 4317 Si
1456 4261 1710 4332 loquerer

133 4356 495 4426 excogitatum
545 4370 642 4425 per
683 4369 770 4410 me
798 4353 1164 4422 mendacium,
1211 4354 1466 4425 loquerer
1485 4367 1551 4409 ex
1580 4368 1709 4423 pro-

1814 3151 2012 3218 factuS,
2039 3152 2135 3222 qui
2156 3151 2259 3208 etsi
2286 3152 2460 3207 calcat
2483 3166 2571 3207 me
2604 3150 2762 3221 quasi
2810 3166 2971 3205 uvam
3006 3152 3063 3206 in
3109 3153 3399 3213 torculari.

1810 3245 1893 3298 vel
1922 3244 2078 3314 quasi
2119 3242 2330 3299 fructus
2376 3243 2554 3309 olivae,
2597 3256 2706 3296 non
2764 3241 2973 3312 deperit
3023 3242 3106 3297 vel
3136 3243 3399 3299 doctrinar

1811 3337 2000 3392 vinum
2031 3337 2114 3391 vel
2152 3336 2419 3392 orationis
2440 3336 2620 3391 oleum
2644 3334 2724 3391 sic
2749 3334 2884 3389 milii
2903 3348 3259 3404 expressum;
3295 3351 3397 3392 eo-

1811 3439 1948 3498 gunt
1992 3427 2135 3483 enim
2167 3429 2468 3483 calcatores
2520 3425 2609 3482 isti
2662 3412 2953 3498 aliquoties
3002 3441 3088 3481 me
3122 3426 3294 3498 loqui,
3343 3438 3401 3482 et

1812 3531 1972 3573 orare
2000 3517 2122 3588 plus
2143 3533 2308 3588 quam
2339 3516 2594 3581 facerem,
2627 3517 2673 3574 si
2702 3512 3199 3588 pacem‘ltaberem.

1885 3610 2114 3667 Caleant
2142 3610 2501 3665 nihilominus
2540 3610 2618 3664 illi
2658 3625 2768 3666 non
2812 3621 2922 3665 tam
2964 3610 3196 3681 pedibus
3230 3626 3397 3681 quam

1811 3701 2035 3774 linguiS,
2058 3702 2183 3774 quia

1890 3795 2050 3852 Vens.
2092 3795 2145 3851 6.
2191 3795 2326 3851 Tota
2367 3796 2453 3851 die
2486 3795 2640 3850 verbo
2665 3811 2779 3850 mea
2807 3796 3236 3862 exsecrabantur,
3286 3812 3397 3852 non

1812 3889 1943 3961 quia
1973 3889 2185 3945 veritati
2221 3889 2333 3945 sint
2358 3890 2658 3955 contraria,
2689 3888 2783 3944 scd
2807 3890 2937 3958 quia
2970 3889 3079 3944 illis
3105 3889 3398 3944 inveniun-

1813 3993 1902 4038 tur
1937 3981 2300 4037 adversantia.
2357 3979 2510 4036 Unde
2550 3989 2607 4035 et
2658 3979 2736 4035 illi
2788 3989 2918 4034 sunt
2971 3980 3245 4034 adversum
3295 3998 3394 4048 mu,

1811 4072 2086 4146 praecipue
2123 4072 2179 4127 in
2226 4073 2333 4129 boc
2377 4071 2652 4138 delectati,
2679 4072 2725 4127 si
2756 4070 2960 4141 aliquid
2992 4087 3154 4142 agere
3184 4073 3268 4128 vei
3307 4075 3397 4131 die

1810 4180 1934 4223 cere
1960 4165 2190 4236 possint,
2222 4164 2368 4235 quod
2407 4163 2479 4219 sit
2507 4163 2781 4218 adversum
2812 4179 2913 4220 me.
2954 4163 3182 4230 Quando
3212 4175 3397 4221 autent

1809 4275 1913 4316 nec
1932 4274 2111 4331 agere,
2145 4272 2245 4314 nec
2269 4257 2450 4315 dicere
2479 4269 2710 4329 possunt
2744 4266 2932 4314 contra
2963 4273 3069 4322 me,
3101 4275 3277 4314 omnes
3307 4277 3398 4319 co«

1811 4353 2093 4424 qitationes
2114 4368 2296 4409 eorum
2317 4354 2371 4407 in
2396 4350 2594 4405 molum
2621 4360 2769 4417 sunt,
2795 4363 2856 4406 ut
2882 4351 3046 4418 mala,
3072 4367 3195 4422 quae
3218 4351 3397 4408 lacere

134 4450 270 4522 priis
292 4491 307 4515 ,
358 4458 419 4504 ut
478 4449 689 4506 Veritas
737 4449 804 4506 de
848 4458 1002 4520 patre
1055 4450 1319 4505 mendacii
1372 4459 1600 4506 testatur
1628 4448 1713 4505 di·
1740 4437 1787 4493 D
1819 4445 1947 4498 milii
1979 4462 2084 4498 nan
2120 4446 2426 4514 pranuluznt,
2463 4444 2655 4500 saltem
2688 4443 2940 4513 nequiter
2970 4444 3228 4516 cogitent.
3260 4443 3397 4499 Mira

134 4556 308 4597 oens:
344 4557 363 4591 t
392 4539 528 4595 Cum
563 4541 805 4610 loquitur
846 4529 1210 4606 mendacium,
1240 4557 1307 4596 ex
1362 4541 1597 4612 propriis
1634 4541 1714 4594 lo-

137 4633 346 4703 quitur,
376 4632 505 4702 quia
534 4633 765 4687 mendax
801 4640 886 4687 est
920 4639 975 4685 et
1005 4639 1157 4700 pater
1196 4630 1316 4700 ejus
1365 4630 1546 4701 (loon.
1591 4645 1711 4697 vin,

135 4724 249 4796 tt).
283 4743 302 4775 ι
372 4722 487 4781 Hoc
538 4726 716 4796 ipsum
770 4723 1025 4781 convenit
1061 4722 1457 4789 haeresiarchis,
1503 4723 1596 4793 qui
1646 4724 1715 4778 ab

136 4817 247 4872 alio
275 4817 497 4871 doctore
519 4831 629 4871 non
658 4824 987 4886 aeceperunt
1020 4811 1303 4867 mendacia
1344 4828 1467 4882 quae
1514 4814 1716 4869 docue-

138 4915 287 4973 runt,
323 4906 417 4961 sed
448 4906 551 4975 ipsi
584 4907 651 4962 de
679 4908 844 4962 corde
890 4903 1137 4960 mendaci
1183 4902 1463 4958 mendacia
1492 4919 1591 4959 sua
1621 4919 1719 4974 pe·

137 5009 412 5072 pererunt.
443 4997 558 5069 Ego
581 5008 786 5066 autem,
809 4999 936 5071 quia
967 5012 1076 5053 non
1099 4997 1203 5052 alia
1242 4996 1432 5063 doceo,
1464 4997 1566 5052 nisi
1595 5012 1717 5067 quae

138 5106 167 5145 a
196 5092 421 5147 veritate
449 5091 507 5146 in
557 5093 782 5148 veritate
810 5108 907 5164 per
950 5093 1202 5148 doctores
1244 5089 1577 5146 orthodoxos
1626 5104 1716 5144 ac-

137 5194 291 5256 cepta
317 5193 495 5252 teneo,
518 5193 666 5241 recte
697 5186 751 5239 in
774 5184 905 5252 Deo,
937 5184 990 5242 id
1025 5186 1190 5242 estin
1217 5182 1442 5239 veritate
1483 5179 1715 5237 laudabo

138 5295 447 5346 sermonem,
479 5279 705 5334 veritate
737 5278 1057 5346 subnixum,
1082 5278 1324 5334 veritatis
1364 5275 1604 5347 undique
1640 5284 1719 5331 te-

137 5368 411 5425 stimoniis
437 5369 859 5425 communitum.
896 5368 1051 5436 Quod
1078 5368 1126 5424 si
1152 5382 1298 5423 nunc
1326 5366 1506 5437 ipsum
1538 5380 1717 5435 quan-

137 5462 389 5519 tumlibet
414 5478 603 5518 verum
648 5477 980 5526 sermonem,
1029 5460 1186 5532 quasi
1237 5474 1344 5513 non
1392 5455 1715 5528 acceperim,

138 5570 274 5611 vane
307 5555 589 5628 gloriando
614 5569 813 5626 arrogo
842 5552 999 5621 mibi,
1030 5568 1139 5607 non
1186 5552 1242 5605 in
1277 5550 1409 5615 Deo,
1448 5549 1502 5605 id
1541 5557 1624 5604 est
1662 5548 1718 5602 in

145 5653 388 5714 veritate,
420 5650 513 5705 sed
538 5649 593 5703 in
624 5646 908 5704 mendacio
950 5653 1174 5718 glorior,
1230 5660 1358 5716 quta
1402 5644 1538 5698 nihil
1588 5640 1717 5697 boni

56 5768 70 5784 ι
140 5743 337 5813 liabeo,
384 5744 531 5815 qnod
585 5758 696 5800 non
733 5741 1057 5814 acceperim.
1110 5739 1305 5811 Accepi
1351 5747 1557 5804 autem,
1608 5734 1718 5791 Deo

1819 4538 2076 4606 nequitia,
2108 4538 2196 4590 nin
2232 4542 2308 4590 sic
2340 4553 2512 4592 amnes
2541 4536 2887 4607 coyitatt‘ones
2931 4536 2986 4590 in
3019 4536 3223 4591 malum
3279 4545 3398 4592 ten-

1815 4630 1971 4690 dunt,
2003 4642 2055 4682 nt
2084 4646 2148 4682 nn
2176 4630 2364 4682 stulte-vm
2398 4642 2506 4682 una
2530 4628 2787 4699 cogitatio
2812 4626 2903 4681 liat
2930 4627 2984 4681 in
3022 4627 3226 4684 bonum
3258 4648 3272 4682 ι
3316 4629 3398 4683 in-

1819 4730 1899 4775 ter
1943 4736 2063 4789 qum
2112 4722 2296 4775 anunm
2340 4722 2463 4775 licet
2511 4719 2766 4774 manibus
2810 4717 3232 4776 homicidalibus
3286 4737 3397 4776 non

1819 4819 2039 4879 tangant
2076 4827 2356 4879 [mre-mituli·
2390 4825 2590 4874 meam,
2635 4816 2815 4864 [amen
2845 4809 3197 4870 detractionis
3238 4810 3398 4866 dente

1819 4903 1895 4955 sis:
1923 4903 2184 4967 lacerant,
2216 4915 2268 4955 ct
2304 4903 2352 4951 in
2390 4912 2657 4971 quantum
2691 4901 2890 4968 valent,
2938 4904 3079 4971 apud
3116 4916 3249 4957 suos
3297 4917 3403 4956 au-

1819 4995 2019 5047 diturus
2051 4999 2188 5047 riam
2216 5009 2390 5048 lin-nm
2417 5000 2525 5047 tam
2548 4993 2838 5049 crudeliter
2860 4993 3186 5060 annihilant,
3210 5003 3268 5047 ut
3296 5007 3397 5062 pa·

1816 5100 1940 5140 rum
1990 5085 2076 5139 vel
2115 5083 2251 5139 nihil
2294 5084 2545 5139 differant
2582 5084 2650 5139 ab
2690 5084 2998 5151 homicidiS,
3045 5084 3156 5139 imo
3209 5099 3401 5140 revera·

1818 5177 1930 5233 sint
1964 5175 2250 5232 homicidae
2270 5175 2517 5231 odientes
2546 5191 2652 5243 me,
2677 5175 2937 5247 qnoniam
2972 5194 2991 5227 t
3019 5174 3114 5245 qui
3143 5173 3259 5230 odit
3287 5174 3397 5229 l'ra-

1816 5280 1956 5327 trem
1989 5284 2173 5336 suum,
2202 5268 2473 5325 homicida
2514 5277 2597 5323 est
2636 5266 2692 5341 (Ι
2718 5265 2882 5323 loon.
2928 5283 3012 5334 m,
3054 5266 3167 5339 15).
3195 5284 3217 5320 t
3287 5265 3398 5323 linc

1817 5361 1990 5431 aperti
2020 5359 2248 5426 faciunt,
2276 5360 2406 5430 quia
2433 5369 2540 5415 tam
2567 5360 2726 5431 longe
2758 5358 2883 5414 sacti
2930 5368 3059 5413 sunt
3096 5374 3125 5411 a
3167 5361 3392 5423 sanctiS,

1818 5464 1879 5518 ut
1898 5452 2017 5509 sine
2036 5451 2359 5507 verecundia
2379 5450 2665 5506 manifeste
2688 5450 2981 5508 insaniant.
3007 5447 3240 5517 Quidam
3265 5462 3395 5503 veto

1817 5562 1884 5602 ex
1915 5546 2105 5602 eodem
2134 5545 2355 5617 populo,
2385 5543 2481 5615 qui
2520 5559 2550 5598 a
2598 5542 2805 5598 sanctis
2857 5542 3015 5614 longe
3063 5540 3241 5597 sactus
3287 5549 3392 5607 est,

1819 5655 1945 5695 cum
1983 5640 2111 5696 dolo
2137 5639 2451 5696 societatem
2477 5645 2719 5692 nostram
2750 5634 3002 5706 ingressi.

1895 5731 2058 5790 Vens.
2092 5733 2143 5790 7.
2186 5730 2560 5788 Inltahitabttnt
2590 5743 2640 5787 et
2680 5728 3036 5787 abscondent.-
3067 5729 3169 5803 ipst‘
3217 5727 3397 5785 colem.
