3817 6000
184 293 237 352 att
423 260 433 269 ’
668 287 820 346 csnuour
836 283 1031 344 roarosut
1051 278 1324 340 nsmrrsnsrcnc.
1435 233 1439 239 ’
1749 260 1808 316 ata

184 425 267 471 tuum
280 423 384 480 οιιιιιιιιι
396 405 571 474 ιοιιωιιο
583 419 666 477 equo,
682 406 710 461 id
731 414 774 461 est
786 403 915 461 Ecclesiae
928 419 973 461 ca·
983 406 1010 464 -A
1025 401 1108 461 hahet
1122 397 1241 455 Verbum
1269 392 1341 464 apud
1362 390 1482 452 Patrem,
1507 400 1562 440 non
1584 377 1737 444 dimidam,
1755 375 1807 431 sed

184 498 295 565 thunre
305 497 474 570 oppositum,
485 496 661 569 praesumpsit
674 496 746 552 inter
758 495 866 555 Patrem
877 504 905 552 et
925 495 971 554 Fi·
1022 501 1108 549 totam
1122 505 1183 546 esse
1201 486 1305 543 homini
1319 489 1460 550 assumpto
1474 476 1611 539 collatam,
1622 479 1694 528 esset
1705 468 1810 526 astutia

183 591 255 655 bum
267 599 368 649 statem
391 588 487 647 dolosa
501 587 675 670 introducere
697 591 775 660 quasi
795 588 903 660 pondus
928 587 972 647 di,-
1023 584 1110 654 iniqui
1137 577 1319 643 trutinatoris,
1335 583 1361 633 et
1376 592 1388 625 r
1402 570 1492 627 nmrris
1513 568 1606 636 lingua
1632 560 1808 623 conliteatur,

184 700 307 743 versum.
322 682 425 740 Contra
440 683 514 740 hunc
531 682 614 738 talem
635 682 827 743 trutinatorem
847 687 877 737 et
900 680 971 739 alios
1020 678 1085 750 quia
1096 674 1228 731 Dominus
1239 678 1332 726 noster
1349 662 1580 721 lesusChristnsv
1597 671 1652 711 nou
1665 652 1811 721 dimidius,

185 775 337 848 complices.
360 775 421 847 eius
449 774 604 844 haereticos,
630 774 706 830 verbi
732 773 821 846 gratia
842 773 970 835 blacerio·
1020 770 1069 827 sed
1083 777 1155 824 totus
1176 785 1186 819 ι
1202 764 1230 825 in
1244 761 1330 833 gloria
1344 765 1387 814 est
1396 754 1443 810 bei
1465 752 1566 808 Patris.
1580 768 1591 802 a
1603 747 1672 804 Sic«
1689 746 1723 801 de
1740 741 1811 798 Sion

185 870 263 929 nium
277 881 335 923 nou
346 866 416 924 bene
426 866 603 928 trutinantem
616 864 736 930 Patrem,
754 874 782 921 et
804 863 915 934 Filium,
939 871 968 920 et
1019 861 1103 921 exivit
1116 861 1209 927 ies,et
1226 856 1338 911 verbum
1362 846 1469 907 Domini
1492 844 1526 900 de
1541 839 1691 898 Jerusalem
1715 833 1811 905 aileu.

186 960 319 1035 Spiritum
331 969 472 1028 sanctum,
489 959 555 1032 quia
574 958 688 1021 Patrem
701 958 811 1017 dicebat
823 957 893 1014 Filio
912 973 972 1015 ma·
1021 973 1053 1024 u,
1066 956 1105 1027 5),
1121 952 1231 1025 quando
1248 946 1434 1020 speculatores
1449 936 1582 1003 veritatis,
1610 941 1638 989 ct
1669 936 1813 986 amatores

183 1056 284 1130 iorem,
301 1054 435 1128 Spiritum
448 1064 573 1113 sanctum
589 1052 659 1111 Filio
671 1053 817 1123 minorem,
832 1069 901 1126 pene
923 1069 972 1112 us·
1021 1047 1163 1107 catholicae
1181 1043 1266 1115 pacis,
1286 1035 1459 1101 Ambrosius,
1472 1024 1667 1095 llilarius,Leo
1678 1021 1813 1093 dagnus,

184 1165 239 1222 que
250 1149 284 1205 ad
297 1158 420 1220 tempora
430 1145 555 1230 (iregotii
568 1160 654 1217 papa,
670 1144 761 1217 magni
772 1144 902 1211 doctoris,
917 1143 971 1199 Ec·
1021 1152 1139 1217 quorum
1154 1131 1308 1192 testimonia
1335 1128 1362 1183 in
1378 1120 1540 1201 praecedcoti
1558 1118 1665 1190 psalmo
1690 1110 1813 1169 intexui·

185 1242 269 1303 casn
282 1240 425 1298 dimicavit
444 1256 493 1312 per
518 1247 629 1296 sanctos
655 1240 885 1310 contemplaturos
899 1237 972 1292 reri·
1022 1245 1096 1297 mus,
1116 1243 1180 1288 cum
1202 1222 1317 1295 reliquis
1336 1214 1497 1277 mrhodmis
1516 1209 1646 1267 Patribus
1666 1203 1812 1263 haereliws

184 1333 260 1390 tatis.
277 1330 356 1389 Unde
368 1330 487 1388 dicitur:
502 1328 593 1390 itnrn
607 1328 655 1383 tihi
666 1327 798 1383 cnsilium
822 1328 854 1382 de
866 1333 970 1392 sancte,
1022 1331 1103 1393 atque
1117 1316 1310 1377 schismaticos
1333 1306 1501 1368 confutando
1518 1318 1572 1359 una
1587 1298 1677 1356 Patris
1696 1305 1724 1352 ct
1745 1293 1812 1350 Filii

184 1434 210 1487 et
229 1422 337 1483 dasian
349 1432 454 1479 tueatur
467 1422 586 1491 te,uuod
612 1428 655 1478 est
675 1420 767 1477 dicere
796 1439 803 1476 :
829 1416 888 1474 Viri
914 1432 971 1474 non
1021 1423 1049 1471 et
1061 1412 1180 1483 Spiritus
1191 1408 1278 1465 sancti
1292 1402 1406 1478 gloriam
1427 1397 1652 1475 praedicaverunt,
1677 1399 1705 1446 et
1724 1402 1813 1444 unam

185 1516 286 1584 saucii,
303 1529 392 1587 neque
402 1512 608 1584 contemplativi
633 1510 777 1590 mendacia
802 1525 852 1566 sua
873 1508 972 1566 callide
1022 1507 1049 1561 in
1061 1502 1172 1559 Christo
1188 1496 1299 1556 deitatis
1313 1505 1341 1552 et
1358 1486 1538 1552 humanitatis
1550 1484 1666 1558 gloriam
1678 1480 1743 1550 ¹sive
1753 1478 1813 1534 clav

185 1607 358 1674 seminando,
371 1613 400 1663 et
413 1612 469 1667 tres
480 1619 611 1675 personas
622 1601 665 1658 vel
679 1601 849 1659 divinitatem
869 1609 898 1655 et
919 1598 973 1653 hu·
1021 1596 1129 1652 ritatem
1148 1590 1312 1647 docuerunt.
1694 1596 1698 1609 ’

185 1699 348 1757 manitatem
360 1695 467 1757 Christi,
495 1693 567 1755 male
598 1692 756 1755 trutinando
782 1689 973 1762 repugnabunt
1058 1685 1231 1741 Subsecutus
1241 1687 1284 1736 est
1297 1678 1381 1750 igitur
1391 1687 1480 1745 equus
1500 1668 1608 1736 tertius,
1627 1660 1813 1736 aequuspal-

184 1788 304 1855 veritati,
316 1801 387 1859 quos
397 1799 449 1855 ego
465 1783 550 1843 Dauid
566 1783 699 1855 propheta
712 1783 794 1853 longe
805 1779 970 1856 praevidens,
986 1750 1008 1805 Β
1022 1778 1093 1835 lidus
1105 1776 1197 1847 (ripae.
1210 1789 1249 1840 vr,
1260 1770 1289 1841 8)
1303 1789 1312 1823 v
1327 1767 1458 1823 falsorum
1483 1760 1708 1823 christianorum,
1720 1766 1813 1824 neque

184 1881 229 1939 vel
243 1895 293 1951 ego
303 1878 418 1951 quilibet
428 1876 597 1939 christianus
607 1876 663 1947 jam
676 1875 789 1942 instare,
801 1880 850 1930 aut
863 1872 972 1929 venisse
1021 1868 1154 1941 sanguine
1170 1861 1344 1939 gaudentium
1359 1860 1527 1928 sicutequus
1548 1850 1647 1919 cuius,
1665 1861 1755 1918 neque
1781 1846 1815 1904 itt

182 1965 971 2041 videns,otationisclypeumcontraillospeteodo,ettihi,
1022 1970 1123 2019 statera
1151 1958 1247 2014 dolosa
1265 1952 1407 2010 veritatem
1432 1946 1496 2003 ildei
1521 1941 1712 2002 ventilantium
1736 1938 1811 1995 sieut

184 2064 305 2131 Christe,
316 2061 564 2119 nraotiorationem
577 2076 663 2116 meam
677 2056 973 2130 jungodicenstdlittut
1024 2065 1118 2107 sessor
1132 2048 1195 2119 eqni
1208 2045 1290 2117 nigri,
1306 2042 1352 2099 sed
1364 2040 1506 2097 veritatem
1525 2034 1588 2091 iidei
1610 2047 1659 2089 ore
1676 2030 1812 2087 conlau-

186 2157 235 2218 tibi
244 2152 375 2215 auxilium
384 2155 522 2220 deaureata,
535 2163 559 2208 ct
571 2150 673 2209 desino
685 2159 830 2206 tueaturte.
843 2147 973 2206 beusPa-
1025 2144 1105 2210 tium,
1118 2140 1199 2197 iactis
1212 2146 1303 2195 autem
1319 2133 1490 2208 negantium.
1504 2129 1582 2187 Unde
1607 2128 1710 2183 habent
1720 2125 1814 2197 pallo*

185 2259 227 2307 ter
241 2248 332 2304 minat
344 2246 476 2309 auxilium
491 2246 550 2311 tihi,
569 2245 692 2313 Christe,
704 2241 865 2305 tibiveritati
877 2249 973 2297 contra
1021 2250 1080 2292 rem
1095 2232 1174 2306 quast
1189 2230 1309 2286 medium
1320 2235 1348 2283 et
1367 2226 1482 2282 mistum
1498 2221 1616 2279 colorem
1632 2219 1703 2274 inter
1716 2216 1810 2272 aihum

184 2339 360 2401 mendacium
371 2339 412 2395 de>
423 2345 519 2399 sancto
531 2336 717 2407 apostolorum
735 2343 818 2402 coetu,
831 2342 861 2389 ut
877 2344 973 2391 contra
1023 2340 1126 2405 equum
1140 2321 1275 2386 veritatis,
1291 2327 1319 2375 et
1330 2319 1441 2390 nigrum
1457 2312 1594 2370 salsitatis.
1612 2309 1641 2364 st
1663 2307 1737 2365 eolrn
1760 2321 1811 2377 pe·

185 2430 721 2503 stateramludaeorumquipecuuiasua
729 2434 852 2485 emerunt
860 2426 973 2483 menda·
1022 2421 1097 2476 nitus
1111 2417 1166 2479 albi
1180 2422 1283 2482 essent,
1301 2413 1416 2471 omniuo
1431 2406 1560 2465 catholici
1583 2410 1693 2467 esseut,·
1715 2400 1739 2455 si
1761 2413 1811 2470 pe·

185 2527 272 2595 tium,
289 2525 499 2596 virtutemagoa
519 2521 763 2595 reddant-apostoli
785 2519 972 2578 testimonium
1022 2512 1097 2569 uitus
1118 2509 1200 2581 nigri,
1228 2507 1394 2565 haberentur
1411 2499 1550 2562 manifesti
1574 2494 1703 2553 haeretici.
1729 2491 1811 2547 Nunc

185 2615 395 2681 resumectionis
415 2613 480 2671 lesu
492 2613 594 2673 Christi
607 2613 714 2671 homini
725 2613 824 2680 nostri,
840 2620 867 2669 et
878 2621 971 2669 contra
1023 2612 1114 2667 autem
1126 2598 1220 2674 pallidi
1231 2597 1312 2670 quasi
1325 2596 1408 2652 misto
1421 2601 1449 2651 et
1468 2590 1559 2647 medio
1571 2588 1663 2647 colore
1684 2594 1750 2642 sunt
1766 2582 1812 2640 iu·

186 2708 379 2773 stateramsirc
390 2704 974 2776 hrii,siveliacedorrii,sivoalterinshaere.
1024 2695 1089 2762 cati,
1103 2692 1169 2766 quia
1185 2709 1195 2744 ι
1210 2688 1315 2745 inimici
1329 2685 1450 2744 hominis
1461 2680 1604 2740 domestici
1624 2677 1684 2749 ejus
1697 2674 1811 2747 (llatti.

186 2800 304 2866 tiarehae
318 2814 373 2856 oon
387 2806 461 2856 reete
474 2797 617 2861 sentientis
636 2807 663 2854 et
685 2798 806 2856 docorum
829 2798 862 2855 de
882 2795 973 2855 Patris
1022 2785 1109 2857 abb)
1126 2804 1149 2852 a,
1167 2799 1200 2839 ex
1217 2796 1251 2839 eo
1274 2778 1349 2852 quod
1366 2776 1471 2835 inimici
1494 2782 1570 2839 sunt,
1588 2771 1689 2827 hahent
1705 2768 1811 2839 aliumd

186 2903 215 2956 et
231 2893 292 2951 Filii
304 2902 332 2951 et
346 2890 465 2964 Spiritus
478 2892 565 2950 saucii
577 2893 694 2953 naturali
710 2892 972 2963 crraequalitate,sive
1022 2876 1159 2954 nigredini
1180 2873 1323 2939 vicinum3
1352 2884 1385 2925 er
1414 2881 1448 2924 eo
1465 2879 1542 2932 vero,
1565 2862 1640 2934 quod
1666 2858 1810 2919 domestici

186 2986 220 3048 de
233 2983 359 3062 hominis
368 2983 503 3057 assumpti
533 2986 560 3042 in
574 2984 659 3050 heum
674 3001 737 3046 vcra
750 2984 900 3053 divinitate,
914 2985 973 3043 sica
1022 2984 1097 3043 suot,
1113 2968 1215 3032 habent
1230 2963 1333 3036 aliquid
1348 2959 1467 3019 albedini
1489 2955 1683 3016 assimilatum.
1698 2951 1810 3010 Talium

186 3077 221 3133 dc
235 3075 318 3133 ter-hi
335 3076 471 3132 incarnati
483 3091 547 3132 vera
561 3076 742 3132 humanitate.
755 3075 795 3132 ile
808 3076 874 3133 Sion
896 3085 971 3138 tueo-
984 3085 1007 3149 c
1021 3076 1110 3126 coetus
1134 3068 1177 3120 cst
1208 3074 1218 3105 ι
1236 3070 1325 3125 0d¹¹¹¹⁸
1348 3051 1478 3124 liuidus»
1502 3057 1531 3104 0²
1553 3046 1601 3120 qut
1626 3044 1703 3101 ⁸000*
1725 3056 1809 3112 supet

188 3176 233 3230 aar
246 3166 334 3228 tarde
353 3165 481 3223 Patribus
493 3165 654 3230 orthodoxis
674 3166 702 3222 in
723 3168 907 3238 speculatione
922 3183 971 3224 ve.
1022 3161 1110 3225 illum,
1127 3169 1226 3212 nornen
1240 3148 1285 3212 ibi
1295 3146 1380 3214 itors,
1402 3150 1430 3199 ιι
1456 3143 1552 3198 datum
1575 3136 1685 3218 est-iiii
1709 3134 1812 3191 inumb

187 3259 277 3322 uitatis
307 3258 415 3331 maguis
438 3259 539 3317 etaltis
560 3267 691 3331 tanquam
725 3260 759 3317 de
785 3271 877 3317 monte
904 3259 972 3317 Sion
1022 3269 1084 3313 cere
1102 3249 1202 3324 gladio,
1224 3245 1314 3312 laute,
1327 3246 1426 3305 diocle,
1445 3234 1542 3292 bestiis
1570 3241 1652 3289 terrei
1683 3229 1808 3302 (Arctoi.

188 3359 295 3413 tucatur
311 3359 346 3420 te,
360 3350 386 3407 id
400 3363 443 3409 est
465 3352 589 3409 membra
611 3361 656 3409 tua
666 3353 801 3424 simplicia
812 3351 973 3410 beusPater
1022 3363 1048 3405 vt
1060 3388 1068 3414 ,
1082 3346 1120 3411 8).
1143 3363 1152 3397 v
1178 3341 1231 3398 Per
1251 3338 1320 3395 tales
1337 3333 1439 3414 quippe
1461 3326 1610 3395 dihhilssts
1639 3322 1685 3384 ⁰2¹⁸!
1707 3336 1809 3381 ⁰0ffl⁰¹l

187 3454 263 3512 tuus,
283 3444 363 3506 Pater
380 3446 502 3506 veritatis
513 3455 609 3505 contra
628 3455 732 3517 patrem
758 3448 892 3503 mendacii
914 3448 974 3503 dia·
1022 3449 1065 3498 est
1078 3437 1162 3504 lions,
1190 3432 1278 3491 exerit
1301 3427 1420 3509 gladium
1441 3425 1524 3481 etiam
1548 3419 1717 3477 materialem
1740 3432 1810 3473 onn-

189 3535 295 3605 boltim,
321 3538 368 3608 qui
382 3539 410 3594 ln
425 3547 526 3596 statem
540 3538 635 3596 dolosa
651 3555 700 3610 per
721 3539 874 3597 doctrinam
886 3540 974 3597 haere.
1022 3543 1065 3592 tra
1077 3533 1137 3605 pios
1153 3529 1238 3599 ,licet
1260 3541 1315 3581 noo
1332 3524 1367 3580 sit
1381 3522 1407 3578 ei
1418 3521 1500 3582 datus
1512 3517 1619 3590 gladius
1635 3517 1672 3570 ita
1692 3528 1811 3585 magnus

187 3632 306 3694 beorum
319 3631 426 3703 pondus
439 3641 467 3690 et
481 3633 600 3705 pondus,
616 3634 706 3705 majus
720 3643 748 3690 et
760 3633 852 3690 miuus
869 3639 972 3690 osten·
1023 3626 1063 3683 uti
1082 3625 1110 3679 in
1133 3618 1289 3678 manifestis
1315 3614 1447 3673 Ecclesia
1465 3607 1687 3684 persecutoribus
1708 3603 1810 3660 Neroni

188 3735 241 3794 tat,
258 3724 323 3787 dum
339 3734 387 3782 aut
401 3725 500 3789 Filium
519 3723 602 3786 Patre
612 3727 757 3794 minorem,
769 3735 817 3782 aut
842 3725 973 3798 Spiritum
1023 3718 1067 3775 rel
1086 3715 1169 3773 Decio
1198 3711 1241 3768 vel
1263 3707 1341 3765 alteri
1370 3706 1429 3774 tali,
1455 3703 1503 3775 qui
1528 3700 1672 3774 signiticati
1699 3704 1765 3754 suut
1782 3695 1810 3749 in

102 3872 104 3875 .
189 3826 316 3879 sanctum
330 3815 538 3880 PatrcacFilio
557 3817 737 3890 posteriorem
754 3819 813 3874 sire
838 3818 974 3882 minorem
1024 3810 1115 3883 specie
1137 3806 1189 3863 rull
1234 3804 1309 3875 equi,
1333 3809 1425 3857 tamen
1458 3796 1549 3869 gladic
1578 3792 1713 3849 materiali
1747 3789 1811 3844 ierit

188 3906 426 3978 blasphemaret
450 3906 516 3964 dum
545 3907 660 3981 gloriam
685 3906 807 3973 hominis
829 3906 973 3978 assumpti,
1024 3901 1162 3960 interdum
1177 3897 1264 3955 iaisus
1276 3894 1446 3953 christianus
1459 3904 1565 3946 rerum.
1585 3884 1635 3942 Vel
1649 3880 1809 3956 gladioillo,

188 3999 345 4071 etgloriam
356 3998 440 4062 Verbi
464 3999 631 4064 assumentis
661 3999 733 4055 male
760 3997 920 4060 trutinando
944 3998 973 4052 in
1024 3997 1130 4067 dequo
1161 3992 1285 4049 dicitur:
1309 4006 1319 4042 ι
1346 3986 1408 4043 Filii
1431 3983 1573 4039 hominum
1600 3980 1695 4035 denus
1713 3989 1811 4032 eorum

188 4090 299 4152 Claristo
317 4092 447 4163 predicat
462 4092 570 4148 diversa
596 4099 706 4167 propter
731 4090 838 4148 diversa
865 4088 975 4144 deitatis
1025 4082 1282 4154 arma,etsagittae,
1300 4087 1328 4135 et
1349 4077 1441 4148 lingua
1464 4087 1559 4129 eorum
1582 4068 1688 4142 gladius
1713 4076 1812 4122 acutus

189 4191 217 4238 et
228 4182 408 4241 humanitatis
419 4191 559 4252 naturam,
571 4175 613 4239 vel
627 4190 739 4254 propter
757 4197 840 4249 unam
866 4179 975 4236 deitatis
1026 4178 1115 4253 (Pani.
1130 4192 1187 4243 cvr,
1198 4174 1237 4245 5).
1251 4191 1261 4225 a
1277 4166 1519 4241 Corripiunteuim
1530 4164 1728 4227 bonosmores,
1742 4173 1811 4215 con·

189 4283 217 4332 et
240 4275 425 4338 humanitatis.
448 4274 564 4348 gloriam
590 4274 659 4336 duas
683 4274 712 4329 in
737 4272 847 4334 Christo
862 4279 975 4332 naturas
1025 4263 1353 4336 fabulationespessimae.

189 4363 332 4421 conlundit
343 4365 370 4420 in
384 4381 467 4421 unam
480 4383 488 4433 ;
500 4379 563 4421 eum
574 4363 614 4420 sic
631 4364 735 4419 romnis
748 4362 976 4434 linguaeoniitea-
1061 4359 1232 4419 interficiunt
1244 4356 1327 4411 etiam
1344 4349 1427 4416 lame,
1440 4362 1496 4405 non
1507 4357 1564 4402 tam
1575 4343 1665 4416 panis,
1679 4348 1728 4397 aut
1744 4338 1815 4394 alte«

190 4463 254 4521 tur;
269 4456 336 4526 ιιιὶι
346 4455 477 4512 Dominus
489 4465 583 4512 noster
593 4453 673 4516 lesus
699 4453 826 4514 Christus
847 4455 875 4510 iu
895 4473 905 4507 ι
920 4470 975 4518 ιιι
989 4442 1013 4499 D
1027 4457 1086 4522 rius
1100 4452 1154 4514 cibi
1166 4446 1330 4520 corporalis,
1342 4456 1425 4514 quam
1455 4439 1528 4494 lame
1545 4431 1674 4492 audiendi
1696 4430 1812 4486 verbum

190 4545 331 4619 Simplici(
347 4555 391 4610 esi
404 4546 495 4619 gloria
505 4545 551 4602 Dei
562 4545 652 4603 Patris
663 4546 794 4621 (Pitilt'iitb
809 4562 840 4614 ιι,
855 4546 912 4618 Η),
925 4567 934 4600 ι
945 4555 976 4608 ut
1025 4548 1084 4615 bei,
1098 4545 1228 4617 quoniam
1243 4560 1254 4598 ι
1268 4555 1283 4595 ι
1297 4539 1410 4594 veritate
1422 4532 1532 4606 quidem
1547 4528 1671 4586 auditum
1685 4532 1814 4578 averteu«

192 4649 283 4695 tameo
298 4649 379 4700 ιιιιι
405 4639 472 4698 fides
496 4639 647 4712 distinguat
668 4649 795 4697 naturam
826 4640 976 4697 divinitatis
1027 4649 1079 4708 tes,
1106 4644 1134 4693 ct
1153 4635 1187 4698 ad
1203 4631 1311 4696 iabulas
1327 4633 1515 4685 convertentes
1532 4618 1734 4678 coacervabunt
1760 4612 1812 4669 sihi

190 4746 208 4787 a
226 4738 325 4792 natura
338 4731 516 4789 humanitatis
536 4732 565 4787 in
579 4748 634 4788 una
657 4732 760 4790 Christi
776 4746 903 4818 persona,
929 4732 976 4788 cui
1026 4733 1172 4805 magistros
1186 4725 1340 4809 prurientes
1358 4719 1471 4786 auribus
1485 4714 1530 4789 <il
1543 4713 1612 4769 Tim.
1626 4727 1665 4777 rr,
1690 4710 1721 4776 3,
1745 4706 1810 4776 i),v

190 4832 255 4896 post
282 4824 536 4883 resurrectionum
560 4825 730 4882 ascensionis
752 4824 977 4897 gloriileationem
1027 4823 1128 4904 quihus
1143 4817 1284 4891 magistris
1298 4812 1443 4875 cathedras
1455 4808 1601 4872 doctorum
1626 4811 1654 4859 et
1670 4809 1813 4872 pasturum

191 4915 343 4974 clarificato
358 4915 387 4971 in
404 4930 438 4974 ea
455 4916 579 4973 claritate
592 4933 676 4992 quam
687 4916 793 4984 hahuit,
812 4917 975 4988 priusquam
1027 4916 1056 4973 lu
1068 4913 1190 4971 Ecclesia
1201 4909 1250 4968 liei
1265 4904 1421 4970 tenentbms
1434 4914 1524 4972 neque
1535 4897 1665 4980 populum
1689 4893 1800 4949 docenti

191 5005 313 5064 mundus
331 5008 420 5076 lieret,
442 5023 517 5067 nuuc
532 5016 576 5067 est
593 5024 649 5068 uua
668 5018 696 5068 et
713 5008 853 5065 individua
878 5009 976 5081 gloria,
1026 5011 1079 5067 hus
1102 5012 1150 5063 aut
1169 5000 1345 5076 pascentibus
1371 4996 1424 5052 erit
1443 4994 1530 5051 lantes
1563 5004 1684 5061 magna,
1722 4984 1813 5058 qualis

193 5097 446 5162 unaetindividua
462 5099 670 5170 sterilitatium
694 5100 804 5167 hahuit,
814 5099 977 5171 priusquam
1026 5101 1079 5166 init
1095 5097 1234 5171 quondam
1245 5088 1415 5163 temporibus
1435 5086 1511 5153 Eliae,
1526 5082 1592 5164 quia
1609 5087 1721 5152 propter
1746 5075 1813 5131 tales

191 5192 313 5249 mundus
325 5191 412 5251 ‘1⁸¹0‘-
427 5189 482 5250 sed
496 5198 572 5261 9³¹⁰?
585 5191 734 5258 mendacii..
743 5192 792 5263 dui
808 5191 884 5252 sedet
895 5206 979 5261 supet·
1027 5193 1176 5267 magistros
1187 5188 1283 5245 clauso
1294 5184 1365 5246 coelo
1377 5194 1433 5237 nou
1445 5178 1498 5235 erit
1514 5191 1561 5232 ros
1574 5183 1622 5231 aut
1645 5170 1737 5242 pluvia
1759 5166 1812 5222 mi·

192 5303 296 5360 “illum
312 5287 620 5360 ”ibrumvssllmfflleli
636 5303 689 5348 ιιι
704 5287 864 5359 ιῑοιὶΰιιιθι
877 5287 977 5350 huma·
1027 5284 1161 5344 norisvel
1174 5279 1288 5351 majoris
1311 5273 1452 5338 docuina,
1484 5284 1517 5336 ac
1540 5266 1682 5329 deficiente
1711 5260 1813 5332 ubique

194 5379 288 5436 ιιὶιιιίι
301 5387 329 5435 et
344 5376 523 5449 giorticaotis
537 5378 688 5442 divinitatis
708 5379 737 5434 in
760 5378 870 5442 Christo
890 5380 979 5441 variat
1026 5393 1098 5456 pane
1113 5373 1218 5447 cogitur
1249 5369 1324 5426 Elias
1347 5368 1377 5423 in
1405 5366 1544 5422 desertum
1567 5358 1672 5431 lugere,
1696 5353 1746 5409 uhi
1765 5367 1814 5423 pa«

193 5469 327 5539 widila.
341 5469 517 5540 auocauere
532 5468 618 5541 gloria
631 5468 796 5529 humanitati
806 5470 844 5528 sit
858 5469 972 5537 collata,
1027 5477 1107 5528 scant
1123 5482 1186 5522 eum
1199 5463 1286 5531 corvi,
1306 5470 1389 5533 atque
1412 5459 1441 5514 iu
1459 5455 1622 5526 sarephtam
1636 5449 1757 5507 Sidoniae
1779 5446 1813 5501 ad

195 5573 278 5629 quam
289 5575 321 5615 ea
335 5575 398 5631 quae
412 5558 466 5614 luit
478 5557 568 5616 Verbo
582 5560 654 5631 apud
678 5560 799 5628 Patrem,
817 5561 980 5631 priusquam
1027 5561 1170 5624 mulierem
1190 5557 1301 5613 viduam
1316 5552 1377 5626 (ill
1398 5551 1462 5624 fleg.
1479 5564 1545 5616 auu,
1571 5547 1601 5614 3,
1628 5545 1666 5616 9).
1688 5540 1728 5598 lla
1745 5540 1814 5600 nihi

96 5645 102 5670 ⁸
197 5649 317 5708 muudus
330 5649 416 5707 lieret.
433 5648 503 5708 Cum
525 5666 591 5709 vero
609 5666 644 5708 er
669 5651 831 5723 evangelica
857 5654 980 5709 veritatis
1028 5654 1148 5726 aliquem
1163 5650 1287 5706 Eliamirr
1299 5648 1345 5705 tali
1360 5655 1499 5717 tempore,
1516 5650 1590 5699 certe
1616 5637 1723 5695 ridebis
1746 5651 1812 5698 eum

199 5733 355 5811 matimonio
367 5750 484 5806 constet,
499 5742 624 5818 gloriam,
641 5741 698 5800 sire
719 5742 880 5813 claritatem,
896 5759 979 5814 qrram
1029 5742 1224 5820 iugarr,atque
1239 5739 1341 5797 adhoc
1368 5736 1516 5810 angariari,
1544 5743 1574 5790 ut
1594 5750 1610 5792 a
1640 5731 1731 5794 mnis
1770 5747 1818 5810 pas
