<?xml version="1.0" encoding="UTF-8"?>
<!DOCTYPE html PUBLIC "-//W3C//DTD XHTML 1.0 Transitional//EN"
    "http://www.w3.org/TR/xhtml1/DTD/xhtml1-transitional.dtd">
<html xmlns="http://www.w3.org/1999/xhtml" xml:lang="en" lang="en">
 <head>
  <title>
</title>
<meta http-equiv="Content-Type" content="text/html;charset=utf-8" />
  <meta name='ocr-system' content='tesseract 3.04.00' />
  <meta name='ocr-capabilities' content='ocr_page ocr_carea ocr_par ocr_line ocrx_word'/>
</head>
<body>
  <div class='ocr_page' id='page_1' title='image "./patrologiaecurs169unkngoog_0347.png"; bbox 0 0 3817 6000; ppageno 0'>
   <div class='ocr_carea' id='block_1_1' title="bbox 192 228 302 285">
    <p class='ocr_par' dir='ltr' id='par_1_1' title="bbox 192 228 302 285">
     <span class='ocr_line' id='line_1_1' title="bbox 192 228 302 285; baseline 0 0"><span class='ocrx_word' id='word_1_1' title='bbox 192 228 302 285; x_wconf 74' lang='lat'><strong>⁶85</strong></span> 
     </span>
    </p>
   </div>
   <div class='ocr_carea' id='block_1_2' title="bbox 902 223 2790 284">
    <p class='ocr_par' dir='ltr' id='par_1_2' title="bbox 902 223 2790 284">
     <span class='ocr_line' id='line_1_2' title="bbox 902 223 2790 284; baseline 0.002 -4"><span class='ocrx_word' id='word_1_2' title='bbox 902 223 1458 283; x_wconf 73' lang='lat' dir='ltr'><strong>comtENTAmtJM</strong></span> <span class='ocrx_word' id='word_1_3' title='bbox 1497 226 1562 281; x_wconf 81' lang='lat' dir='ltr'><strong>IN</strong></span> <span class='ocrx_word' id='word_1_4' title='bbox 1599 225 1940 284; x_wconf 78' lang='lat' dir='ltr'><strong>PSALMOS.</strong></span> <span class='ocrx_word' id='word_1_5' title='bbox 1979 255 2051 266; x_wconf 92' lang='lat'><em>—</em></span> <span class='ocrx_word' id='word_1_6' title='bbox 2086 224 2267 281; x_wconf 76' lang='lat' dir='ltr'>PARS</span> <span class='ocrx_word' id='word_1_7' title='bbox 2295 225 2337 281; x_wconf 93' lang='lat' dir='ltr'><strong>l.</strong></span> <span class='ocrx_word' id='word_1_8' title='bbox 2366 256 2439 268; x_wconf 89' lang='lat'>—</span> <span class='ocrx_word' id='word_1_9' title='bbox 2465 227 2661 284; x_wconf 81' lang='lat' dir='ltr'><strong>PSAL.</strong></span> <span class='ocrx_word' id='word_1_10' title='bbox 2701 227 2790 284; x_wconf 85' lang='lat' dir='ltr'><strong>lv.</strong></span> 
     </span>
    </p>
   </div>
   <div class='ocr_carea' id='block_1_3' title="bbox 3356 234 3460 291">
    <p class='ocr_par' dir='ltr' id='par_1_3' title="bbox 3356 234 3460 291">
     <span class='ocr_line' id='line_1_3' title="bbox 3356 234 3460 291; baseline 0.01 -1"><span class='ocrx_word' id='word_1_11' title='bbox 3356 234 3460 291; x_wconf 75' lang='lat'><strong>686</strong></span> 
     </span>
    </p>
   </div>
   <div class='ocr_carea' id='block_1_4' title="bbox 186 327 3459 506">
    <p class='ocr_par' dir='ltr' id='par_1_4' title="bbox 186 327 3459 506">
     <span class='ocr_line' id='line_1_4' title="bbox 190 327 3458 416; baseline 0.003 -16"><span class='ocrx_word' id='word_1_12' title='bbox 190 340 553 400; x_wconf 86' lang='lat' dir='ltr'><strong>contristatus</strong></span> <span class='ocrx_word' id='word_1_13' title='bbox 582 349 667 396; x_wconf 89' lang='lat' dir='ltr'><strong>est</strong></span> <span class='ocrx_word' id='word_1_14' title='bbox 692 337 934 410; x_wconf 82' lang='lat' dir='ltr'>Spiritus</span> <span class='ocrx_word' id='word_1_15' title='bbox 960 351 1187 398; x_wconf 88' lang='lat' dir='ltr'><strong>sanetus</strong></span> <span class='ocrx_word' id='word_1_16' title='bbox 1210 341 1327 397; x_wconf 88' lang='lat' dir='ltr'><strong>Dei.</strong></span> <span class='ocrx_word' id='word_1_17' title='bbox 1358 340 1576 411; x_wconf 83' lang='lat' dir='ltr'><strong>Quanto</strong></span> <span class='ocrx_word' id='word_1_18' title='bbox 1600 343 1776 416; x_wconf 86' lang='lat' dir='ltr'><strong>magis</strong></span> <span class='ocrx_word' id='word_1_19' title='bbox 1805 355 1854 412; x_wconf 76' lang='grc' dir='ltr'><strong>Α</strong></span> <span class='ocrx_word' id='word_1_20' title='bbox 1879 341 2238 412; x_wconf 86' lang='lat' dir='ltr'><strong>sequentibus</strong></span> <span class='ocrx_word' id='word_1_21' title='bbox 2263 357 2384 411; x_wconf 81' lang='lat' dir='ltr'><strong>vos,</strong></span> <span class='ocrx_word' id='word_1_22' title='bbox 2432 343 2754 413; x_wconf 77' lang='lat' dir='ltr'><strong>benedicite,</strong></span> <span class='ocrx_word' id='word_1_23' title='bbox 2802 353 2858 401; x_wconf 90' lang='lat' dir='ltr'><strong>et</strong></span> <span class='ocrx_word' id='word_1_24' title='bbox 2903 346 3069 402; x_wconf 90' lang='lat' dir='ltr'><strong>nolite</strong></span> <span class='ocrx_word' id='word_1_25' title='bbox 3112 327 3458 411; x_wconf 67' lang='lat' dir='ltr'><strong>maledicere.</strong></span> 
     </span>
     <span class='ocr_line' id='line_1_5' title="bbox 186 431 3459 506; baseline 0.002 -13"><span class='ocrx_word' id='word_1_26' title='bbox 186 435 556 493; x_wconf 85' lang='lat' dir='ltr'><strong>contristatus</strong></span> <span class='ocrx_word' id='word_1_27' title='bbox 584 432 763 489; x_wconf 81' lang='lat' dir='ltr'><strong>suerat</strong></span> <span class='ocrx_word' id='word_1_28' title='bbox 795 432 1035 505; x_wconf 79' lang='lat' dir='ltr'><strong>Spiritus</strong></span> <span class='ocrx_word' id='word_1_29' title='bbox 1084 434 1328 505; x_wconf 86' lang='lat' dir='ltr'><strong>Domini,</strong></span> <span class='ocrx_word' id='word_1_30' title='bbox 1359 446 1414 492; x_wconf 92' lang='lat' dir='ltr'><strong>et</strong></span> <span class='ocrx_word' id='word_1_31' title='bbox 1457 438 1640 494; x_wconf 86' lang='lat' dir='ltr'><strong>dicere</strong></span> <span class='ocrx_word' id='word_1_32' title='bbox 1680 439 1782 494; x_wconf 90' lang='lat' dir='ltr'><strong>ha·</strong></span> <span class='ocrx_word' id='word_1_33' title='bbox 1885 431 2136 490; x_wconf 76' lang='lat' dir='ltr'><strong>Gaudere</strong></span> <span class='ocrx_word' id='word_1_34' title='bbox 2195 448 2321 489; x_wconf 83' lang='lat' dir='ltr'><strong>cum</strong></span> <span class='ocrx_word' id='word_1_35' title='bbox 2372 435 2756 506; x_wconf 71' lang='lat' dir='ltr'><strong>gaudentibus,</strong></span> <span class='ocrx_word' id='word_1_36' title='bbox 2807 435 2937 493; x_wconf 81' lang='lat' dir='ltr'><strong>flere</strong></span> <span class='ocrx_word' id='word_1_37' title='bbox 2982 453 3108 493; x_wconf 88' lang='lat' dir='ltr'><strong>cum</strong></span> <span class='ocrx_word' id='word_1_38' title='bbox 3155 438 3459 499; x_wconf 87' lang='lat' dir='ltr'><strong>flentibus:</strong></span> 
     </span>
    </p>
   </div>
   <div class='ocr_carea' id='block_1_5' title="bbox 183 524 1787 2916">
    <p class='ocr_par' dir='ltr' id='par_1_5' title="bbox 183 524 1786 2248">
     <span class='ocr_line' id='line_1_6' title="bbox 186 524 1780 586; baseline -0.001 -1"><span class='ocrx_word' id='word_1_39' title='bbox 186 528 358 585; x_wconf 86' lang='lat' dir='ltr'><strong>bebat</strong></span> <span class='ocrx_word' id='word_1_40' title='bbox 401 525 620 581; x_wconf 82' lang='lat' dir='ltr'><strong>David:</strong></span> <span class='ocrx_word' id='word_1_41' title='bbox 650 524 876 581; x_wconf 78' lang='lat' dir='ltr'><strong>«Redde</strong></span> <span class='ocrx_word' id='word_1_42' title='bbox 920 526 1055 581; x_wconf 89' lang='lat' dir='ltr'><strong>mihi</strong></span> <span class='ocrx_word' id='word_1_43' title='bbox 1102 527 1353 583; x_wconf 85' lang='lat' dir='ltr'><strong>laetitiam</strong></span> <span class='ocrx_word' id='word_1_44' title='bbox 1398 529 1658 586; x_wconf 87' lang='lat' dir='ltr'><strong>salutaris</strong></span> <span class='ocrx_word' id='word_1_45' title='bbox 1698 530 1780 585; x_wconf 92' lang='lat' dir='ltr'><strong>tui</strong></span> 
     </span>
     <span class='ocr_line' id='line_1_7' title="bbox 187 620 1781 694; baseline 0 -17"><span class='ocrx_word' id='word_1_46' title='bbox 187 621 371 693; x_wconf 81' lang='lat' dir='ltr'><strong>(Psal.</strong></span> <span class='ocrx_word' id='word_1_47' title='bbox 401 622 502 692; x_wconf 82' lang='lat'><strong>1..),</strong></span> <span class='ocrx_word' id='word_1_48' title='bbox 536 640 556 673; x_wconf 71' lang='grc' dir='ltr'><strong><em>ι</em></strong></span> <span class='ocrx_word' id='word_1_49' title='bbox 591 628 879 692; x_wconf 89' lang='lat' dir='ltr'><strong>propterea</strong></span> <span class='ocrx_word' id='word_1_50' title='bbox 920 620 1050 693; x_wconf 81' lang='lat' dir='ltr'><strong>quia</strong></span> <span class='ocrx_word' id='word_1_51' title='bbox 1111 620 1258 677; x_wconf 82' lang='lat' dir='ltr'><strong>venit</strong></span> <span class='ocrx_word' id='word_1_52' title='bbox 1300 623 1640 694; x_wconf 78' lang='lat' dir='ltr'><strong>peregrinus,</strong></span> <span class='ocrx_word' id='word_1_53' title='bbox 1672 622 1781 680; x_wconf 88' lang='lat' dir='ltr'><strong>sei-</strong></span> 
     </span>
     <span class='ocr_line' id='line_1_8' title="bbox 185 713 1781 786; baseline 0.001 -16"><span class='ocrx_word' id='word_1_54' title='bbox 185 714 325 772; x_wconf 82' lang='lat' dir='ltr'><strong>lieet</strong></span> <span class='ocrx_word' id='word_1_55' title='bbox 369 713 624 770; x_wconf 85' lang='lat' dir='ltr'><strong>diabulus</strong></span> <span class='ocrx_word' id='word_1_56' title='bbox 650 729 678 767; x_wconf 88' lang='lat' dir='ltr'><strong>a</strong></span> <span class='ocrx_word' id='word_1_57' title='bbox 714 728 903 783; x_wconf 82' lang='lat' dir='ltr'><strong>regno,</strong></span> <span class='ocrx_word' id='word_1_58' title='bbox 947 722 1003 768; x_wconf 89' lang='lat' dir='ltr'><strong>et</strong></span> <span class='ocrx_word' id='word_1_59' title='bbox 1052 714 1272 770; x_wconf 86' lang='lat' dir='ltr'><strong>civitate</strong></span> <span class='ocrx_word' id='word_1_60' title='bbox 1308 713 1405 770; x_wconf 87' lang='lat' dir='ltr'><strong>Dei</strong></span> <span class='ocrx_word' id='word_1_61' title='bbox 1462 716 1621 786; x_wconf 85' lang='lat' dir='ltr'><strong>longe</strong></span> <span class='ocrx_word' id='word_1_62' title='bbox 1648 716 1781 772; x_wconf 89' lang='lat' dir='ltr'><strong>alie-</strong></span> 
     </span>
     <span class='ocr_line' id='line_1_9' title="bbox 185 804 1782 880; baseline 0.001 -15"><span class='ocrx_word' id='word_1_63' title='bbox 185 825 323 874; x_wconf 86' lang='lat' dir='ltr'><strong>nus,</strong></span> <span class='ocrx_word' id='word_1_64' title='bbox 351 808 423 864; x_wconf 85' lang='lat' dir='ltr'><strong>ad</strong></span> <span class='ocrx_word' id='word_1_65' title='bbox 461 806 685 863; x_wconf 80' lang='lat' dir='ltr'><strong>divitem</strong></span> <span class='ocrx_word' id='word_1_66' title='bbox 723 804 917 877; x_wconf 83' lang='lat' dir='ltr'><strong>David,</strong></span> <span class='ocrx_word' id='word_1_67' title='bbox 939 816 993 863; x_wconf 91' lang='lat' dir='ltr'><strong>et</strong></span> <span class='ocrx_word' id='word_1_68' title='bbox 1017 807 1107 863; x_wconf 91' lang='lat' dir='ltr'><strong>ille</strong></span> <span class='ocrx_word' id='word_1_69' title='bbox 1139 824 1407 880; x_wconf 84' lang='lat' dir='ltr'><strong>«parcens</strong></span> <span class='ocrx_word' id='word_1_70' title='bbox 1452 824 1669 866; x_wconf 89' lang='lat' dir='ltr'><strong>sumere</strong></span> <span class='ocrx_word' id='word_1_71' title='bbox 1713 811 1782 867; x_wconf 91' lang='lat' dir='ltr'><strong>de</strong></span> 
     </span>
     <span class='ocr_line' id='line_1_10' title="bbox 188 899 1781 973; baseline 0.003 -17"><span class='ocrx_word' id='word_1_72' title='bbox 188 900 414 967; x_wconf 79' lang='lat' dir='ltr'><strong>ovibus,</strong></span> <span class='ocrx_word' id='word_1_73' title='bbox 444 908 499 955; x_wconf 89' lang='lat' dir='ltr'><strong>et</strong></span> <span class='ocrx_word' id='word_1_74' title='bbox 525 899 707 957; x_wconf 87' lang='lat' dir='ltr'><strong>bobus</strong></span> <span class='ocrx_word' id='word_1_75' title='bbox 727 899 863 967; x_wconf 87' lang='lat' dir='ltr'><strong>suis,</strong></span> <span class='ocrx_word' id='word_1_76' title='bbox 891 908 953 955; x_wconf 90' lang='lat' dir='ltr'><strong>ut</strong></span> <span class='ocrx_word' id='word_1_77' title='bbox 977 900 1262 957; x_wconf 84' lang='lat' dir='ltr'><strong>exhiberet</strong></span> <span class='ocrx_word' id='word_1_78' title='bbox 1280 902 1592 958; x_wconf 80' lang='lat' dir='ltr'><strong>convivium</strong></span> <span class='ocrx_word' id='word_1_79' title='bbox 1625 918 1781 973; x_wconf 89' lang='lat' dir='ltr'><strong>pere-</strong></span> 
     </span>
     <span class='ocr_line' id='line_1_11' title="bbox 189 990 1783 1069; baseline 0.004 -22"><span class='ocrx_word' id='word_1_80' title='bbox 189 992 356 1064; x_wconf 87' lang='lat' dir='ltr'><strong>grino</strong></span> <span class='ocrx_word' id='word_1_81' title='bbox 378 990 480 1060; x_wconf 88' lang='lat' dir='ltr'><strong>illi,</strong></span> <span class='ocrx_word' id='word_1_82' title='bbox 511 991 635 1048; x_wconf 89' lang='lat' dir='ltr'><strong>tulit</strong></span> <span class='ocrx_word' id='word_1_83' title='bbox 680 1007 841 1050; x_wconf 81' lang='lat' dir='ltr'><strong>ovem</strong></span> <span class='ocrx_word' id='word_1_84' title='bbox 882 991 985 1047; x_wconf 84' lang='lat' dir='ltr'><strong>viri</strong></span> <span class='ocrx_word' id='word_1_85' title='bbox 1030 993 1309 1066; x_wconf 88' lang='lat' dir='ltr'><strong>pauperis,</strong></span> <span class='ocrx_word' id='word_1_86' title='bbox 1362 1004 1417 1052; x_wconf 90' lang='lat' dir='ltr'><strong>et</strong></span> <span class='ocrx_word' id='word_1_87' title='bbox 1458 997 1783 1069; x_wconf 84' lang='lat' dir='ltr'><strong>praeparavit</strong></span> 
     </span>
     <span class='ocr_line' id='line_1_12' title="bbox 186 1082 1775 1161; baseline 0.003 -21"><span class='ocrx_word' id='word_1_88' title='bbox 186 1084 350 1140; x_wconf 85' lang='lat' dir='ltr'><strong>eibos</strong></span> <span class='ocrx_word' id='word_1_89' title='bbox 369 1083 602 1152; x_wconf 87' lang='lat' dir='ltr'><strong>bomini,</strong></span> <span class='ocrx_word' id='word_1_90' title='bbox 643 1082 741 1156; x_wconf 89' lang='lat' dir='ltr'><strong>qui</strong></span> <span class='ocrx_word' id='word_1_91' title='bbox 770 1093 994 1141; x_wconf 86' lang='lat' dir='ltr'><strong>venerat</strong></span> <span class='ocrx_word' id='word_1_92' title='bbox 1015 1084 1085 1141; x_wconf 90' lang='lat' dir='ltr'><strong>ad</strong></span> <span class='ocrx_word' id='word_1_93' title='bbox 1118 1087 1215 1143; x_wconf 82' lang='lat' dir='ltr'><strong>se?</strong></span> <span class='ocrx_word' id='word_1_94' title='bbox 1237 1085 1328 1157; x_wconf 87' lang='lat'><strong>(11</strong></span> <span class='ocrx_word' id='word_1_95' title='bbox 1355 1085 1484 1160; x_wconf 75' lang='lat' dir='ltr'><strong>Req.</strong></span> <span class='ocrx_word' id='word_1_96' title='bbox 1513 1105 1614 1157; x_wconf 74' lang='grc' dir='ltr'><strong>ιιι,</strong></span> <span class='ocrx_word' id='word_1_97' title='bbox 1640 1088 1722 1161; x_wconf 71' lang='lat' dir='ltr'><strong>t.)</strong></span> <span class='ocrx_word' id='word_1_98' title='bbox 1754 1110 1775 1144; x_wconf 71' lang='grc' dir='ltr'><strong><em>ι</em></strong></span> 
     </span>
     <span class='ocr_line' id='line_1_13' title="bbox 187 1174 1783 1253; baseline 0.004 -20"><span class='ocrx_word' id='word_1_99' title='bbox 187 1174 306 1234; x_wconf 83' lang='lat' dir='ltr'><strong>Sed</strong></span> <span class='ocrx_word' id='word_1_100' title='bbox 326 1179 459 1249; x_wconf 89' lang='lat' dir='ltr'><strong>quia</strong></span> <span class='ocrx_word' id='word_1_101' title='bbox 476 1178 615 1250; x_wconf 86' lang='lat' dir='ltr'><strong>ipse,</strong></span> <span class='ocrx_word' id='word_1_102' title='bbox 636 1179 942 1235; x_wconf 87' lang='lat' dir='ltr'><strong>seeundum</strong></span> <span class='ocrx_word' id='word_1_103' title='bbox 962 1179 1113 1251; x_wconf 86' lang='lat' dir='ltr'><strong>quod</strong></span> <span class='ocrx_word' id='word_1_104' title='bbox 1138 1180 1405 1253; x_wconf 89' lang='lat' dir='ltr'><strong>scriptum</strong></span> <span class='ocrx_word' id='word_1_105' title='bbox 1433 1192 1516 1239; x_wconf 89' lang='lat' dir='ltr'><strong>est</strong></span> <span class='ocrx_word' id='word_1_106' title='bbox 1538 1202 1552 1238; x_wconf 93' lang='lat'><strong>:</strong></span> <span class='ocrx_word' id='word_1_107' title='bbox 1579 1181 1611 1237; x_wconf 87' lang='lat'><em>1</em></span> <span class='ocrx_word' id='word_1_108' title='bbox 1614 1183 1783 1239; x_wconf 85' lang='lat' dir='ltr'><strong>rasci-</strong></span> 
     </span>
     <span class='ocr_line' id='line_1_14' title="bbox 186 1267 1782 1345; baseline 0.006 -24"><span class='ocrx_word' id='word_1_109' title='bbox 186 1268 351 1335; x_wconf 76' lang='lat' dir='ltr'><strong>mini,</strong></span> <span class='ocrx_word' id='word_1_110' title='bbox 378 1277 431 1322; x_wconf 86' lang='lat' dir='ltr'><strong>et</strong></span> <span class='ocrx_word' id='word_1_111' title='bbox 471 1267 635 1324; x_wconf 76' lang='lat' dir='ltr'><strong>nolite</strong></span> <span class='ocrx_word' id='word_1_112' title='bbox 655 1285 891 1340; x_wconf 84' lang='lat' dir='ltr'><strong>peccare,</strong></span> <span class='ocrx_word' id='word_1_113' title='bbox 918 1269 1242 1341; x_wconf 80' lang='lat' dir='ltr'><strong>sibimetipsi</strong></span> <span class='ocrx_word' id='word_1_114' title='bbox 1268 1272 1374 1327; x_wconf 75' lang='lat' dir='ltr'><strong>fuit</strong></span> <span class='ocrx_word' id='word_1_115' title='bbox 1394 1288 1492 1344; x_wconf 91' lang='lat' dir='ltr'><strong>per</strong></span> <span class='ocrx_word' id='word_1_116' title='bbox 1512 1274 1782 1345; x_wconf 88' lang='lat' dir='ltr'><strong>poeniten-</strong></span> 
     </span>
     <span class='ocr_line' id='line_1_15' title="bbox 185 1361 1783 1438; baseline 0.003 -21"><span class='ocrx_word' id='word_1_117' title='bbox 185 1361 330 1419; x_wconf 79' lang='lat' dir='ltr'><strong>tiam</strong></span> <span class='ocrx_word' id='word_1_118' title='bbox 380 1361 576 1430; x_wconf 86' lang='lat' dir='ltr'><strong>iratus,</strong></span> <span class='ocrx_word' id='word_1_119' title='bbox 624 1371 680 1419; x_wconf 87' lang='lat' dir='ltr'><strong>et</strong></span> <span class='ocrx_word' id='word_1_120' title='bbox 725 1363 903 1419; x_wconf 91' lang='lat' dir='ltr'><strong>noluit</strong></span> <span class='ocrx_word' id='word_1_121' title='bbox 936 1363 1167 1421; x_wconf 89' lang='lat' dir='ltr'><strong>ulterius</strong></span> <span class='ocrx_word' id='word_1_122' title='bbox 1204 1381 1586 1436; x_wconf 89' lang='lat' dir='ltr'><strong>peccare,non</strong></span> <span class='ocrx_word' id='word_1_123' title='bbox 1635 1365 1783 1438; x_wconf 84' lang='lat' dir='ltr'><strong>quod</strong></span> 
     </span>
     <span class='ocr_line' id='line_1_16' title="bbox 184 1451 1783 1529; baseline 0.004 -21"><span class='ocrx_word' id='word_1_124' title='bbox 184 1451 381 1509; x_wconf 78' lang='lat' dir='ltr'><strong>vivere</strong></span> <span class='ocrx_word' id='word_1_125' title='bbox 405 1464 590 1524; x_wconf 86' lang='lat' dir='ltr'><strong>posset</strong></span> <span class='ocrx_word' id='word_1_126' title='bbox 615 1453 673 1509; x_wconf 88' lang='lat' dir='ltr'><strong>in</strong></span> <span class='ocrx_word' id='word_1_127' title='bbox 698 1454 806 1512; x_wconf 91' lang='lat' dir='ltr'><strong>hoc</strong></span> <span class='ocrx_word' id='word_1_128' title='bbox 844 1455 1049 1511; x_wconf 87' lang='lat' dir='ltr'><strong>saeeulo</strong></span> <span class='ocrx_word' id='word_1_129' title='bbox 1088 1455 1210 1512; x_wconf 88' lang='lat' dir='ltr'><strong>sine</strong></span> <span class='ocrx_word' id='word_1_130' title='bbox 1238 1457 1389 1513; x_wconf 87' lang='lat' dir='ltr'><strong>omni</strong></span> <span class='ocrx_word' id='word_1_131' title='bbox 1412 1467 1658 1529; x_wconf 88' lang='lat' dir='ltr'><strong>peccato,</strong></span> <span class='ocrx_word' id='word_1_132' title='bbox 1687 1457 1783 1514; x_wconf 89' lang='lat' dir='ltr'><strong>sed</strong></span> 
     </span>
     <span class='ocr_line' id='line_1_17' title="bbox 186 1548 1780 1624; baseline 0.003 -20"><span class='ocrx_word' id='word_1_133' title='bbox 186 1549 347 1620; x_wconf 81' lang='lat' dir='ltr'><strong>quod</strong></span> <span class='ocrx_word' id='word_1_134' title='bbox 374 1548 557 1604; x_wconf 76' lang='lat' dir='ltr'><strong>vivere</strong></span> <span class='ocrx_word' id='word_1_135' title='bbox 587 1548 920 1606; x_wconf 85' lang='lat' dir='ltr'><strong>decrevisset</strong></span> <span class='ocrx_word' id='word_1_136' title='bbox 960 1549 1079 1606; x_wconf 88' lang='lat' dir='ltr'><strong>sine</strong></span> <span class='ocrx_word' id='word_1_137' title='bbox 1107 1551 1368 1620; x_wconf 89' lang='lat' dir='ltr'><strong>peccandi</strong></span> <span class='ocrx_word' id='word_1_138' title='bbox 1401 1554 1687 1624; x_wconf 85' lang='lat' dir='ltr'><strong>proposito</strong></span> <span class='ocrx_word' id='word_1_139' title='bbox 1724 1554 1780 1609; x_wconf 89' lang='lat' dir='ltr'><strong>in</strong></span> 
     </span>
     <span class='ocr_line' id='line_1_18' title="bbox 186 1638 1783 1713; baseline 0.004 -18"><span class='ocrx_word' id='word_1_140' title='bbox 186 1638 296 1695; x_wconf 81' lang='lat' dir='ltr'><strong>Dei</strong></span> <span class='ocrx_word' id='word_1_141' title='bbox 324 1639 582 1708; x_wconf 82' lang='lat' dir='ltr'><strong>servitio;</strong></span> <span class='ocrx_word' id='word_1_142' title='bbox 637 1659 657 1694; x_wconf 86' lang='lat'>‹</span> <span class='ocrx_word' id='word_1_143' title='bbox 690 1640 967 1713; x_wconf 76' lang='lat' dir='ltr'><strong>Spiritus·</strong></span> <span class='ocrx_word' id='word_1_144' title='bbox 1016 1641 1137 1713; x_wconf 80' lang='lat' dir='ltr'><strong>ejus</strong></span> <span class='ocrx_word' id='word_1_145' title='bbox 1190 1662 1209 1695; x_wconf 74' lang='lat' dir='ltr'><strong>r</strong></span> <span class='ocrx_word' id='word_1_146' title='bbox 1234 1644 1636 1702; x_wconf 85' lang='lat' dir='ltr'><strong>contribulatus</strong></span> <span class='ocrx_word' id='word_1_147' title='bbox 1679 1644 1783 1701; x_wconf 79' lang='lat' dir='ltr'><strong>suit</strong></span> 
     </span>
     <span class='ocr_line' id='line_1_19' title="bbox 183 1730 1784 1808; baseline 0.004 -21"><span class='ocrx_word' id='word_1_148' title='bbox 183 1730 529 1788; x_wconf 77' lang='lat' dir='ltr'><strong>sacrificium</strong></span> <span class='ocrx_word' id='word_1_149' title='bbox 567 1733 796 1804; x_wconf 70' lang='lat' dir='ltr'><strong>justitia:</strong></span> <span class='ocrx_word' id='word_1_150' title='bbox 844 1732 1020 1806; x_wconf 83' lang='lat' dir='ltr'><strong>(Psal.</strong></span> <span class='ocrx_word' id='word_1_151' title='bbox 1054 1751 1105 1801; x_wconf 82' lang='grc' dir='ltr'><strong>ι,</strong></span> <span class='ocrx_word' id='word_1_152' title='bbox 1134 1734 1264 1805; x_wconf 76' lang='lat'><strong>19).</strong></span> <span class='ocrx_word' id='word_1_153' title='bbox 1303 1755 1323 1788; x_wconf 71' lang='grc' dir='ltr'><strong><em>ι</em></strong></span> <span class='ocrx_word' id='word_1_154' title='bbox 1377 1752 1474 1806; x_wconf 90' lang='lat' dir='ltr'><strong>per</strong></span> <span class='ocrx_word' id='word_1_155' title='bbox 1515 1739 1661 1808; x_wconf 85' lang='lat' dir='ltr'><strong>quod</strong></span> <span class='ocrx_word' id='word_1_156' title='bbox 1707 1739 1784 1793; x_wconf 92' lang='lat' dir='ltr'><strong>ita</strong></span> 
     </span>
     <span class='ocr_line' id='line_1_20' title="bbox 188 1826 1786 1898; baseline 0.004 -19"><span class='ocrx_word' id='word_1_157' title='bbox 188 1826 563 1895; x_wconf 83' lang='lat' dir='ltr'><strong>recuperavit,</strong></span> <span class='ocrx_word' id='word_1_158' title='bbox 589 1834 644 1882; x_wconf 92' lang='lat' dir='ltr'><strong>et</strong></span> <span class='ocrx_word' id='word_1_159' title='bbox 680 1826 934 1882; x_wconf 78' lang='lat' dir='ltr'><strong>rehabuit</strong></span> <span class='ocrx_word' id='word_1_160' title='bbox 980 1842 1183 1884; x_wconf 90' lang='lat' dir='ltr'><strong>munus</strong></span> <span class='ocrx_word' id='word_1_161' title='bbox 1229 1828 1433 1886; x_wconf 74' lang='lat' dir='ltr'><strong>divina:</strong></span> <span class='ocrx_word' id='word_1_162' title='bbox 1475 1829 1695 1898; x_wconf 69' lang='lat' dir='ltr'><strong>laetitiae,</strong></span> <span class='ocrx_word' id='word_1_163' title='bbox 1724 1839 1786 1886; x_wconf 90' lang='lat' dir='ltr'><strong>ut</strong></span> 
     </span>
     <span class='ocr_line' id='line_1_21' title="bbox 187 1913 1781 1985; baseline 0.004 -17"><span class='ocrx_word' id='word_1_164' title='bbox 187 1922 381 1983; x_wconf 84' lang='lat' dir='ltr'><strong>posset</strong></span> <span class='ocrx_word' id='word_1_165' title='bbox 402 1913 458 1970; x_wconf 90' lang='lat' dir='ltr'><strong>in</strong></span> <span class='ocrx_word' id='word_1_166' title='bbox 480 1914 781 1985; x_wconf 81' lang='lat' dir='ltr'><strong>gratiarnm</strong></span> <span class='ocrx_word' id='word_1_167' title='bbox 811 1914 1031 1972; x_wconf 87' lang='lat' dir='ltr'><strong>actione</strong></span> <span class='ocrx_word' id='word_1_168' title='bbox 1055 1919 1167 1973; x_wconf 84' lang='lat' dir='ltr'><strong>Deo</strong></span> <span class='ocrx_word' id='word_1_169' title='bbox 1189 1916 1374 1974; x_wconf 86' lang='lat' dir='ltr'><strong>dicere</strong></span> <span class='ocrx_word' id='word_1_170' title='bbox 1400 1937 1415 1972; x_wconf 74' lang='grc' dir='ltr'><strong><em>ε</em></strong></span> <span class='ocrx_word' id='word_1_171' title='bbox 1441 1917 1652 1974; x_wconf 76' lang='lat' dir='ltr'><strong>Dedisti</strong></span> <span class='ocrx_word' id='word_1_172' title='bbox 1684 1918 1781 1974; x_wconf 84' lang='lat' dir='ltr'><strong>lae-</strong></span> 
     </span>
     <span class='ocr_line' id='line_1_22' title="bbox 189 2006 1785 2081; baseline 0.005 -21"><span class='ocrx_word' id='word_1_173' title='bbox 189 2006 383 2062; x_wconf 79' lang='lat' dir='ltr'><strong>titiam</strong></span> <span class='ocrx_word' id='word_1_174' title='bbox 402 2007 458 2062; x_wconf 80' lang='lat' dir='ltr'><strong>in</strong></span> <span class='ocrx_word' id='word_1_175' title='bbox 484 2008 641 2063; x_wconf 83' lang='lat' dir='ltr'><strong>corde</strong></span> <span class='ocrx_word' id='word_1_176' title='bbox 668 2024 799 2063; x_wconf 86' lang='lat' dir='ltr'><strong>meo.</strong></span> <span class='ocrx_word' id='word_1_177' title='bbox 842 2007 1054 2066; x_wconf 87' lang='lat' dir='ltr'><strong>Dedisti</strong></span> <span class='ocrx_word' id='word_1_178' title='bbox 1094 2009 1362 2080; x_wconf 87' lang='lat' dir='ltr'><strong>primum,</strong></span> <span class='ocrx_word' id='word_1_179' title='bbox 1388 2019 1578 2081; x_wconf 84' lang='lat' dir='ltr'><strong>postea</strong></span> <span class='ocrx_word' id='word_1_180' title='bbox 1603 2013 1785 2068; x_wconf 90' lang='lat' dir='ltr'><strong>reddi·</strong></span> 
     </span>
     <span class='ocr_line' id='line_1_23' title="bbox 188 2097 1783 2172; baseline 0.004 -18"><span class='ocrx_word' id='word_1_181' title='bbox 188 2097 330 2155; x_wconf 80' lang='lat' dir='ltr'><strong>disti</strong></span> <span class='ocrx_word' id='word_1_182' title='bbox 358 2101 683 2168; x_wconf 87' lang='lat' dir='ltr'><strong>secundum,</strong></span> <span class='ocrx_word' id='word_1_183' title='bbox 711 2100 859 2172; x_wconf 84' lang='lat' dir='ltr'><strong>quod</strong></span> <span class='ocrx_word' id='word_1_184' title='bbox 881 2099 1035 2157; x_wconf 86' lang='lat' dir='ltr'><strong>oravi</strong></span> <span class='ocrx_word' id='word_1_185' title='bbox 1070 2101 1259 2159; x_wconf 89' lang='lat' dir='ltr'><strong>dicens</strong></span> <span class='ocrx_word' id='word_1_186' title='bbox 1288 2121 1302 2159; x_wconf 90' lang='lat'><strong>:</strong></span> <span class='ocrx_word' id='word_1_187' title='bbox 1330 2102 1507 2159; x_wconf 81' lang='lat' dir='ltr'><strong>Redde</strong></span> <span class='ocrx_word' id='word_1_188' title='bbox 1527 2105 1659 2161; x_wconf 78' lang='lat' dir='ltr'><strong>mihi</strong></span> <span class='ocrx_word' id='word_1_189' title='bbox 1685 2104 1783 2160; x_wconf 82' lang='lat' dir='ltr'><strong>loe-</strong></span> 
     </span>
     <span class='ocr_line' id='line_1_24' title="bbox 190 2191 788 2248; baseline 0.007 -4"><span class='ocrx_word' id='word_1_190' title='bbox 190 2191 376 2246; x_wconf 79' lang='lat' dir='ltr'><strong>titiam</strong></span> <span class='ocrx_word' id='word_1_191' title='bbox 405 2191 662 2247; x_wconf 78' lang='lat' dir='ltr'><strong>salutaris</strong></span> <span class='ocrx_word' id='word_1_192' title='bbox 687 2193 788 2248; x_wconf 89' lang='lat' dir='ltr'><strong>tui.</strong></span> 
     </span>
    </p>

    <p class='ocr_par' dir='ltr' id='par_1_6' title="bbox 190 2281 1787 2916">
     <span class='ocr_line' id='line_1_25' title="bbox 274 2281 1783 2357; baseline 0.005 -20"><span class='ocrx_word' id='word_1_193' title='bbox 274 2281 341 2338; x_wconf 83' lang='lat' dir='ltr'><strong>Et</strong></span> <span class='ocrx_word' id='word_1_194' title='bbox 367 2283 513 2352; x_wconf 84' lang='lat' dir='ltr'><strong>vide,</strong></span> <span class='ocrx_word' id='word_1_195' title='bbox 540 2300 704 2356; x_wconf 91' lang='lat' dir='ltr'><strong>quam</strong></span> <span class='ocrx_word' id='word_1_196' title='bbox 733 2286 961 2357; x_wconf 82' lang='lat' dir='ltr'><strong>pulchre</strong></span> <span class='ocrx_word' id='word_1_197' title='bbox 987 2285 1271 2343; x_wconf 87' lang='lat' dir='ltr'><strong>credentes</strong></span> <span class='ocrx_word' id='word_1_198' title='bbox 1296 2303 1327 2343; x_wconf 90' lang='lat' dir='ltr'><strong>a</strong></span> <span class='ocrx_word' id='word_1_199' title='bbox 1370 2305 1480 2345; x_wconf 88' lang='lat' dir='ltr'><strong>non</strong></span> <span class='ocrx_word' id='word_1_200' title='bbox 1509 2289 1783 2347; x_wconf 90' lang='lat' dir='ltr'><strong>credenti-</strong></span> 
     </span>
     <span class='ocr_line' id='line_1_26' title="bbox 190 2375 1785 2452; baseline 0.005 -20"><span class='ocrx_word' id='word_1_201' title='bbox 190 2377 307 2432; x_wconf 86' lang='lat' dir='ltr'><strong>bus</strong></span> <span class='ocrx_word' id='word_1_202' title='bbox 340 2375 578 2447; x_wconf 81' lang='lat' dir='ltr'><strong>Spiritus</strong></span> <span class='ocrx_word' id='word_1_203' title='bbox 622 2379 973 2450; x_wconf 83' lang='lat' dir='ltr'><strong>propheticus</strong></span> <span class='ocrx_word' id='word_1_204' title='bbox 1001 2379 1253 2436; x_wconf 80' lang='lat' dir='ltr'><strong>distinxit</strong></span> <span class='ocrx_word' id='word_1_205' title='bbox 1279 2381 1335 2436; x_wconf 91' lang='lat' dir='ltr'><strong>iu</strong></span> <span class='ocrx_word' id='word_1_206' title='bbox 1364 2381 1485 2452; x_wconf 88' lang='lat' dir='ltr'><strong>ipso</strong></span> <span class='ocrx_word' id='word_1_207' title='bbox 1509 2384 1671 2438; x_wconf 88' lang='lat' dir='ltr'><strong>modo</strong></span> <span class='ocrx_word' id='word_1_208' title='bbox 1700 2385 1785 2441; x_wconf 89' lang='lat' dir='ltr'><strong>lo-</strong></span> 
     </span>
     <span class='ocr_line' id='line_1_27' title="bbox 191 2468 1785 2532; baseline 0.005 -7"><span class='ocrx_word' id='word_1_209' title='bbox 191 2469 462 2526; x_wconf 86' lang='lat' dir='ltr'><strong>cutionis.</strong></span> <span class='ocrx_word' id='word_1_210' title='bbox 490 2468 625 2526; x_wconf 79' lang='lat' dir='ltr'><strong>Nam</strong></span> <span class='ocrx_word' id='word_1_211' title='bbox 656 2472 724 2527; x_wconf 91' lang='lat' dir='ltr'><strong>de</strong></span> <span class='ocrx_word' id='word_1_212' title='bbox 752 2487 864 2527; x_wconf 89' lang='lat' dir='ltr'><strong>non</strong></span> <span class='ocrx_word' id='word_1_213' title='bbox 898 2472 1246 2530; x_wconf 83' lang='lat' dir='ltr'><strong>credentibus</strong></span> <span class='ocrx_word' id='word_1_214' title='bbox 1269 2474 1408 2531; x_wconf 85' lang='lat' dir='ltr'><strong>dixit</strong></span> <span class='ocrx_word' id='word_1_215' title='bbox 1435 2494 1448 2531; x_wconf 90' lang='lat'><strong>:</strong></span> <span class='ocrx_word' id='word_1_216' title='bbox 1491 2476 1656 2532; x_wconf 80' lang='lat' dir='ltr'><strong>Multi</strong></span> <span class='ocrx_word' id='word_1_217' title='bbox 1695 2478 1785 2532; x_wconf 83' lang='lat' dir='ltr'><strong>di·</strong></span> 
     </span>
     <span class='ocr_line' id='line_1_28' title="bbox 192 2563 1787 2633; baseline 0.007 -17"><span class='ocrx_word' id='word_1_218' title='bbox 192 2573 334 2616; x_wconf 80' lang='lat' dir='ltr'><strong>cunt</strong></span> <span class='ocrx_word' id='word_1_219' title='bbox 360 2578 380 2616; x_wconf 91' lang='lat'><strong>:</strong></span> <span class='ocrx_word' id='word_1_220' title='bbox 414 2564 530 2633; x_wconf 82' lang='lat' dir='ltr'><strong>quis</strong></span> <span class='ocrx_word' id='word_1_221' title='bbox 558 2563 787 2618; x_wconf 77' lang='lat' dir='ltr'><strong>ostendit</strong></span> <span class='ocrx_word' id='word_1_222' title='bbox 811 2563 960 2620; x_wconf 82' lang='lat' dir='ltr'><strong>nobis</strong></span> <span class='ocrx_word' id='word_1_223' title='bbox 983 2565 1118 2620; x_wconf 80' lang='lat' dir='ltr'><strong>bona</strong></span> <span class='ocrx_word' id='word_1_224' title='bbox 1137 2567 1163 2620; x_wconf 70' lang='grc' dir='ltr'><strong>ἔ)</strong></span> <span class='ocrx_word' id='word_1_225' title='bbox 1182 2566 1260 2623; x_wconf 82' lang='lat' dir='ltr'><strong>De</strong></span> <span class='ocrx_word' id='word_1_226' title='bbox 1286 2568 1634 2626; x_wconf 88' lang='lat' dir='ltr'><strong>multitudine</strong></span> <span class='ocrx_word' id='word_1_227' title='bbox 1657 2585 1787 2627; x_wconf 73' lang='lat' dir='ltr'><strong>vero</strong></span> 
     </span>
     <span class='ocr_line' id='line_1_29' title="bbox 192 2654 1787 2727; baseline 0.006 -17"><span class='ocrx_word' id='word_1_228' title='bbox 192 2654 546 2710; x_wconf 83' lang='lat' dir='ltr'><strong>credentium</strong></span> <span class='ocrx_word' id='word_1_229' title='bbox 591 2656 886 2727; x_wconf 85' lang='lat' dir='ltr'><strong>quamdam</strong></span> <span class='ocrx_word' id='word_1_230' title='bbox 936 2657 1197 2713; x_wconf 85' lang='lat' dir='ltr'><strong>unionem</strong></span> <span class='ocrx_word' id='word_1_231' title='bbox 1234 2657 1436 2716; x_wconf 75' lang='lat' dir='ltr'><strong>iactam</strong></span> <span class='ocrx_word' id='word_1_232' title='bbox 1496 2661 1787 2719; x_wconf 73' lang='lat' dir='ltr'><strong>insinuans</strong></span> 
     </span>
     <span class='ocr_line' id='line_1_30' title="bbox 192 2745 1786 2820; baseline 0.005 -18"><span class='ocrx_word' id='word_1_233' title='bbox 192 2761 331 2802; x_wconf 84' lang='lat' dir='ltr'><strong>cum</strong></span> <span class='ocrx_word' id='word_1_234' title='bbox 366 2746 593 2803; x_wconf 82' lang='lat' dir='ltr'><strong>dixisset</strong></span> <span class='ocrx_word' id='word_1_235' title='bbox 620 2767 634 2802; x_wconf 93' lang='lat'><strong>:</strong></span> <span class='ocrx_word' id='word_1_236' title='bbox 668 2745 951 2819; x_wconf 63' lang='lat' dir='ltr'><strong>Signatum</strong></span> <span class='ocrx_word' id='word_1_237' title='bbox 978 2758 1239 2820; x_wconf 84' lang='lat' dir='ltr'><strong>estsuper</strong></span> <span class='ocrx_word' id='word_1_238' title='bbox 1264 2766 1361 2806; x_wconf 77' lang='lat' dir='ltr'><strong>uos</strong></span> <span class='ocrx_word' id='word_1_239' title='bbox 1389 2751 1569 2808; x_wconf 82' lang='lat' dir='ltr'><strong>lumen</strong></span> <span class='ocrx_word' id='word_1_240' title='bbox 1608 2754 1786 2811; x_wconf 73' lang='lat' dir='ltr'><strong>rullus</strong></span> 
     </span>
     <span class='ocr_line' id='line_1_31' title="bbox 196 2838 1787 2916; baseline 0.004 -20"><span class='ocrx_word' id='word_1_241' title='bbox 196 2841 311 2909; x_wconf 77' lang='lat' dir='ltr'><strong>tui,</strong></span> <span class='ocrx_word' id='word_1_242' title='bbox 334 2838 581 2908; x_wconf 83' lang='lat' dir='ltr'><strong>Domine,</strong></span> <span class='ocrx_word' id='word_1_243' title='bbox 610 2841 882 2911; x_wconf 87' lang='lat' dir='ltr'><strong>protinus,</strong></span> <span class='ocrx_word' id='word_1_244' title='bbox 913 2842 993 2897; x_wconf 89' lang='lat' dir='ltr'><strong>uti</strong></span> <span class='ocrx_word' id='word_1_245' title='bbox 1031 2843 1227 2899; x_wconf 88' lang='lat' dir='ltr'><strong>maluit</strong></span> <span class='ocrx_word' id='word_1_246' title='bbox 1263 2845 1525 2916; x_wconf 80' lang='lat' dir='ltr'><strong>singulari</strong></span> <span class='ocrx_word' id='word_1_247' title='bbox 1556 2862 1787 2903; x_wconf 88' lang='lat' dir='ltr'><strong>numero</strong></span> 
     </span>
    </p>
   </div>
   <div class='ocr_carea' id='block_1_6' title="bbox 195 2930 1788 3005">
    <p class='ocr_par' dir='ltr' id='par_1_7' title="bbox 195 2930 1788 3005">
     <span class='ocr_line' id='line_1_32' title="bbox 195 2930 1788 3005; baseline 0.005 -19"><span class='ocrx_word' id='word_1_248' title='bbox 195 2930 397 2988; x_wconf 87' lang='lat' dir='ltr'><strong>dicens</strong></span> <span class='ocrx_word' id='word_1_249' title='bbox 445 2947 514 2988; x_wconf 81' lang='lat' dir='ltr'><strong>ex</strong></span> <span class='ocrx_word' id='word_1_250' title='bbox 558 2947 794 3005; x_wconf 89' lang='lat' dir='ltr'><strong>persona</strong></span> <span class='ocrx_word' id='word_1_251' title='bbox 845 2934 1078 2991; x_wconf 86' lang='lat' dir='ltr'><strong>istorum</strong></span> <span class='ocrx_word' id='word_1_252' title='bbox 1129 2955 1143 2991; x_wconf 91' lang='lat'><strong>:</strong></span> <span class='ocrx_word' id='word_1_253' title='bbox 1193 2936 1400 2993; x_wconf 79' lang='lat' dir='ltr'><strong>Dedisti</strong></span> <span class='ocrx_word' id='word_1_254' title='bbox 1438 2939 1687 2994; x_wconf 83' lang='lat' dir='ltr'><strong>loetitiam</strong></span> <span class='ocrx_word' id='word_1_255' title='bbox 1732 2942 1788 2994; x_wconf 81' lang='lat' dir='ltr'><strong>in</strong></span> 
     </span>
    </p>
   </div>
   <div class='ocr_carea' id='block_1_7' title="bbox 1816 1711 1857 1767">
    <p class='ocr_par' dir='ltr' id='par_1_8' title="bbox 1816 1711 1857 1767">
     <span class='ocr_line' id='line_1_33' title="bbox 1816 1711 1857 1767; baseline 0 0"><span class='ocrx_word' id='word_1_256' title='bbox 1816 1711 1857 1767; x_wconf 84' lang='grc' dir='ltr'><strong>Β</strong></span> 
     </span>
    </p>
   </div>
   <div class='ocr_carea' id='block_1_8' title="bbox 194 3024 1853 3125">
    <p class='ocr_par' dir='ltr' id='par_1_9' title="bbox 194 3024 1853 3125">
     <span class='ocr_line' id='line_1_34' title="bbox 194 3024 1853 3125; baseline 0.007 -47"><span class='ocrx_word' id='word_1_257' title='bbox 194 3026 362 3079; x_wconf 84' lang='lat' dir='ltr'><strong>corde</strong></span> <span class='ocrx_word' id='word_1_258' title='bbox 386 3041 524 3081; x_wconf 82' lang='lat' dir='ltr'><strong>mco.</strong></span> <span class='ocrx_word' id='word_1_259' title='bbox 555 3024 624 3082; x_wconf 85' lang='lat' dir='ltr'><strong>Et</strong></span> <span class='ocrx_word' id='word_1_260' title='bbox 653 3036 821 3096; x_wconf 88' lang='lat' dir='ltr'><strong>recte,</strong></span> <span class='ocrx_word' id='word_1_261' title='bbox 866 3028 997 3099; x_wconf 90' lang='lat' dir='ltr'><strong>quia</strong></span> <span class='ocrx_word' id='word_1_262' title='bbox 1037 3029 1402 3088; x_wconf 86' lang='lat' dir='ltr'><strong>multitudiuis</strong></span> <span class='ocrx_word' id='word_1_263' title='bbox 1449 3033 1783 3089; x_wconf 89' lang='lat' dir='ltr'><strong>credentium</strong></span> <span class='ocrx_word' id='word_1_264' title='bbox 1812 3068 1853 3125; x_wconf 80' lang='lat' dir='ltr'>C</span> 
     </span>
    </p>
   </div>
   <div class='ocr_carea' id='block_1_9' title="bbox 195 3121 1791 4390">
    <p class='ocr_par' dir='ltr' id='par_1_10' title="bbox 195 3121 1791 4390">
     <span class='ocr_line' id='line_1_35' title="bbox 197 3121 1783 3196; baseline 0.005 -23"><span class='ocrx_word' id='word_1_265' title='bbox 197 3127 325 3174; x_wconf 83' lang='lat' dir='ltr'><strong>erat</strong></span> <span class='ocrx_word' id='word_1_266' title='bbox 352 3133 446 3175; x_wconf 85' lang='lat' dir='ltr'><strong>cor</strong></span> <span class='ocrx_word' id='word_1_267' title='bbox 478 3135 673 3188; x_wconf 79' lang='lat' dir='ltr'><strong>unum,</strong></span> <span class='ocrx_word' id='word_1_268' title='bbox 707 3130 762 3177; x_wconf 90' lang='lat' dir='ltr'><strong>et</strong></span> <span class='ocrx_word' id='word_1_269' title='bbox 789 3121 973 3177; x_wconf 88' lang='lat' dir='ltr'><strong>anima</strong></span> <span class='ocrx_word' id='word_1_270' title='bbox 1016 3139 1147 3191; x_wconf 87' lang='lat' dir='ltr'><strong>uua,</strong></span> <span class='ocrx_word' id='word_1_271' title='bbox 1177 3139 1342 3196; x_wconf 89' lang='lat' dir='ltr'><strong>quam</strong></span> <span class='ocrx_word' id='word_1_272' title='bbox 1370 3124 1620 3182; x_wconf 79' lang='lat' dir='ltr'><strong>videlicet</strong></span> <span class='ocrx_word' id='word_1_273' title='bbox 1659 3126 1783 3181; x_wconf 89' lang='lat' dir='ltr'><strong>uui-</strong></span> 
     </span>
     <span class='ocr_line' id='line_1_36' title="bbox 195 3210 1786 3288; baseline 0.006 -24"><span class='ocrx_word' id='word_1_274' title='bbox 195 3218 371 3265; x_wconf 83' lang='lat' dir='ltr'><strong>tatem</strong></span> <span class='ocrx_word' id='word_1_275' title='bbox 394 3210 599 3279; x_wconf 85' lang='lat' dir='ltr'><strong>cordis,</strong></span> <span class='ocrx_word' id='word_1_276' title='bbox 625 3220 679 3267; x_wconf 85' lang='lat' dir='ltr'><strong>et</strong></span> <span class='ocrx_word' id='word_1_277' title='bbox 705 3214 903 3270; x_wconf 85' lang='lat' dir='ltr'><strong>animae</strong></span> <span class='ocrx_word' id='word_1_278' title='bbox 930 3214 1066 3270; x_wconf 90' lang='lat' dir='ltr'><strong>illud</strong></span> <span class='ocrx_word' id='word_1_279' title='bbox 1092 3230 1314 3288; x_wconf 90' lang='lat' dir='ltr'><strong>quoque</strong></span> <span class='ocrx_word' id='word_1_280' title='bbox 1340 3216 1657 3272; x_wconf 76' lang='lat' dir='ltr'><strong>adverbium</strong></span> <span class='ocrx_word' id='word_1_281' title='bbox 1695 3217 1786 3273; x_wconf 90' lang='lat' dir='ltr'><strong>in·</strong></span> 
     </span>
     <span class='ocr_line' id='line_1_37' title="bbox 196 3304 1782 3378; baseline 0.003 -20"><span class='ocrx_word' id='word_1_282' title='bbox 196 3304 532 3374; x_wconf 85' lang='lat' dir='ltr'><strong>terpositum</strong></span> <span class='ocrx_word' id='word_1_283' title='bbox 561 3307 789 3376; x_wconf 79' lang='lat' dir='ltr'><strong>pulchre</strong></span> <span class='ocrx_word' id='word_1_284' title='bbox 814 3308 1070 3378; x_wconf 86' lang='lat' dir='ltr'><strong>exprimit</strong></span> <span class='ocrx_word' id='word_1_285' title='bbox 1098 3326 1112 3363; x_wconf 92' lang='lat'><strong>:</strong></span> <span class='ocrx_word' id='word_1_286' title='bbox 1142 3307 1405 3375; x_wconf 81' lang='lat' dir='ltr'><strong>Quoniam</strong></span> <span class='ocrx_word' id='word_1_287' title='bbox 1428 3317 1508 3375; x_wconf 83' lang='lat' dir='ltr'><strong>tu,</strong></span> <span class='ocrx_word' id='word_1_288' title='bbox 1538 3308 1782 3377; x_wconf 79' lang='lat' dir='ltr'><strong>Domine,</strong></span> 
     </span>
     <span class='ocr_line' id='line_1_38' title="bbox 197 3396 1784 3473; baseline 0.004 -23"><span class='ocrx_word' id='word_1_289' title='bbox 197 3396 551 3468; x_wconf 77' lang='lat' dir='ltr'><strong>sinqularieer</strong></span> <span class='ocrx_word' id='word_1_290' title='bbox 581 3398 637 3453; x_wconf 80' lang='lat' dir='ltr'><strong>in</strong></span> <span class='ocrx_word' id='word_1_291' title='bbox 662 3415 750 3469; x_wconf 84' lang='lat' dir='ltr'><strong>spe</strong></span> <span class='ocrx_word' id='word_1_292' title='bbox 775 3400 1103 3456; x_wconf 84' lang='lat' dir='ltr'><strong>constituisti</strong></span> <span class='ocrx_word' id='word_1_293' title='bbox 1130 3418 1229 3455; x_wconf 80' lang='lat' dir='ltr'><strong>nte.</strong></span> <span class='ocrx_word' id='word_1_294' title='bbox 1263 3400 1343 3457; x_wconf 86' lang='lat' dir='ltr'><strong>lta</strong></span> <span class='ocrx_word' id='word_1_295' title='bbox 1372 3416 1608 3472; x_wconf 88' lang='lat' dir='ltr'><strong>namque</strong></span> <span class='ocrx_word' id='word_1_296' title='bbox 1656 3400 1784 3473; x_wconf 82' lang='lat' dir='ltr'><strong>spi·-</strong></span> 
     </span>
     <span class='ocr_line' id='line_1_39' title="bbox 197 3487 1785 3558; baseline 0.003 -16"><span class='ocrx_word' id='word_1_297' title='bbox 197 3487 349 3542; x_wconf 85' lang='lat' dir='ltr'><strong>ritus</strong></span> <span class='ocrx_word' id='word_1_298' title='bbox 396 3495 618 3543; x_wconf 88' lang='lat' dir='ltr'><strong>sanctus</strong></span> <span class='ocrx_word' id='word_1_299' title='bbox 667 3488 735 3544; x_wconf 90' lang='lat' dir='ltr'><strong>de</strong></span> <span class='ocrx_word' id='word_1_300' title='bbox 788 3490 975 3548; x_wconf 88' lang='lat' dir='ltr'><strong>multis</strong></span> <span class='ocrx_word' id='word_1_301' title='bbox 1023 3489 1186 3547; x_wconf 86' lang='lat' dir='ltr'><strong>efficit</strong></span> <span class='ocrx_word' id='word_1_302' title='bbox 1230 3506 1424 3546; x_wconf 87' lang='lat' dir='ltr'><strong>unum.</strong></span> <span class='ocrx_word' id='word_1_303' title='bbox 1456 3490 1562 3558; x_wconf 83' lang='lat' dir='ltr'><strong>Qui</strong></span> <span class='ocrx_word' id='word_1_304' title='bbox 1602 3502 1785 3546; x_wconf 91' lang='lat' dir='ltr'><strong>autem</strong></span> 
     </span>
     <span class='ocr_line' id='line_1_40' title="bbox 202 3578 1785 3653; baseline 0.003 -20"><span class='ocrx_word' id='word_1_305' title='bbox 202 3578 358 3634; x_wconf 82' lang='lat' dir='ltr'><strong>hunc</strong></span> <span class='ocrx_word' id='word_1_306' title='bbox 384 3593 494 3633; x_wconf 86' lang='lat' dir='ltr'><strong>non</strong></span> <span class='ocrx_word' id='word_1_307' title='bbox 520 3578 743 3648; x_wconf 86' lang='lat' dir='ltr'><strong>habent,</strong></span> <span class='ocrx_word' id='word_1_308' title='bbox 769 3580 978 3647; x_wconf 87' lang='lat' dir='ltr'><strong>multis,</strong></span> <span class='ocrx_word' id='word_1_309' title='bbox 1006 3581 1140 3648; x_wconf 88' lang='lat' dir='ltr'><strong>imo,</strong></span> <span class='ocrx_word' id='word_1_310' title='bbox 1168 3589 1224 3636; x_wconf 91' lang='lat' dir='ltr'><strong>et</strong></span> <span class='ocrx_word' id='word_1_311' title='bbox 1243 3589 1432 3637; x_wconf 88' lang='lat' dir='ltr'><strong>contra</strong></span> <span class='ocrx_word' id='word_1_312' title='bbox 1465 3581 1785 3653; x_wconf 89' lang='lat' dir='ltr'><strong>semctipsos</strong></span> 
     </span>
     <span class='ocr_line' id='line_1_41' title="bbox 202 3667 1785 3741; baseline 0.001 -17"><span class='ocrx_word' id='word_1_313' title='bbox 202 3667 462 3724; x_wconf 82' lang='lat' dir='ltr'><strong>sensibus</strong></span> <span class='ocrx_word' id='word_1_314' title='bbox 489 3667 746 3734; x_wconf 81' lang='lat' dir='ltr'><strong>diversis,</strong></span> <span class='ocrx_word' id='word_1_315' title='bbox 776 3677 829 3725; x_wconf 89' lang='lat' dir='ltr'><strong>et</strong></span> <span class='ocrx_word' id='word_1_316' title='bbox 858 3669 914 3725; x_wconf 88' lang='lat' dir='ltr'><strong>in</strong></span> <span class='ocrx_word' id='word_1_317' title='bbox 941 3669 1214 3741; x_wconf 86' lang='lat' dir='ltr'><strong>plerisque</strong></span> <span class='ocrx_word' id='word_1_318' title='bbox 1237 3685 1332 3741; x_wconf 86' lang='lat' dir='ltr'><strong>per</strong></span> <span class='ocrx_word' id='word_1_319' title='bbox 1355 3678 1533 3727; x_wconf 87' lang='lat' dir='ltr'><strong>sectas</strong></span> <span class='ocrx_word' id='word_1_320' title='bbox 1562 3679 1785 3727; x_wconf 85' lang='lat' dir='ltr'><strong>eontra-</strong></span> 
     </span>
     <span class='ocr_line' id='line_1_42' title="bbox 203 3760 1782 3835; baseline 0.002 -20"><span class='ocrx_word' id='word_1_321' title='bbox 203 3760 326 3816; x_wconf 88' lang='lat' dir='ltr'><strong>rias</strong></span> <span class='ocrx_word' id='word_1_322' title='bbox 356 3760 518 3817; x_wconf 80' lang='lat' dir='ltr'><strong>divisi</strong></span> <span class='ocrx_word' id='word_1_323' title='bbox 562 3771 710 3818; x_wconf 85' lang='lat' dir='ltr'><strong>sunt.</strong></span> <span class='ocrx_word' id='word_1_324' title='bbox 748 3761 891 3829; x_wconf 87' lang='lat' dir='ltr'><strong>Quid</strong></span> <span class='ocrx_word' id='word_1_325' title='bbox 938 3778 1069 3835; x_wconf 88' lang='lat' dir='ltr'><strong>ergo</strong></span> <span class='ocrx_word' id='word_1_326' title='bbox 1100 3772 1206 3830; x_wconf 88' lang='lat' dir='ltr'><strong>est,</strong></span> <span class='ocrx_word' id='word_1_327' title='bbox 1260 3764 1409 3834; x_wconf 89' lang='lat' dir='ltr'><strong>quod</strong></span> <span class='ocrx_word' id='word_1_328' title='bbox 1458 3763 1782 3833; x_wconf 81' lang='lat' dir='ltr'><strong>praemisso:</strong></span> 
     </span>
     <span class='ocr_line' id='line_1_43' title="bbox 208 3853 1787 3929; baseline 0.003 -20"><span class='ocrx_word' id='word_1_329' title='bbox 208 3853 279 3909; x_wconf 71' lang='lat'><strong>112</strong></span> <span class='ocrx_word' id='word_1_330' title='bbox 304 3870 433 3925; x_wconf 77' lang='lat' dir='ltr'><strong>pace</strong></span> <span class='ocrx_word' id='word_1_331' title='bbox 452 3856 509 3909; x_wconf 82' lang='lat' dir='ltr'><strong>in</strong></span> <span class='ocrx_word' id='word_1_332' title='bbox 537 3856 771 3927; x_wconf 84' lang='lat' dir='ltr'><strong>idipsum</strong></span> <span class='ocrx_word' id='word_1_333' title='bbox 792 3856 1079 3925; x_wconf 82' lang='lat' dir='ltr'><strong>dormiam,</strong></span> <span class='ocrx_word' id='word_1_334' title='bbox 1101 3866 1152 3910; x_wconf 86' lang='lat' dir='ltr'><strong>et</strong></span> <span class='ocrx_word' id='word_1_335' title='bbox 1193 3857 1536 3929; x_wconf 81' lang='lat' dir='ltr'><strong>requiescam,</strong></span> <span class='ocrx_word' id='word_1_336' title='bbox 1563 3872 1787 3913; x_wconf 88' lang='lat' dir='ltr'><strong>causam</strong></span> 
     </span>
     <span class='ocr_line' id='line_1_44' title="bbox 206 3947 1788 4020; baseline 0.001 -18"><span class='ocrx_word' id='word_1_337' title='bbox 206 3948 329 4002; x_wconf 73' lang='lat' dir='ltr'><strong>sive</strong></span> <span class='ocrx_word' id='word_1_338' title='bbox 363 3948 631 4004; x_wconf 87' lang='lat' dir='ltr'><strong>rationem</strong></span> <span class='ocrx_word' id='word_1_339' title='bbox 674 3949 837 4004; x_wconf 87' lang='lat' dir='ltr'><strong>istam</strong></span> <span class='ocrx_word' id='word_1_340' title='bbox 884 3948 1166 4020; x_wconf 85' lang='lat' dir='ltr'><strong>subjungit</strong></span> <span class='ocrx_word' id='word_1_341' title='bbox 1203 3968 1218 4003; x_wconf 94' lang='lat'><strong>:</strong></span> <span class='ocrx_word' id='word_1_342' title='bbox 1264 3947 1528 4014; x_wconf 79' lang='lat' dir='ltr'><strong>Quoniam</strong></span> <span class='ocrx_word' id='word_1_343' title='bbox 1557 3957 1635 4018; x_wconf 88' lang='lat' dir='ltr'><strong>tu,</strong></span> <span class='ocrx_word' id='word_1_344' title='bbox 1674 3947 1788 4003; x_wconf 88' lang='lat' dir='ltr'><strong>Do-</strong></span> 
     </span>
     <span class='ocr_line' id='line_1_45' title="bbox 210 4040 1788 4112; baseline 0.001 -18"><span class='ocrx_word' id='word_1_345' title='bbox 210 4041 377 4107; x_wconf 72' lang='lat' dir='ltr'><strong>mine,</strong></span> <span class='ocrx_word' id='word_1_346' title='bbox 400 4040 748 4112; x_wconf 67' lang='lat' dir='ltr'><strong>singulariter</strong></span> <span class='ocrx_word' id='word_1_347' title='bbox 774 4042 831 4096; x_wconf 83' lang='lat' dir='ltr'><strong>in</strong></span> <span class='ocrx_word' id='word_1_348' title='bbox 859 4058 948 4112; x_wconf 85' lang='lat' dir='ltr'><strong>spe</strong></span> <span class='ocrx_word' id='word_1_349' title='bbox 988 4041 1311 4096; x_wconf 78' lang='lat' dir='ltr'><strong>constituisti</strong></span> <span class='ocrx_word' id='word_1_350' title='bbox 1349 4058 1450 4109; x_wconf 87' lang='lat' dir='ltr'><strong>me,</strong></span> <span class='ocrx_word' id='word_1_351' title='bbox 1497 4041 1699 4097; x_wconf 86' lang='lat' dir='ltr'><strong>nisiae</strong></span> <span class='ocrx_word' id='word_1_352' title='bbox 1742 4040 1788 4096; x_wconf 87' lang='lat' dir='ltr'><strong>si</strong></span> 
     </span>
     <span class='ocr_line' id='line_1_46' title="bbox 209 4133 1791 4206; baseline 0.001 -18"><span class='ocrx_word' id='word_1_353' title='bbox 209 4134 422 4189; x_wconf 79' lang='lat' dir='ltr'><strong>diceret</strong></span> <span class='ocrx_word' id='word_1_354' title='bbox 449 4133 654 4189; x_wconf 88' lang='lat' dir='ltr'><strong>ideirco</strong></span> <span class='ocrx_word' id='word_1_355' title='bbox 680 4151 694 4189; x_wconf 91' lang='lat'><strong>:</strong></span> <span class='ocrx_word' id='word_1_356' title='bbox 718 4134 849 4206; x_wconf 85' lang='lat' dir='ltr'><strong>quia</strong></span> <span class='ocrx_word' id='word_1_357' title='bbox 874 4149 1021 4189; x_wconf 90' lang='lat' dir='ltr'><strong>nune</strong></span> <span class='ocrx_word' id='word_1_358' title='bbox 1044 4134 1237 4190; x_wconf 85' lang='lat' dir='ltr'><strong>studeo</strong></span> <span class='ocrx_word' id='word_1_359' title='bbox 1261 4133 1645 4204; x_wconf 84' lang='lat' dir='ltr'><strong>singularitati,</strong></span> <span class='ocrx_word' id='word_1_360' title='bbox 1672 4134 1791 4189; x_wconf 78' lang='lat' dir='ltr'><strong>sive</strong></span> 
     </span>
     <span class='ocr_line' id='line_1_47' title="bbox 213 4225 1791 4298; baseline 0 -18"><span class='ocrx_word' id='word_1_361' title='bbox 213 4225 415 4281; x_wconf 89' lang='lat' dir='ltr'><strong>unitati</strong></span> <span class='ocrx_word' id='word_1_362' title='bbox 461 4226 611 4295; x_wconf 90' lang='lat' dir='ltr'><strong>huic,</strong></span> <span class='ocrx_word' id='word_1_363' title='bbox 655 4226 723 4283; x_wconf 89' lang='lat' dir='ltr'><strong>de</strong></span> <span class='ocrx_word' id='word_1_364' title='bbox 772 4236 981 4298; x_wconf 55' lang='lat' dir='ltr'><strong>quaet</strong></span> <span class='ocrx_word' id='word_1_365' title='bbox 1025 4226 1320 4297; x_wconf 82' lang='lat' dir='ltr'><strong>Apostolus</strong></span> <span class='ocrx_word' id='word_1_366' title='bbox 1365 4225 1540 4282; x_wconf 90' lang='lat' dir='ltr'><strong>dicit:</strong></span> <span class='ocrx_word' id='word_1_367' title='bbox 1583 4244 1604 4279; x_wconf 80' lang='lat' dir='ltr'><strong>r</strong></span> <span class='ocrx_word' id='word_1_368' title='bbox 1637 4225 1791 4282; x_wconf 88' lang='lat' dir='ltr'><strong>Sicut</strong></span> 
     </span>
     <span class='ocr_line' id='line_1_48' title="bbox 210 4319 1789 4390; baseline 0.001 -16"><span class='ocrx_word' id='word_1_369' title='bbox 210 4319 363 4374; x_wconf 85' lang='lat' dir='ltr'><strong>enim</strong></span> <span class='ocrx_word' id='word_1_370' title='bbox 391 4320 445 4374; x_wconf 91' lang='lat' dir='ltr'><strong>in</strong></span> <span class='ocrx_word' id='word_1_371' title='bbox 479 4335 590 4375; x_wconf 85' lang='lat' dir='ltr'><strong>uno</strong></span> <span class='ocrx_word' id='word_1_372' title='bbox 616 4334 849 4390; x_wconf 85' lang='lat' dir='ltr'><strong>corpore</strong></span> <span class='ocrx_word' id='word_1_373' title='bbox 870 4320 1043 4375; x_wconf 89' lang='lat' dir='ltr'><strong>multa</strong></span> <span class='ocrx_word' id='word_1_374' title='bbox 1068 4319 1314 4376; x_wconf 89' lang='lat' dir='ltr'><strong>membra</strong></span> <span class='ocrx_word' id='word_1_375' title='bbox 1340 4320 1637 4386; x_wconf 71' lang='lat' dir='ltr'><strong>habemus:</strong></span> <span class='ocrx_word' id='word_1_376' title='bbox 1668 4334 1789 4374; x_wconf 91' lang='lat' dir='ltr'><strong>om-</strong></span> 
     </span>
    </p>
   </div>
   <div class='ocr_carea' id='block_1_10' title="bbox 1881 524 3474 4395">
    <p class='ocr_par' dir='ltr' id='par_1_11' title="bbox 1881 524 3470 2084">
     <span class='ocr_line' id='line_1_49' title="bbox 1882 524 3460 602; baseline 0.006 -21"><span class='ocrx_word' id='word_1_377' title='bbox 1882 524 2116 596; x_wconf 90' lang='lat' dir='ltr'><strong>idipsum</strong></span> <span class='ocrx_word' id='word_1_378' title='bbox 2168 525 2398 581; x_wconf 78' lang='lat' dir='ltr'><strong>invicem</strong></span> <span class='ocrx_word' id='word_1_379' title='bbox 2446 527 2721 598; x_wconf 86' lang='lat' dir='ltr'><strong>sapientes</strong></span> <span class='ocrx_word' id='word_1_380' title='bbox 2788 546 2802 582; x_wconf 92' lang='lat'><strong>:</strong></span> <span class='ocrx_word' id='word_1_381' title='bbox 2848 542 2958 582; x_wconf 91' lang='lat' dir='ltr'><strong>non</strong></span> <span class='ocrx_word' id='word_1_382' title='bbox 3005 529 3116 584; x_wconf 89' lang='lat' dir='ltr'><strong>alta</strong></span> <span class='ocrx_word' id='word_1_383' title='bbox 3165 532 3460 602; x_wconf 87' lang='lat' dir='ltr'><strong>sapientes,</strong></span> 
     </span>
     <span class='ocr_line' id='line_1_50' title="bbox 1883 617 3462 699; baseline 0.006 -26"><span class='ocrx_word' id='word_1_384' title='bbox 1883 617 1979 673; x_wconf 88' lang='lat' dir='ltr'><strong>sed</strong></span> <span class='ocrx_word' id='word_1_385' title='bbox 2027 618 2329 675; x_wconf 88' lang='lat' dir='ltr'><strong>humilibus</strong></span> <span class='ocrx_word' id='word_1_386' title='bbox 2379 620 2818 677; x_wconf 81' lang='lat' dir='ltr'><strong>consentientes?</strong></span> <span class='ocrx_word' id='word_1_387' title='bbox 2849 639 2869 672; x_wconf 71' lang='grc' dir='ltr'><strong><em>ι</em></strong></span> <span class='ocrx_word' id='word_1_388' title='bbox 2906 619 3079 693; x_wconf 84' lang='lat' dir='ltr'><strong>(Rom.</strong></span> <span class='ocrx_word' id='word_1_389' title='bbox 3112 638 3211 692; x_wconf 86' lang='lat' dir='ltr'><strong>xu,</strong></span> <span class='ocrx_word' id='word_1_390' title='bbox 3244 626 3297 693; x_wconf 72' lang='lat'><strong>4,</strong></span> <span class='ocrx_word' id='word_1_391' title='bbox 3349 627 3462 699; x_wconf 73' lang='lat'><strong>16.)</strong></span> 
     </span>
     <span class='ocr_line' id='line_1_51' title="bbox 1883 709 3460 784; baseline 0.008 -20"><span class='ocrx_word' id='word_1_392' title='bbox 1883 709 2058 777; x_wconf 88' lang='lat' dir='ltr'><strong>Quam</strong></span> <span class='ocrx_word' id='word_1_393' title='bbox 2107 711 2372 767; x_wconf 90' lang='lat' dir='ltr'><strong>unitatem</strong></span> <span class='ocrx_word' id='word_1_394' title='bbox 2417 711 2550 769; x_wconf 77' lang='lat' dir='ltr'><strong>facit</strong></span> <span class='ocrx_word' id='word_1_395' title='bbox 2601 729 2743 770; x_wconf 91' lang='lat' dir='ltr'><strong>unus</strong></span> <span class='ocrx_word' id='word_1_396' title='bbox 2789 711 3045 784; x_wconf 88' lang='lat' dir='ltr'><strong>Spiritus,</strong></span> <span class='ocrx_word' id='word_1_397' title='bbox 3077 725 3134 771; x_wconf 90' lang='lat' dir='ltr'><strong>et</strong></span> <span class='ocrx_word' id='word_1_398' title='bbox 3162 731 3273 773; x_wconf 89' lang='lat' dir='ltr'><strong>uua</strong></span> <span class='ocrx_word' id='word_1_399' title='bbox 3299 718 3460 776; x_wconf 86' lang='lat' dir='ltr'><strong>fides.</strong></span> 
     </span>
     <span class='ocr_line' id='line_1_52' title="bbox 1883 799 3464 878; baseline 0.008 -25"><span class='ocrx_word' id='word_1_400' title='bbox 1883 799 2113 869; x_wconf 84' lang='lat' dir='ltr'><strong>Idcirco,</strong></span> <span class='ocrx_word' id='word_1_401' title='bbox 2143 804 2389 873; x_wconf 89' lang='lat' dir='ltr'><strong>iuquam,</strong></span> <span class='ocrx_word' id='word_1_402' title='bbox 2421 805 2551 862; x_wconf 88' lang='lat' dir='ltr'><strong>illue</strong></span> <span class='ocrx_word' id='word_1_403' title='bbox 2580 821 2668 862; x_wconf 89' lang='lat' dir='ltr'><strong>me</strong></span> <span class='ocrx_word' id='word_1_404' title='bbox 2716 821 2878 878; x_wconf 89' lang='lat' dir='ltr'><strong>spero</strong></span> <span class='ocrx_word' id='word_1_405' title='bbox 2909 817 3321 878; x_wconf 86' lang='lat' dir='ltr'><strong>perventurum,</strong></span> <span class='ocrx_word' id='word_1_406' title='bbox 3369 811 3464 868; x_wconf 88' lang='lat' dir='ltr'><strong>ubi</strong></span> 
     </span>
     <span class='ocr_line' id='line_1_53' title="bbox 1883 893 3467 972; baseline 0.007 -25"><span class='ocrx_word' id='word_1_407' title='bbox 1883 893 2170 961; x_wconf 81' lang='lat' dir='ltr'><strong>dormiam,</strong></span> <span class='ocrx_word' id='word_1_408' title='bbox 2200 905 2252 949; x_wconf 78' lang='lat' dir='ltr'><strong>et</strong></span> <span class='ocrx_word' id='word_1_409' title='bbox 2299 898 2619 969; x_wconf 82' lang='lat' dir='ltr'><strong>requiescam</strong></span> <span class='ocrx_word' id='word_1_410' title='bbox 2661 899 2717 953; x_wconf 83' lang='lat' dir='ltr'><strong>in</strong></span> <span class='ocrx_word' id='word_1_411' title='bbox 2757 908 2907 954; x_wconf 87' lang='lat' dir='ltr'><strong>tanta</strong></span> <span class='ocrx_word' id='word_1_412' title='bbox 2936 917 3086 971; x_wconf 84' lang='lat' dir='ltr'><strong>pace,</strong></span> <span class='ocrx_word' id='word_1_413' title='bbox 3121 912 3328 972; x_wconf 90' lang='lat' dir='ltr'><strong>quanta</strong></span> <span class='ocrx_word' id='word_1_414' title='bbox 3376 902 3467 958; x_wconf 84' lang='lat' dir='ltr'><strong>in·</strong></span> 
     </span>
     <span class='ocr_line' id='line_1_54' title="bbox 1884 984 3461 1066; baseline 0.008 -27"><span class='ocrx_word' id='word_1_415' title='bbox 1884 984 2052 1057; x_wconf 88' lang='lat' dir='ltr'><strong>telligi</strong></span> <span class='ocrx_word' id='word_1_416' title='bbox 2105 986 2222 1042; x_wconf 80' lang='lat' dir='ltr'><strong>vult</strong></span> <span class='ocrx_word' id='word_1_417' title='bbox 2267 986 2434 1044; x_wconf 88' lang='lat' dir='ltr'><strong>dictio</strong></span> <span class='ocrx_word' id='word_1_418' title='bbox 2484 990 2621 1056; x_wconf 84' lang='lat' dir='ltr'><strong>haec,</strong></span> <span class='ocrx_word' id='word_1_419' title='bbox 2660 1006 2824 1062; x_wconf 88' lang='lat' dir='ltr'><strong>quam</strong></span> <span class='ocrx_word' id='word_1_420' title='bbox 2869 990 2985 1048; x_wconf 84' lang='lat' dir='ltr'><strong>dixi</strong></span> <span class='ocrx_word' id='word_1_421' title='bbox 3030 1011 3045 1048; x_wconf 94' lang='lat'><strong>:</strong></span> <span class='ocrx_word' id='word_1_422' title='bbox 3098 991 3168 1048; x_wconf 83' lang='lat' dir='ltr'><strong>In</strong></span> <span class='ocrx_word' id='word_1_423' title='bbox 3211 995 3461 1066; x_wconf 75' lang='lat' dir='ltr'><strong>idipsam.</strong></span> 
     </span>
     <span class='ocr_line' id='line_1_55' title="bbox 1881 1075 3467 1149; baseline 0.009 -17"><span class='ocrx_word' id='word_1_424' title='bbox 1881 1075 1991 1133; x_wconf 87' lang='lat' dir='ltr'><strong>Pro</strong></span> <span class='ocrx_word' id='word_1_425' title='bbox 2041 1078 2357 1149; x_wconf 81' lang='lat' dir='ltr'><strong>huJ‘usmodi</strong></span> <span class='ocrx_word' id='word_1_426' title='bbox 2407 1097 2573 1138; x_wconf 89' lang='lat' dir='ltr'><strong>sensu</strong></span> <span class='ocrx_word' id='word_1_427' title='bbox 2623 1084 2866 1139; x_wconf 69' lang='lat' dir='ltr'><strong>variatur</strong></span> <span class='ocrx_word' id='word_1_428' title='bbox 2910 1086 3109 1143; x_wconf 89' lang='lat' dir='ltr'><strong>modus</strong></span> <span class='ocrx_word' id='word_1_429' title='bbox 3167 1087 3467 1146; x_wconf 84' lang='lat' dir='ltr'><strong>locutionis</strong></span> 
     </span>
     <span class='ocr_line' id='line_1_56' title="bbox 1882 1171 3466 1252; baseline 0.007 -25"><span class='ocrx_word' id='word_1_430' title='bbox 1882 1171 2186 1228; x_wconf 89' lang='lat' dir='ltr'><strong>secundum</strong></span> <span class='ocrx_word' id='word_1_431' title='bbox 2223 1174 2538 1232; x_wconf 81' lang='lat' dir='ltr'><strong>varietatem</strong></span> <span class='ocrx_word' id='word_1_432' title='bbox 2568 1176 2863 1247; x_wconf 86' lang='lat' dir='ltr'><strong>singularis</strong></span> <span class='ocrx_word' id='word_1_433' title='bbox 2892 1188 2946 1235; x_wconf 89' lang='lat' dir='ltr'><strong>et</strong></span> <span class='ocrx_word' id='word_1_434' title='bbox 2972 1180 3202 1251; x_wconf 90' lang='lat' dir='ltr'><strong>pluralis</strong></span> <span class='ocrx_word' id='word_1_435' title='bbox 3226 1183 3466 1252; x_wconf 88' lang='lat' dir='ltr'><strong>numeri,</strong></span> 
     </span>
     <span class='ocr_line' id='line_1_57' title="bbox 1885 1265 3466 1346; baseline 0.009 -26"><span class='ocrx_word' id='word_1_436' title='bbox 1885 1273 1948 1320; x_wconf 90' lang='lat' dir='ltr'><strong>ut</strong></span> <span class='ocrx_word' id='word_1_437' title='bbox 1971 1281 2097 1321; x_wconf 88' lang='lat' dir='ltr'><strong>eum</strong></span> <span class='ocrx_word' id='word_1_438' title='bbox 2134 1265 2420 1338; x_wconf 82' lang='lat' dir='ltr'><strong>pluraliter</strong></span> <span class='ocrx_word' id='word_1_439' title='bbox 2463 1270 2704 1327; x_wconf 86' lang='lat' dir='ltr'><strong>dixerit:</strong></span> <span class='ocrx_word' id='word_1_440' title='bbox 2741 1271 3023 1345; x_wconf 65' lang='lat' dir='ltr'><strong>Signatum</strong></span> <span class='ocrx_word' id='word_1_441' title='bbox 3054 1285 3133 1330; x_wconf 83' lang='lat' dir='ltr'><strong>est</strong></span> <span class='ocrx_word' id='word_1_442' title='bbox 3175 1292 3332 1346; x_wconf 83' lang='lat' dir='ltr'><strong>super</strong></span> <span class='ocrx_word' id='word_1_443' title='bbox 3369 1293 3466 1334; x_wconf 78' lang='lat' dir='ltr'><strong>nos</strong></span> 
     </span>
     <span class='ocr_line' id='line_1_58' title="bbox 1882 1357 3468 1440; baseline 0.009 -27"><span class='ocrx_word' id='word_1_444' title='bbox 1882 1357 2060 1414; x_wconf 80' lang='lat' dir='ltr'><strong>lumen</strong></span> <span class='ocrx_word' id='word_1_445' title='bbox 2102 1361 2280 1416; x_wconf 79' lang='lat' dir='ltr'><strong>vultus</strong></span> <span class='ocrx_word' id='word_1_446' title='bbox 2308 1361 2407 1428; x_wconf 85' lang='lat' dir='ltr'><strong>tui,</strong></span> <span class='ocrx_word' id='word_1_447' title='bbox 2439 1361 2680 1431; x_wconf 82' lang='lat' dir='ltr'><strong>Domine,</strong></span> <span class='ocrx_word' id='word_1_448' title='bbox 2728 1365 2909 1421; x_wconf 89' lang='lat' dir='ltr'><strong>statim</strong></span> <span class='ocrx_word' id='word_1_449' title='bbox 2935 1365 3201 1440; x_wconf 83' lang='lat' dir='ltr'><strong>singulari</strong></span> <span class='ocrx_word' id='word_1_450' title='bbox 3228 1369 3468 1426; x_wconf 83' lang='lat' dir='ltr'><strong>dictione</strong></span> 
     </span>
     <span class='ocr_line' id='line_1_59' title="bbox 1882 1448 3467 1535; baseline 0.008 -29"><span class='ocrx_word' id='word_1_451' title='bbox 1882 1448 2074 1507; x_wconf 88' lang='lat' dir='ltr'><strong>dicat:</strong></span> <span class='ocrx_word' id='word_1_452' title='bbox 2108 1451 2320 1508; x_wconf 80' lang='lat' dir='ltr'><strong>Dedisti</strong></span> <span class='ocrx_word' id='word_1_453' title='bbox 2366 1452 2614 1510; x_wconf 81' lang='lat' dir='ltr'><strong>loetitiam</strong></span> <span class='ocrx_word' id='word_1_454' title='bbox 2661 1457 2718 1511; x_wconf 85' lang='lat' dir='ltr'><strong>in</strong></span> <span class='ocrx_word' id='word_1_455' title='bbox 2754 1458 2908 1514; x_wconf 85' lang='lat' dir='ltr'><strong>corde</strong></span> <span class='ocrx_word' id='word_1_456' title='bbox 2948 1476 3080 1517; x_wconf 88' lang='lat' dir='ltr'><strong>meo.</strong></span> <span class='ocrx_word' id='word_1_457' title='bbox 3112 1460 3467 1535; x_wconf 80' lang='lat' dir='ltr'><strong>Rursumque</strong></span> 
     </span>
     <span class='ocr_line' id='line_1_60' title="bbox 1884 1544 3466 1623; baseline 0.006 -23"><span class='ocrx_word' id='word_1_458' title='bbox 1884 1558 2010 1600; x_wconf 90' lang='lat' dir='ltr'><strong>cum</strong></span> <span class='ocrx_word' id='word_1_459' title='bbox 2043 1544 2243 1600; x_wconf 82' lang='lat' dir='ltr'><strong>dixerit</strong></span> <span class='ocrx_word' id='word_1_460' title='bbox 2273 1547 2594 1617; x_wconf 86' lang='lat' dir='ltr'><strong>pluraliter:</strong></span> <span class='ocrx_word' id='word_1_461' title='bbox 2639 1548 2684 1602; x_wconf 81' lang='lat' dir='ltr'><strong><em>A</em></strong></span> <span class='ocrx_word' id='word_1_462' title='bbox 2730 1550 2909 1620; x_wconf 75' lang='lat' dir='ltr'><strong>[ructu</strong></span> <span class='ocrx_word' id='word_1_463' title='bbox 2950 1552 3227 1623; x_wconf 74' lang='lat' dir='ltr'><strong>frumenti,</strong></span> <span class='ocrx_word' id='word_1_464' title='bbox 3276 1557 3384 1610; x_wconf 82' lang='lat' dir='ltr'><strong>vini</strong></span> <span class='ocrx_word' id='word_1_465' title='bbox 3414 1563 3466 1610; x_wconf 80' lang='lat' dir='ltr'><strong>et</strong></span> 
     </span>
     <span class='ocr_line' id='line_1_61' title="bbox 1884 1637 3470 1716; baseline 0.006 -24"><span class='ocrx_word' id='word_1_466' title='bbox 1884 1637 1988 1692; x_wconf 84' lang='lat' dir='ltr'><strong>olei</strong></span> <span class='ocrx_word' id='word_1_467' title='bbox 2031 1639 2115 1693; x_wconf 87' lang='lat' dir='ltr'><strong>sai</strong></span> <span class='ocrx_word' id='word_1_468' title='bbox 2163 1639 2505 1710; x_wconf 79' lang='lat' dir='ltr'><strong>multiplicati</strong></span> <span class='ocrx_word' id='word_1_469' title='bbox 2548 1651 2694 1708; x_wconf 81' lang='lat' dir='ltr'><strong>sunt,</strong></span> <span class='ocrx_word' id='word_1_470' title='bbox 2738 1643 2922 1698; x_wconf 89' lang='lat' dir='ltr'><strong>statim</strong></span> <span class='ocrx_word' id='word_1_471' title='bbox 2964 1661 3031 1701; x_wconf 81' lang='lat' dir='ltr'><strong>ex</strong></span> <span class='ocrx_word' id='word_1_472' title='bbox 3065 1661 3300 1716; x_wconf 84' lang='lat' dir='ltr'><strong>persona</strong></span> <span class='ocrx_word' id='word_1_473' title='bbox 3342 1649 3470 1702; x_wconf 84' lang='lat' dir='ltr'><strong>uni-</strong></span> 
     </span>
     <span class='ocr_line' id='line_1_62' title="bbox 1886 1729 3468 1806; baseline 0.008 -22"><span class='ocrx_word' id='word_1_474' title='bbox 1886 1745 2058 1786; x_wconf 69' lang='lat' dir='ltr'><strong>versa:</strong></span> <span class='ocrx_word' id='word_1_475' title='bbox 2099 1729 2466 1788; x_wconf 87' lang='lat' dir='ltr'><strong>multitudinis</strong></span> <span class='ocrx_word' id='word_1_476' title='bbox 2515 1747 2728 1800; x_wconf 91' lang='lat' dir='ltr'><strong>eorum,</strong></span> <span class='ocrx_word' id='word_1_477' title='bbox 2779 1750 3014 1806; x_wconf 88' lang='lat' dir='ltr'><strong>quorum</strong></span> <span class='ocrx_word' id='word_1_478' title='bbox 3064 1748 3169 1806; x_wconf 85' lang='lat' dir='ltr'><strong>est,</strong></span> <span class='ocrx_word' id='word_1_479' title='bbox 3212 1740 3296 1796; x_wconf 84' lang='lat' dir='ltr'><strong>vel</strong></span> <span class='ocrx_word' id='word_1_480' title='bbox 3343 1756 3468 1797; x_wconf 84' lang='lat' dir='ltr'><strong>esse</strong></span> 
     </span>
     <span class='ocr_line' id='line_1_63' title="bbox 1884 1821 3466 1903; baseline 0.006 -26"><span class='ocrx_word' id='word_1_481' title='bbox 1884 1821 2047 1878; x_wconf 89' lang='lat' dir='ltr'><strong>debet</strong></span> <span class='ocrx_word' id='word_1_482' title='bbox 2074 1837 2171 1878; x_wconf 90' lang='lat' dir='ltr'><strong>cor</strong></span> <span class='ocrx_word' id='word_1_483' title='bbox 2197 1838 2388 1889; x_wconf 90' lang='lat' dir='ltr'><strong>unum,</strong></span> <span class='ocrx_word' id='word_1_484' title='bbox 2432 1834 2486 1878; x_wconf 91' lang='lat' dir='ltr'><strong>et</strong></span> <span class='ocrx_word' id='word_1_485' title='bbox 2529 1825 2714 1881; x_wconf 85' lang='lat' dir='ltr'><strong>anima</strong></span> <span class='ocrx_word' id='word_1_486' title='bbox 2741 1843 2872 1895; x_wconf 88' lang='lat' dir='ltr'><strong>una,</strong></span> <span class='ocrx_word' id='word_1_487' title='bbox 2909 1828 3023 1885; x_wconf 76' lang='lat' dir='ltr'><strong>sive</strong></span> <span class='ocrx_word' id='word_1_488' title='bbox 3048 1845 3193 1885; x_wconf 89' lang='lat' dir='ltr'><strong>unus</strong></span> <span class='ocrx_word' id='word_1_489' title='bbox 3217 1831 3466 1903; x_wconf 79' lang='lat' dir='ltr'><strong>spirituS,</strong></span> 
     </span>
     <span class='ocr_line' id='line_1_64' title="bbox 1884 1915 3464 1992; baseline 0.007 -23"><span class='ocrx_word' id='word_1_490' title='bbox 1884 1923 1941 1970; x_wconf 91' lang='lat' dir='ltr'><strong>et</strong></span> <span class='ocrx_word' id='word_1_491' title='bbox 1983 1931 2094 1971; x_wconf 91' lang='lat' dir='ltr'><strong>una</strong></span> <span class='ocrx_word' id='word_1_492' title='bbox 2144 1915 2300 1983; x_wconf 82' lang='lat' dir='ltr'><strong>fides,</strong></span> <span class='ocrx_word' id='word_1_493' title='bbox 2349 1917 2556 1984; x_wconf 86' lang='lat' dir='ltr'><strong>statim,</strong></span> <span class='ocrx_word' id='word_1_494' title='bbox 2590 1920 2837 1991; x_wconf 88' lang='lat' dir='ltr'><strong>inquam,</strong></span> <span class='ocrx_word' id='word_1_495' title='bbox 2892 1922 3246 1992; x_wconf 83' lang='lat' dir='ltr'><strong>singulariter</strong></span> <span class='ocrx_word' id='word_1_496' title='bbox 3283 1925 3464 1980; x_wconf 87' lang='lat' dir='ltr'><strong>dixit:</strong></span> 
     </span>
     <span class='ocr_line' id='line_1_65' title="bbox 1886 2004 3162 2084; baseline 0.005 -23"><span class='ocrx_word' id='word_1_497' title='bbox 1886 2004 1919 2060; x_wconf 88' lang='lat'><em>1</em></span> <span class='ocrx_word' id='word_1_498' title='bbox 1921 2022 1957 2061; x_wconf 81' lang='lat' dir='ltr'><strong>n</strong></span> <span class='ocrx_word' id='word_1_499' title='bbox 1975 2024 2102 2079; x_wconf 82' lang='lat' dir='ltr'><strong>pace</strong></span> <span class='ocrx_word' id='word_1_500' title='bbox 2128 2008 2183 2062; x_wconf 81' lang='lat' dir='ltr'><strong>in</strong></span> <span class='ocrx_word' id='word_1_501' title='bbox 2208 2008 2441 2080; x_wconf 84' lang='lat' dir='ltr'><strong>idipsum</strong></span> <span class='ocrx_word' id='word_1_502' title='bbox 2461 2010 2725 2065; x_wconf 83' lang='lat' dir='ltr'><strong>dormiam</strong></span> <span class='ocrx_word' id='word_1_503' title='bbox 2743 2021 2794 2066; x_wconf 83' lang='lat' dir='ltr'><strong>et</strong></span> <span class='ocrx_word' id='word_1_504' title='bbox 2823 2014 3162 2084; x_wconf 84' lang='lat' dir='ltr'><strong>requiescam.</strong></span> 
     </span>
    </p>

    <p class='ocr_par' dir='ltr' id='par_1_12' title="bbox 1886 2095 3469 2263">
     <span class='ocr_line' id='line_1_66' title="bbox 1955 2095 3469 2170; baseline 0.006 -17"><span class='ocrx_word' id='word_1_505' title='bbox 1955 2095 2143 2154; x_wconf 89' lang='lat' dir='ltr'><strong>Potest</strong></span> <span class='ocrx_word' id='word_1_506' title='bbox 2188 2100 2408 2170; x_wconf 90' lang='lat' dir='ltr'><strong>quidem</strong></span> <span class='ocrx_word' id='word_1_507' title='bbox 2451 2100 2519 2156; x_wconf 88' lang='lat' dir='ltr'><strong>de</strong></span> <span class='ocrx_word' id='word_1_508' title='bbox 2556 2100 2826 2170; x_wconf 86' lang='lat' dir='ltr'><strong>reprobis,</strong></span> <span class='ocrx_word' id='word_1_509' title='bbox 2859 2103 2975 2159; x_wconf 79' lang='lat' dir='ltr'><strong>sive</strong></span> <span class='ocrx_word' id='word_1_510' title='bbox 2996 2105 3230 2161; x_wconf 87' lang='lat' dir='ltr'><strong>terrenis</strong></span> <span class='ocrx_word' id='word_1_511' title='bbox 3262 2104 3469 2162; x_wconf 88' lang='lat' dir='ltr'><strong>dictum</strong></span> 
     </span>
     <span class='ocr_line' id='line_1_67' title="bbox 1886 2191 2167 2263; baseline 0.004 -16"><span class='ocrx_word' id='word_1_512' title='bbox 1886 2191 2116 2263; x_wconf 85' lang='lat' dir='ltr'><strong>intelligi</strong></span> <span class='ocrx_word' id='word_1_513' title='bbox 2151 2210 2167 2248; x_wconf 93' lang='lat'><strong>:</strong></span> 
     </span>
    </p>

    <p class='ocr_par' dir='ltr' id='par_1_13' title="bbox 1886 2282 3473 3093">
     <span class='ocr_line' id='line_1_68' title="bbox 1957 2282 3469 2358; baseline 0.006 -20"><span class='ocrx_word' id='word_1_514' title='bbox 1957 2282 2123 2340; x_wconf 75' lang='lat' dir='ltr'><strong>Vens.</strong></span> <span class='ocrx_word' id='word_1_515' title='bbox 2157 2284 2212 2340; x_wconf 88' lang='lat'><strong>8.</strong></span> <span class='ocrx_word' id='word_1_516' title='bbox 2246 2285 2305 2339; x_wconf 78' lang='lat' dir='ltr'><strong>&#39;A</strong></span> <span class='ocrx_word' id='word_1_517' title='bbox 2356 2287 2536 2357; x_wconf 76' lang='lat' dir='ltr'><strong>[ructu</strong></span> <span class='ocrx_word' id='word_1_518' title='bbox 2578 2288 2854 2358; x_wconf 73' lang='lat' dir='ltr'><strong>frumenti,</strong></span> <span class='ocrx_word' id='word_1_519' title='bbox 2897 2298 2948 2345; x_wconf 84' lang='lat' dir='ltr'><strong>et</strong></span> <span class='ocrx_word' id='word_1_520' title='bbox 2985 2292 3114 2358; x_wconf 82' lang='lat' dir='ltr'><strong>vini,</strong></span> <span class='ocrx_word' id='word_1_521' title='bbox 3153 2303 3204 2347; x_wconf 88' lang='lat' dir='ltr'><strong>et</strong></span> <span class='ocrx_word' id='word_1_522' title='bbox 3250 2290 3350 2346; x_wconf 81' lang='lat' dir='ltr'><strong>olei</strong></span> <span class='ocrx_word' id='word_1_523' title='bbox 3384 2294 3469 2347; x_wconf 87' lang='lat' dir='ltr'><strong>sui</strong></span> 
     </span>
     <span class='ocr_line' id='line_1_69' title="bbox 1890 2376 3470 2456; baseline 0.006 -25"><span class='ocrx_word' id='word_1_524' title='bbox 1890 2376 2233 2449; x_wconf 81' lang='lat' dir='ltr'><strong>multiplicati</strong></span> <span class='ocrx_word' id='word_1_525' title='bbox 2259 2388 2404 2446; x_wconf 82' lang='lat' dir='ltr'><strong>sunt,</strong></span> <span class='ocrx_word' id='word_1_526' title='bbox 2444 2388 2505 2434; x_wconf 89' lang='lat' dir='ltr'><strong>ut</strong></span> <span class='ocrx_word' id='word_1_527' title='bbox 2530 2380 2602 2436; x_wconf 90' lang='lat' dir='ltr'><strong>sit</strong></span> <span class='ocrx_word' id='word_1_528' title='bbox 2628 2395 2824 2436; x_wconf 84' lang='lat' dir='ltr'><strong>sensus</strong></span> <span class='ocrx_word' id='word_1_529' title='bbox 2853 2382 3291 2453; x_wconf 83' lang='lat' dir='ltr'><strong>vituperationis,</strong></span> <span class='ocrx_word' id='word_1_530' title='bbox 3319 2386 3470 2456; x_wconf 86' lang='lat' dir='ltr'><strong>quod</strong></span> 
     </span>
     <span class='ocr_line' id='line_1_70' title="bbox 1886 2469 3471 2545; baseline 0.008 -23"><span class='ocrx_word' id='word_1_531' title='bbox 1886 2469 2231 2538; x_wconf 82' lang='lat' dir='ltr'><strong>gratulentur</strong></span> <span class='ocrx_word' id='word_1_532' title='bbox 2258 2470 2531 2541; x_wconf 85' lang='lat' dir='ltr'><strong>ejusmodi</strong></span> <span class='ocrx_word' id='word_1_533' title='bbox 2559 2491 2572 2527; x_wconf 90' lang='lat'><strong>:</strong></span> <span class='ocrx_word' id='word_1_534' title='bbox 2615 2474 2742 2543; x_wconf 83' lang='lat' dir='ltr'><strong>quia</strong></span> <span class='ocrx_word' id='word_1_535' title='bbox 2772 2474 3114 2545; x_wconf 80' lang='lat' dir='ltr'><strong>multiplicati</strong></span> <span class='ocrx_word' id='word_1_536' title='bbox 3147 2489 3270 2532; x_wconf 82' lang='lat' dir='ltr'><strong>sunt</strong></span> <span class='ocrx_word' id='word_1_537' title='bbox 3299 2492 3330 2532; x_wconf 98' lang='lat' dir='ltr'><strong>a</strong></span> <span class='ocrx_word' id='word_1_538' title='bbox 3358 2487 3471 2535; x_wconf 90' lang='lat' dir='ltr'><strong>ter-</strong></span> 
     </span>
     <span class='ocr_line' id='line_1_71' title="bbox 1887 2559 3472 2624; baseline 0.006 -9"><span class='ocrx_word' id='word_1_539' title='bbox 1887 2560 2036 2615; x_wconf 87' lang='lat' dir='ltr'><strong>renis</strong></span> <span class='ocrx_word' id='word_1_540' title='bbox 2070 2559 2296 2617; x_wconf 79' lang='lat' dir='ltr'><strong>divitiis.</strong></span> <span class='ocrx_word' id='word_1_541' title='bbox 2346 2561 2450 2617; x_wconf 90' lang='lat' dir='ltr'><strong>Sed</strong></span> <span class='ocrx_word' id='word_1_542' title='bbox 2502 2563 2857 2621; x_wconf 88' lang='lat' dir='ltr'><strong>nihilominus</strong></span> <span class='ocrx_word' id='word_1_543' title='bbox 2887 2575 3111 2622; x_wconf 89' lang='lat' dir='ltr'><strong>econtra</strong></span> <span class='ocrx_word' id='word_1_544' title='bbox 3143 2569 3472 2624; x_wconf 81' lang='lat' dir='ltr'><strong>venerabili·</strong></span> 
     </span>
     <span class='ocr_line' id='line_1_72' title="bbox 1887 2652 3466 2728; baseline 0.006 -21"><span class='ocrx_word' id='word_1_545' title='bbox 1887 2659 1972 2707; x_wconf 91' lang='lat' dir='ltr'><strong>ter</strong></span> <span class='ocrx_word' id='word_1_546' title='bbox 2020 2652 2307 2724; x_wconf 86' lang='lat' dir='ltr'><strong>accipitur,</strong></span> <span class='ocrx_word' id='word_1_547' title='bbox 2357 2654 2505 2724; x_wconf 88' lang='lat' dir='ltr'><strong>quod</strong></span> <span class='ocrx_word' id='word_1_548' title='bbox 2554 2669 2620 2710; x_wconf 75' lang='lat' dir='ltr'><strong>ex</strong></span> <span class='ocrx_word' id='word_1_549' title='bbox 2664 2672 2729 2712; x_wconf 90' lang='lat' dir='ltr'><strong>eo</strong></span> <span class='ocrx_word' id='word_1_550' title='bbox 2775 2656 3117 2728; x_wconf 80' lang='lat' dir='ltr'><strong>multiplicati</strong></span> <span class='ocrx_word' id='word_1_551' title='bbox 3165 2660 3273 2714; x_wconf 84' lang='lat' dir='ltr'><strong>sint</strong></span> <span class='ocrx_word' id='word_1_552' title='bbox 3314 2661 3466 2726; x_wconf 87' lang='lat' dir='ltr'><strong>boni,</strong></span> 
     </span>
     <span class='ocr_line' id='line_1_73' title="bbox 1888 2746 3469 2821; baseline 0.007 -21"><span class='ocrx_word' id='word_1_553' title='bbox 1888 2746 2034 2816; x_wconf 89' lang='lat' dir='ltr'><strong>quod</strong></span> <span class='ocrx_word' id='word_1_554' title='bbox 2061 2746 2316 2803; x_wconf 88' lang='lat' dir='ltr'><strong>Christus</strong></span> <span class='ocrx_word' id='word_1_555' title='bbox 2345 2756 2608 2819; x_wconf 85' lang='lat' dir='ltr'><strong>tanquam</strong></span> <span class='ocrx_word' id='word_1_556' title='bbox 2640 2765 2869 2821; x_wconf 84' lang='lat' dir='ltr'><strong>granum</strong></span> <span class='ocrx_word' id='word_1_557' title='bbox 2899 2751 3153 2821; x_wconf 73' lang='lat' dir='ltr'><strong>frumenti</strong></span> <span class='ocrx_word' id='word_1_558' title='bbox 3181 2753 3382 2810; x_wconf 84' lang='lat' dir='ltr'><strong>cadens</strong></span> <span class='ocrx_word' id='word_1_559' title='bbox 3411 2755 3469 2810; x_wconf 79' lang='lat' dir='ltr'><strong>in</strong></span> 
     </span>
     <span class='ocr_line' id='line_1_74' title="bbox 1889 2841 3470 2913; baseline 0.004 -20"><span class='ocrx_word' id='word_1_560' title='bbox 1889 2847 2090 2894; x_wconf 84' lang='lat' dir='ltr'><strong>terram</strong></span> <span class='ocrx_word' id='word_1_561' title='bbox 2124 2848 2400 2895; x_wconf 85' lang='lat' dir='ltr'><strong>mortuum</strong></span> <span class='ocrx_word' id='word_1_562' title='bbox 2431 2841 2554 2908; x_wconf 80' lang='lat' dir='ltr'><strong>fuit,</strong></span> <span class='ocrx_word' id='word_1_563' title='bbox 2582 2853 2635 2897; x_wconf 91' lang='lat' dir='ltr'><strong>et</strong></span> <span class='ocrx_word' id='word_1_564' title='bbox 2684 2844 2793 2897; x_wconf 91' lang='lat' dir='ltr'><strong>duo</strong></span> <span class='ocrx_word' id='word_1_565' title='bbox 2839 2841 2963 2897; x_wconf 88' lang='lat' dir='ltr'><strong>data</strong></span> <span class='ocrx_word' id='word_1_566' title='bbox 3016 2841 3253 2913; x_wconf 89' lang='lat' dir='ltr'><strong>Spiritus</strong></span> <span class='ocrx_word' id='word_1_567' title='bbox 3296 2849 3470 2900; x_wconf 85' lang='lat' dir='ltr'><strong>sancti</strong></span> 
     </span>
     <span class='ocr_line' id='line_1_75' title="bbox 1888 2930 3473 3007; baseline 0.004 -22"><span class='ocrx_word' id='word_1_568' title='bbox 1888 2930 2058 2997; x_wconf 88' lang='lat' dir='ltr'><strong>dedit,</strong></span> <span class='ocrx_word' id='word_1_569' title='bbox 2109 2930 2178 2985; x_wconf 89' lang='lat' dir='ltr'><strong>de</strong></span> <span class='ocrx_word' id='word_1_570' title='bbox 2216 2931 2418 3002; x_wconf 89' lang='lat' dir='ltr'><strong>quibus</strong></span> <span class='ocrx_word' id='word_1_571' title='bbox 2459 2933 2574 3003; x_wconf 85' lang='lat' dir='ltr'><strong>jam</strong></span> <span class='ocrx_word' id='word_1_572' title='bbox 2617 2948 2762 3005; x_wconf 82' lang='lat' dir='ltr'><strong>saepe</strong></span> <span class='ocrx_word' id='word_1_573' title='bbox 2809 2934 3017 2990; x_wconf 90' lang='lat' dir='ltr'><strong>dictum</strong></span> <span class='ocrx_word' id='word_1_574' title='bbox 3062 2949 3168 3002; x_wconf 85' lang='lat' dir='ltr'><strong>est,</strong></span> <span class='ocrx_word' id='word_1_575' title='bbox 3211 2943 3473 3007; x_wconf 82' lang='lat' dir='ltr'><strong>tanquam</strong></span> 
     </span>
     <span class='ocr_line' id='line_1_76' title="bbox 1889 3023 2501 3093; baseline 0.007 -16"><span class='ocrx_word' id='word_1_576' title='bbox 1889 3023 2123 3093; x_wconf 74' lang='lat' dir='ltr'><strong>[ructum</strong></span> <span class='ocrx_word' id='word_1_577' title='bbox 2149 3025 2280 3092; x_wconf 79' lang='lat' dir='ltr'><strong>vini,</strong></span> <span class='ocrx_word' id='word_1_578' title='bbox 2303 3034 2354 3079; x_wconf 83' lang='lat' dir='ltr'><strong>et</strong></span> <span class='ocrx_word' id='word_1_579' title='bbox 2379 3023 2501 3081; x_wconf 79' lang='lat' dir='ltr'><strong>olei.</strong></span> 
     </span>
    </p>

    <p class='ocr_par' dir='ltr' id='par_1_14' title="bbox 1890 3114 3474 4395">
     <span class='ocr_line' id='line_1_77' title="bbox 1966 3114 3473 3192; baseline 0.005 -23"><span class='ocrx_word' id='word_1_580' title='bbox 1966 3114 2095 3172; x_wconf 82' lang='lat' dir='ltr'><strong>Haee</strong></span> <span class='ocrx_word' id='word_1_581' title='bbox 2125 3116 2332 3183; x_wconf 89' lang='lat' dir='ltr'><strong>unitas,</strong></span> <span class='ocrx_word' id='word_1_582' title='bbox 2382 3116 2497 3171; x_wconf 76' lang='lat' dir='ltr'><strong>sive</strong></span> <span class='ocrx_word' id='word_1_583' title='bbox 2532 3117 2906 3189; x_wconf 78' lang='lat' dir='ltr'><strong>singularitaS,</strong></span> <span class='ocrx_word' id='word_1_584' title='bbox 2951 3135 3074 3189; x_wconf 81' lang='lat' dir='ltr'><strong>quae</strong></span> <span class='ocrx_word' id='word_1_585' title='bbox 3100 3119 3156 3175; x_wconf 89' lang='lat' dir='ltr'><strong>in</strong></span> <span class='ocrx_word' id='word_1_586' title='bbox 3193 3121 3300 3175; x_wconf 90' lang='lat' dir='ltr'><strong>isto</strong></span> <span class='ocrx_word' id='word_1_587' title='bbox 3328 3122 3473 3192; x_wconf 88' lang='lat' dir='ltr'><strong>psal-</strong></span> 
     </span>
     <span class='ocr_line' id='line_1_78' title="bbox 1890 3205 3470 3278; baseline 0 -16"><span class='ocrx_word' id='word_1_588' title='bbox 1890 3221 2007 3273; x_wconf 89' lang='lat' dir='ltr'><strong>m0,</strong></span> <span class='ocrx_word' id='word_1_589' title='bbox 2033 3218 2086 3261; x_wconf 84' lang='lat' dir='ltr'><strong>et</strong></span> <span class='ocrx_word' id='word_1_590' title='bbox 2116 3205 2170 3261; x_wconf 85' lang='lat' dir='ltr'><strong>in</strong></span> <span class='ocrx_word' id='word_1_591' title='bbox 2197 3207 2477 3276; x_wconf 45' lang='lat' dir='ltr'><strong>plerisqnu</strong></span> <span class='ocrx_word' id='word_1_592' title='bbox 2505 3221 2822 3262; x_wconf 57' lang='lat' dir='ltr'><strong>tsstl&#39;*l=.!l&#39;t=l·l.lltl</strong></span> <span class='ocrx_word' id='word_1_593' title='bbox 2881 3210 3142 3278; x_wconf 66' lang='lat' dir='ltr'><strong>loquitur,</strong></span> <span class='ocrx_word' id='word_1_594' title='bbox 3202 3214 3314 3278; x_wconf 44' lang='lat' dir='ltr'><strong>ipsa</strong></span> <span class='ocrx_word' id='word_1_595' title='bbox 3366 3226 3470 3278; x_wconf 59' lang='lat' dir='ltr'><strong>vsi,</strong></span> 
     </span>
     <span class='ocr_line' id='line_1_79' title="bbox 1890 3300 3470 3374; baseline 0 -20"><span class='ocrx_word' id='word_1_596' title='bbox 1890 3314 2055 3371; x_wconf 80' lang='lat' dir='ltr'><strong>quam</strong></span> <span class='ocrx_word' id='word_1_597' title='bbox 2085 3300 2393 3371; x_wconf 61' lang='lat' dir='ltr'><strong>postulabat</strong></span> <span class='ocrx_word' id='word_1_598' title='bbox 2425 3302 2537 3370; x_wconf 61' lang='lat' dir='ltr'><strong>issi-:J</strong></span> <span class='ocrx_word' id='word_1_599' title='bbox 2573 3302 2829 3354; x_wconf 67' lang='lat' dir='ltr'><strong>i&#39;ll‘itnimls</strong></span> <span class='ocrx_word' id='word_1_600' title='bbox 2865 3302 3118 3358; x_wconf 51' lang='lat' dir='ltr'><strong>[Inritatus</strong></span> <span class='ocrx_word' id='word_1_601' title='bbox 3146 3306 3262 3374; x_wconf 53' lang='lat' dir='ltr'><strong>ipsa</strong></span> <span class='ocrx_word' id='word_1_602' title='bbox 3294 3318 3470 3370; x_wconf 56' lang='lat' dir='ltr'><strong>stricta,</strong></span> 
     </span>
     <span class='ocr_line' id='line_1_80' title="bbox 1891 3390 3470 3466; baseline 0.005 -24"><span class='ocrx_word' id='word_1_603' title='bbox 1891 3404 2000 3461; x_wconf 87' lang='lat' dir='ltr'><strong>qua</strong></span> <span class='ocrx_word' id='word_1_604' title='bbox 2042 3390 2373 3446; x_wconf 77' lang='lat' dir='ltr'><strong>tradebatur.</strong></span> <span class='ocrx_word' id='word_1_605' title='bbox 2425 3418 2437 3442; x_wconf 72' lang='grc' dir='ltr'>ι</span> <span class='ocrx_word' id='word_1_606' title='bbox 2475 3390 2633 3446; x_wconf 63' lang='lat' dir='ltr'><strong>Fului*</strong></span> <span class='ocrx_word' id='word_1_607' title='bbox 2681 3406 2905 3446; x_wconf 60' lang='lat' dir='ltr'><strong>ffiinrlr:</strong></span> <span class='ocrx_word' id='word_1_608' title='bbox 2953 3414 2965 3442; x_wconf 66' lang='lat' dir='ltr'><strong>l</strong></span> <span class='ocrx_word' id='word_1_609' title='bbox 3026 3398 3214 3466; x_wconf 72' lang='lat' dir='ltr'><strong>inquil,</strong></span> <span class='ocrx_word' id='word_1_610' title='bbox 3254 3418 3270 3446; x_wconf 81' lang='grc' dir='ltr'>ι</span> <span class='ocrx_word' id='word_1_611' title='bbox 3318 3414 3470 3450; x_wconf 59' lang='lat' dir='ltr'><strong>scrin</strong></span> 
     </span>
     <span class='ocr_line' id='line_1_81' title="bbox 1890 3484 3470 3554; baseline 0.004 -15"><span class='ocrx_word' id='word_1_612' title='bbox 1890 3498 1988 3540; x_wconf 83' lang='lat' dir='ltr'><strong>eos</strong></span> <span class='ocrx_word' id='word_1_613' title='bbox 2017 3484 2072 3538; x_wconf 88' lang='lat' dir='ltr'><strong>in</strong></span> <span class='ocrx_word' id='word_1_614' title='bbox 2104 3484 2325 3540; x_wconf 72' lang='lat' dir='ltr'><strong>nomine.</strong></span> <span class='ocrx_word' id='word_1_615' title='bbox 2361 3494 2473 3550; x_wconf 66' lang='lat' dir='ltr'><strong>ltin,</strong></span> <span class='ocrx_word' id='word_1_616' title='bbox 2505 3506 2641 3554; x_wconf 58' lang='lat' dir='ltr'><strong>iliius</strong></span> <span class='ocrx_word' id='word_1_617' title='bbox 2669 3486 2865 3542; x_wconf 55' lang='lat' dir='ltr'><strong>dimisti</strong></span> <span class='ocrx_word' id='word_1_618' title='bbox 2901 3490 3054 3554; x_wconf 70' lang='lat' dir='ltr'><strong>milii,</strong></span> <span class='ocrx_word' id='word_1_619' title='bbox 3086 3502 3138 3542; x_wconf 79' lang='lat' dir='ltr'><strong>ul</strong></span> <span class='ocrx_word' id='word_1_620' title='bbox 3170 3493 3278 3546; x_wconf 60' lang='lat' dir='ltr'><strong>sirit</strong></span> <span class='ocrx_word' id='word_1_621' title='bbox 3302 3510 3470 3546; x_wconf 73' lang='lat' dir='ltr'><strong>ultimi</strong></span> 
     </span>
     <span class='ocr_line' id='line_1_82' title="bbox 1893 3577 3474 3658; baseline 0.008 -27"><span class='ocrx_word' id='word_1_622' title='bbox 1893 3577 2036 3633; x_wconf 88' lang='lat' dir='ltr'><strong>sicut</strong></span> <span class='ocrx_word' id='word_1_623' title='bbox 2063 3587 2118 3634; x_wconf 85' lang='lat' dir='ltr'><strong>et</strong></span> <span class='ocrx_word' id='word_1_624' title='bbox 2145 3595 2244 3636; x_wconf 89' lang='lat' dir='ltr'><strong>nos</strong></span> <span class='ocrx_word' id='word_1_625' title='bbox 2276 3580 2457 3649; x_wconf 57' lang='lat' dir='ltr'><strong>(itura,</strong></span> <span class='ocrx_word' id='word_1_626' title='bbox 2493 3602 2621 3642; x_wconf 59' lang='lat' dir='ltr'><strong>stri,</strong></span> <span class='ocrx_word' id='word_1_627' title='bbox 2665 3586 2765 3650; x_wconf 72' lang='lat' dir='ltr'><strong>llJ.</strong></span> <span class='ocrx_word' id='word_1_628' title='bbox 2813 3606 2825 3634; x_wconf 78' lang='grc' dir='ltr'>ι</span> <span class='ocrx_word' id='word_1_629' title='bbox 2865 3578 2992 3642; x_wconf 66' lang='grc' dir='ltr'><strong>Ιιιῆη</strong></span> <span class='ocrx_word' id='word_1_630' title='bbox 3038 3610 3050 3637; x_wconf 70' lang='grc' dir='ltr'><strong>ι</strong></span> <span class='ocrx_word' id='word_1_631' title='bbox 3090 3606 3198 3642; x_wconf 69' lang='lat' dir='ltr'><strong>nnn</strong></span> <span class='ocrx_word' id='word_1_632' title='bbox 3253 3606 3350 3658; x_wconf 70' lang='lat' dir='ltr'><strong>pru}</strong></span> <span class='ocrx_word' id='word_1_633' title='bbox 3386 3590 3474 3642; x_wconf 63' lang='lat' dir='ltr'><strong>liis.</strong></span> 
     </span>
     <span class='ocr_line' id='line_1_83' title="bbox 1891 3673 3470 3750; baseline 0.006 -25"><span class='ocrx_word' id='word_1_634' title='bbox 1891 3681 2096 3739; x_wconf 81' lang='lat' dir='ltr'><strong>autem,</strong></span> <span class='ocrx_word' id='word_1_635' title='bbox 2133 3690 2153 3724; x_wconf 76' lang='grc' dir='ltr'><strong><em>ι</em></strong></span> <span class='ocrx_word' id='word_1_636' title='bbox 2190 3673 2288 3741; x_wconf 81' lang='lat' dir='ltr'><strong>ait,</strong></span> <span class='ocrx_word' id='word_1_637' title='bbox 2325 3694 2341 3722; x_wconf 81' lang='grc' dir='ltr'>ι</span> <span class='ocrx_word' id='word_1_638' title='bbox 2385 3694 2513 3746; x_wconf 61' lang='lat' dir='ltr'><strong>rugit</strong></span> <span class='ocrx_word' id='word_1_639' title='bbox 2549 3686 2781 3742; x_wconf 67' lang='lat' dir='ltr'><strong>inritum,</strong></span> <span class='ocrx_word' id='word_1_640' title='bbox 2833 3678 2921 3730; x_wconf 62' lang='lat' dir='ltr'><strong>sm!</strong></span> <span class='ocrx_word' id='word_1_641' title='bbox 2977 3693 3026 3730; x_wconf 63' lang='lat' dir='ltr'><strong>el</strong></span> <span class='ocrx_word' id='word_1_642' title='bbox 3082 3697 3182 3746; x_wconf 72' lang='lat' dir='ltr'><strong>pru</strong></span> <span class='ocrx_word' id='word_1_643' title='bbox 3230 3682 3326 3741; x_wconf 67' lang='lat' dir='ltr'><strong>ris.</strong></span> <span class='ocrx_word' id='word_1_644' title='bbox 3378 3686 3470 3750; x_wconf 71' lang='lat' dir='ltr'><strong>qul</strong></span> 
     </span>
     <span class='ocr_line' id='line_1_84' title="bbox 1891 3763 3473 3834; baseline 0.006 -16"><span class='ocrx_word' id='word_1_645' title='bbox 1891 3763 2152 3819; x_wconf 80' lang='lat' dir='ltr'><strong>credituri</strong></span> <span class='ocrx_word' id='word_1_646' title='bbox 2179 3774 2309 3822; x_wconf 85' lang='lat' dir='ltr'><strong>sunt</strong></span> <span class='ocrx_word' id='word_1_647' title='bbox 2337 3782 2429 3834; x_wconf 64' lang='lat' dir='ltr'><strong>prr</strong></span> <span class='ocrx_word' id='word_1_648' title='bbox 2465 3770 2685 3822; x_wconf 62' lang='lat' dir='ltr'><strong>rer-laam</strong></span> <span class='ocrx_word' id='word_1_649' title='bbox 2721 3786 2909 3822; x_wconf 68' lang='lat' dir='ltr'><strong>rmum</strong></span> <span class='ocrx_word' id='word_1_650' title='bbox 2941 3772 2994 3826; x_wconf 81' lang='lat' dir='ltr'><strong>in</strong></span> <span class='ocrx_word' id='word_1_651' title='bbox 3030 3790 3150 3826; x_wconf 66' lang='lat' dir='ltr'><strong>nic:</strong></span> <span class='ocrx_word' id='word_1_652' title='bbox 3186 3782 3246 3826; x_wconf 77' lang='lat' dir='ltr'><strong>ut.</strong></span> <span class='ocrx_word' id='word_1_653' title='bbox 3282 3790 3473 3830; x_wconf 66' lang='lat' dir='ltr'><strong>[lintres</strong></span> 
     </span>
     <span class='ocr_line' id='line_1_85' title="bbox 1893 3857 3474 3930; baseline 0.005 -19"><span class='ocrx_word' id='word_1_654' title='bbox 1893 3873 2064 3912; x_wconf 86' lang='lat' dir='ltr'><strong>unum</strong></span> <span class='ocrx_word' id='word_1_655' title='bbox 2093 3857 2226 3922; x_wconf 81' lang='lat' dir='ltr'><strong>sint,</strong></span> <span class='ocrx_word' id='word_1_656' title='bbox 2262 3859 2325 3913; x_wconf 64' lang='lat' dir='ltr'><strong>sir</strong></span> <span class='ocrx_word' id='word_1_657' title='bbox 2349 3870 2401 3910; x_wconf 79' lang='lat' dir='ltr'><strong>nl</strong></span> <span class='ocrx_word' id='word_1_658' title='bbox 2437 3870 2489 3910; x_wconf 80' lang='lat' dir='ltr'><strong>lu</strong></span> <span class='ocrx_word' id='word_1_659' title='bbox 2529 3862 2705 3914; x_wconf 57' lang='lat' dir='ltr'><strong>Putria</strong></span> <span class='ocrx_word' id='word_1_660' title='bbox 2733 3862 2785 3914; x_wconf 76' lang='lat' dir='ltr'><strong>iti</strong></span> <span class='ocrx_word' id='word_1_661' title='bbox 2821 3878 2925 3922; x_wconf 63' lang='lat' dir='ltr'><strong>tur,</strong></span> <span class='ocrx_word' id='word_1_662' title='bbox 2961 3874 3010 3914; x_wconf 63' lang='lat' dir='ltr'><strong>ill</strong></span> <span class='ocrx_word' id='word_1_663' title='bbox 3042 3882 3142 3930; x_wconf 56' lang='lat' dir='ltr'><strong>‘&#39;a‘&#39;</strong></span> <span class='ocrx_word' id='word_1_664' title='bbox 3190 3866 3242 3918; x_wconf 76' lang='lat' dir='ltr'><strong>iu</strong></span> <span class='ocrx_word' id='word_1_665' title='bbox 3294 3878 3362 3930; x_wconf 64' lang='lat' dir='ltr'><strong>le,</strong></span> <span class='ocrx_word' id='word_1_666' title='bbox 3414 3876 3474 3918; x_wconf 78' lang='lat' dir='ltr'><strong>tlt</strong></span> 
     </span>
     <span class='ocr_line' id='line_1_86' title="bbox 1892 3946 3466 4018; baseline 0.002 -15"><span class='ocrx_word' id='word_1_667' title='bbox 1892 3956 1947 4003; x_wconf 87' lang='lat' dir='ltr'><strong>et</strong></span> <span class='ocrx_word' id='word_1_668' title='bbox 1992 3946 2095 4018; x_wconf 79' lang='lat' dir='ltr'><strong>ipsi</strong></span> <span class='ocrx_word' id='word_1_669' title='bbox 2140 3947 2195 4004; x_wconf 86' lang='lat' dir='ltr'><strong>in</strong></span> <span class='ocrx_word' id='word_1_670' title='bbox 2239 3950 2397 4003; x_wconf 66' lang='lat' dir='ltr'><strong>nohis</strong></span> <span class='ocrx_word' id='word_1_671' title='bbox 2433 3966 2597 4002; x_wconf 77' lang='lat' dir='ltr'><strong>lltllltt&#39;t</strong></span> <span class='ocrx_word' id='word_1_672' title='bbox 2645 3954 2773 4014; x_wconf 54' lang='lat' dir='ltr'><strong>sitit,</strong></span> <span class='ocrx_word' id='word_1_673' title='bbox 2809 3966 2913 4006; x_wconf 55' lang='lat' dir='ltr'><strong>clu,</strong></span> <span class='ocrx_word' id='word_1_674' title='bbox 2969 3954 3146 4018; x_wconf 53' lang='lat' dir='ltr'><strong>fissili„</strong></span> <span class='ocrx_word' id='word_1_675' title='bbox 3178 3958 3262 4018; x_wconf 62' lang='lat' dir='ltr'><strong>illl,</strong></span> <span class='ocrx_word' id='word_1_676' title='bbox 3294 3958 3406 4018; x_wconf 57' lang='grc' dir='ltr'><strong>ἐι.)</strong></span> <span class='ocrx_word' id='word_1_677' title='bbox 3450 3982 3466 4006; x_wconf 68' lang='lat' dir='ltr'><strong>i</strong></span> 
     </span>
     <span class='ocr_line' id='line_1_87' title="bbox 1892 4039 3470 4111; baseline 0.006 -17"><span class='ocrx_word' id='word_1_678' title='bbox 1892 4055 2016 4109; x_wconf 79' lang='lat' dir='ltr'><strong>quae</strong></span> <span class='ocrx_word' id='word_1_679' title='bbox 2052 4039 2126 4094; x_wconf 89' lang='lat' dir='ltr'><strong>ita</strong></span> <span class='ocrx_word' id='word_1_680' title='bbox 2155 4040 2325 4095; x_wconf 77' lang='lat' dir='ltr'><strong>linivit</strong></span> <span class='ocrx_word' id='word_1_681' title='bbox 2357 4062 2369 4095; x_wconf 72' lang='grc' dir='ltr'><strong><em>ε</em></strong></span> <span class='ocrx_word' id='word_1_682' title='bbox 2417 4063 2429 4091; x_wconf 70' lang='lat' dir='ltr'><strong>t</strong></span> <span class='ocrx_word' id='word_1_683' title='bbox 2473 4042 2537 4095; x_wconf 77' lang='lat' dir='ltr'><strong>[l</strong></span> <span class='ocrx_word' id='word_1_684' title='bbox 2569 4044 2805 4107; x_wconf 56' lang='lat' dir='ltr'><strong>illicereris,</strong></span> <span class='ocrx_word' id='word_1_685' title='bbox 2847 4062 2949 4111; x_wconf 68' lang='grc' dir='ltr'><strong>ιμιῂ</strong></span> <span class='ocrx_word' id='word_1_686' title='bbox 2990 4046 3222 4099; x_wconf 58' lang='grc' dir='ltr'><strong>ιἙῑΙῆ-,ιῑεεεὸ</strong></span> <span class='ocrx_word' id='word_1_687' title='bbox 3258 4066 3362 4111; x_wconf 65' lang='grc' dir='ltr'><strong>ηιμ,</strong></span> <span class='ocrx_word' id='word_1_688' title='bbox 3418 4054 3470 4103; x_wconf 77' lang='lat' dir='ltr'><strong>iu</strong></span> 
     </span>
     <span class='ocr_line' id='line_1_88' title="bbox 1894 4132 3470 4207; baseline 0.004 -19"><span class='ocrx_word' id='word_1_689' title='bbox 1894 4132 2029 4203; x_wconf 70' lang='lat' dir='ltr'><strong>ipsis</strong></span> <span class='ocrx_word' id='word_1_690' title='bbox 2063 4133 2153 4199; x_wconf 88' lang='lat' dir='ltr'><strong>sit,</strong></span> <span class='ocrx_word' id='word_1_691' title='bbox 2181 4143 2233 4187; x_wconf 83' lang='lat' dir='ltr'><strong>et</strong></span> <span class='ocrx_word' id='word_1_692' title='bbox 2262 4149 2361 4206; x_wconf 61' lang='lat' dir='ltr'><strong>egri</strong></span> <span class='ocrx_word' id='word_1_693' title='bbox 2393 4139 2441 4187; x_wconf 78' lang='lat' dir='ltr'><strong>in</strong></span> <span class='ocrx_word' id='word_1_694' title='bbox 2493 4139 2621 4203; x_wconf 57' lang='lat' dir='ltr'><strong>ipsis</strong></span> <span class='ocrx_word' id='word_1_695' title='bbox 2653 4139 2829 4207; x_wconf 49' lang='lat' dir='ltr'><strong>tiliis,</strong></span> <span class='ocrx_word' id='word_1_696' title='bbox 2857 4139 2969 4195; x_wconf 49' lang='lat' dir='ltr'><strong>*illl*</strong></span> <span class='ocrx_word' id='word_1_697' title='bbox 3014 4159 3030 4189; x_wconf 70' lang='lat' dir='ltr'><strong>r</strong></span> <span class='ocrx_word' id='word_1_698' title='bbox 3070 4143 3242 4203; x_wconf 64' lang='lat' dir='ltr'><strong>Quium</strong></span> <span class='ocrx_word' id='word_1_699' title='bbox 3278 4139 3470 4195; x_wconf 50' lang='lat' dir='ltr'><strong>rideli-</strong></span> 
     </span>
     <span class='ocr_line' id='line_1_89' title="bbox 1895 4224 3466 4295; baseline 0.003 -14"><span class='ocrx_word' id='word_1_700' title='bbox 1895 4235 1980 4281; x_wconf 83' lang='lat' dir='ltr'><strong>cet</strong></span> <span class='ocrx_word' id='word_1_701' title='bbox 2009 4224 2353 4281; x_wconf 79' lang='lat' dir='ltr'><strong>dilectionem</strong></span> <span class='ocrx_word' id='word_1_702' title='bbox 2389 4247 2495 4283; x_wconf 58' lang='lat' dir='ltr'><strong>:tritt</strong></span> <span class='ocrx_word' id='word_1_703' title='bbox 2537 4227 2701 4291; x_wconf 70' lang='lat' dir='ltr'><strong>aliud,</strong></span> <span class='ocrx_word' id='word_1_704' title='bbox 2733 4247 2893 4295; x_wconf 64' lang='lat' dir='ltr'><strong>quirin</strong></span> <span class='ocrx_word' id='word_1_705' title='bbox 2925 4227 3190 4295; x_wconf 52' lang='lat' dir='ltr'><strong>Spiritum</strong></span> <span class='ocrx_word' id='word_1_706' title='bbox 3218 4239 3466 4287; x_wconf 55' lang='lat' dir='ltr'><strong>&amp;illirium</strong></span> 
     </span>
     <span class='ocr_line' id='line_1_90' title="bbox 1894 4323 3470 4395; baseline 0 -20"><span class='ocrx_word' id='word_1_707' title='bbox 1894 4331 2109 4390; x_wconf 74' lang='lat' dir='ltr'><strong>oportet</strong></span> <span class='ocrx_word' id='word_1_708' title='bbox 2156 4323 2401 4395; x_wconf 62' lang='lat' dir='ltr'><strong>intelligi,</strong></span> <span class='ocrx_word' id='word_1_709' title='bbox 2437 4323 2569 4375; x_wconf 66' lang='lat' dir='ltr'><strong>Elltll</strong></span> <span class='ocrx_word' id='word_1_710' title='bbox 2625 4323 2909 4391; x_wconf 52' lang='grc' dir='ltr'><strong>ἎμιῖιιτὲῑΙΛανΙ’ΝηΙῚ</strong></span> <span class='ocrx_word' id='word_1_711' title='bbox 2961 4323 3010 4375; x_wconf 76' lang='lat' dir='ltr'><strong>ill</strong></span> <span class='ocrx_word' id='word_1_712' title='bbox 3062 4339 3298 4391; x_wconf 60' lang='lat' dir='ltr'><strong>{luorum</strong></span> <span class='ocrx_word' id='word_1_713' title='bbox 3346 4343 3470 4391; x_wconf 47' lang='lat' dir='ltr'><strong>fult*-</strong></span> 
     </span>
    </p>
   </div>
   <div class='ocr_carea' id='block_1_11' title="bbox 210 4412 3470 4493">
    <p class='ocr_par' dir='ltr' id='par_1_15' title="bbox 210 4412 3470 4493">
     <span class='ocr_line' id='line_1_91' title="bbox 210 4412 3470 4493; baseline 0 -26"><span class='ocrx_word' id='word_1_714' title='bbox 210 4413 309 4467; x_wconf 87' lang='lat' dir='ltr'><strong>nia</strong></span> <span class='ocrx_word' id='word_1_715' title='bbox 332 4420 514 4468; x_wconf 90' lang='lat' dir='ltr'><strong>autem</strong></span> <span class='ocrx_word' id='word_1_716' title='bbox 529 4413 773 4469; x_wconf 89' lang='lat' dir='ltr'><strong>membra</strong></span> <span class='ocrx_word' id='word_1_717' title='bbox 801 4428 912 4469; x_wconf 92' lang='lat' dir='ltr'><strong>non</strong></span> <span class='ocrx_word' id='word_1_718' title='bbox 946 4412 1198 4469; x_wconf 90' lang='lat' dir='ltr'><strong>eumdem</strong></span> <span class='ocrx_word' id='word_1_719' title='bbox 1228 4422 1411 4469; x_wconf 87' lang='lat' dir='ltr'><strong>actum</strong></span> <span class='ocrx_word' id='word_1_720' title='bbox 1438 4413 1639 4469; x_wconf 90' lang='lat' dir='ltr'><strong>habent</strong></span> <span class='ocrx_word' id='word_1_721' title='bbox 1666 4432 1680 4469; x_wconf 75' lang='grc' dir='ltr'>ε</span> <span class='ocrx_word' id='word_1_722' title='bbox 1714 4412 1788 4468; x_wconf 91' lang='lat' dir='ltr'><strong>ita</strong></span> <span class='ocrx_word' id='word_1_723' title='bbox 1819 4437 1867 4493; x_wconf 77' lang='lat' dir='ltr'><strong>D</strong></span> <span class='ocrx_word' id='word_1_724' title='bbox 1896 4428 2036 4469; x_wconf 89' lang='lat' dir='ltr'><strong>sona</strong></span> <span class='ocrx_word' id='word_1_725' title='bbox 2062 4422 2312 4471; x_wconf 88' lang='lat' dir='ltr'><strong>cantatus</strong></span> <span class='ocrx_word' id='word_1_726' title='bbox 2345 4423 2425 4467; x_wconf 64' lang='lat' dir='ltr'><strong>cst</strong></span> <span class='ocrx_word' id='word_1_727' title='bbox 2461 4415 2545 4467; x_wconf 69' lang='lat' dir='ltr'><strong>lili:</strong></span> <span class='ocrx_word' id='word_1_728' title='bbox 2581 4415 2841 4483; x_wconf 63' lang='lat' dir='ltr'><strong>psalmis.</strong></span> <span class='ocrx_word' id='word_1_729' title='bbox 2877 4431 2973 4463; x_wconf 59' lang='lat' dir='ltr'><strong>ruffi</strong></span> <span class='ocrx_word' id='word_1_730' title='bbox 3006 4429 3222 4479; x_wconf 56' lang='lat' dir='ltr'><strong>qunque</strong></span> <span class='ocrx_word' id='word_1_731' title='bbox 3254 4427 3470 4479; x_wconf 62' lang='lat' dir='ltr'><strong>aptista-</strong></span> 
     </span>
    </p>
   </div>
   <div class='ocr_carea' id='block_1_12' title="bbox 173 4505 1794 5406">
    <p class='ocr_par' dir='ltr' id='par_1_16' title="bbox 173 4505 1794 5406">
     <span class='ocr_line' id='line_1_92' title="bbox 210 4505 1788 4579; baseline 0 -18"><span class='ocrx_word' id='word_1_732' title='bbox 210 4505 375 4561; x_wconf 87' lang='lat' dir='ltr'><strong>multi</strong></span> <span class='ocrx_word' id='word_1_733' title='bbox 421 4522 592 4562; x_wconf 88' lang='lat' dir='ltr'><strong>unum</strong></span> <span class='ocrx_word' id='word_1_734' title='bbox 626 4521 827 4579; x_wconf 89' lang='lat' dir='ltr'><strong>eorpus</strong></span> <span class='ocrx_word' id='word_1_735' title='bbox 851 4522 1044 4563; x_wconf 89' lang='lat' dir='ltr'><strong>sumus</strong></span> <span class='ocrx_word' id='word_1_736' title='bbox 1073 4507 1130 4561; x_wconf 88' lang='lat' dir='ltr'><strong>in</strong></span> <span class='ocrx_word' id='word_1_737' title='bbox 1164 4505 1405 4573; x_wconf 88' lang='lat' dir='ltr'><strong>Christo,</strong></span> <span class='ocrx_word' id='word_1_738' title='bbox 1457 4506 1659 4579; x_wconf 88' lang='lat' dir='ltr'><strong>singuli</strong></span> <span class='ocrx_word' id='word_1_739' title='bbox 1687 4521 1788 4561; x_wconf 90' lang='lat' dir='ltr'><strong>au-</strong></span> 
     </span>
     <span class='ocr_line' id='line_1_93' title="bbox 213 4597 1789 4656; baseline 0 -3"><span class='ocrx_word' id='word_1_740' title='bbox 213 4609 324 4653; x_wconf 89' lang='lat' dir='ltr'><strong>tem</strong></span> <span class='ocrx_word' id='word_1_741' title='bbox 354 4599 493 4654; x_wconf 92' lang='lat' dir='ltr'><strong>alter</strong></span> <span class='ocrx_word' id='word_1_742' title='bbox 521 4600 747 4656; x_wconf 88' lang='lat' dir='ltr'><strong>alterius</strong></span> <span class='ocrx_word' id='word_1_743' title='bbox 774 4597 1041 4654; x_wconf 88' lang='lat' dir='ltr'><strong>membra.</strong></span> <span class='ocrx_word' id='word_1_744' title='bbox 1090 4597 1364 4655; x_wconf 86' lang='lat' dir='ltr'><strong>Habentes</strong></span> <span class='ocrx_word' id='word_1_745' title='bbox 1405 4607 1586 4653; x_wconf 89' lang='lat' dir='ltr'><strong>autem</strong></span> <span class='ocrx_word' id='word_1_746' title='bbox 1613 4598 1789 4654; x_wconf 90' lang='lat' dir='ltr'><strong>dona·</strong></span> 
     </span>
     <span class='ocr_line' id='line_1_94' title="bbox 212 4690 1790 4764; baseline 0.001 -21"><span class='ocrx_word' id='word_1_747' title='bbox 212 4690 397 4746; x_wconf 89' lang='lat' dir='ltr'><strong>tiones</strong></span> <span class='ocrx_word' id='word_1_748' title='bbox 422 4691 723 4748; x_wconf 88' lang='lat' dir='ltr'><strong>secundum</strong></span> <span class='ocrx_word' id='word_1_749' title='bbox 750 4692 1005 4764; x_wconf 88' lang='lat' dir='ltr'><strong>gratiam,</strong></span> <span class='ocrx_word' id='word_1_750' title='bbox 1041 4707 1162 4762; x_wconf 84' lang='lat' dir='ltr'><strong>quae</strong></span> <span class='ocrx_word' id='word_1_751' title='bbox 1202 4690 1325 4746; x_wconf 89' lang='lat' dir='ltr'><strong>data</strong></span> <span class='ocrx_word' id='word_1_752' title='bbox 1356 4698 1440 4745; x_wconf 87' lang='lat' dir='ltr'><strong>est</strong></span> <span class='ocrx_word' id='word_1_753' title='bbox 1478 4690 1657 4757; x_wconf 87' lang='lat' dir='ltr'><strong>nobis,</strong></span> <span class='ocrx_word' id='word_1_754' title='bbox 1685 4690 1790 4745; x_wconf 80' lang='lat' dir='ltr'><strong>dif-</strong></span> 
     </span>
     <span class='ocr_line' id='line_1_95' title="bbox 210 4780 1788 4855; baseline 0.001 -20"><span class='ocrx_word' id='word_1_755' title='bbox 210 4781 477 4849; x_wconf 72' lang='lat' dir='ltr'><strong>ferenteS,</strong></span> <span class='ocrx_word' id='word_1_756' title='bbox 505 4783 621 4840; x_wconf 76' lang='lat' dir='ltr'><strong>sire</strong></span> <span class='ocrx_word' id='word_1_757' title='bbox 648 4784 989 4855; x_wconf 89' lang='lat' dir='ltr'><strong>prophetiam</strong></span> <span class='ocrx_word' id='word_1_758' title='bbox 1020 4782 1321 4839; x_wconf 87' lang='lat' dir='ltr'><strong>secundum</strong></span> <span class='ocrx_word' id='word_1_759' title='bbox 1353 4782 1619 4838; x_wconf 88' lang='lat' dir='ltr'><strong>rationem</strong></span> <span class='ocrx_word' id='word_1_760' title='bbox 1642 4780 1788 4849; x_wconf 84' lang='lat' dir='ltr'><strong>fldei,</strong></span> 
     </span>
     <span class='ocr_line' id='line_1_96' title="bbox 211 4873 1790 4945; baseline 0 -16"><span class='ocrx_word' id='word_1_761' title='bbox 211 4873 335 4930; x_wconf 82' lang='lat' dir='ltr'><strong>sive</strong></span> <span class='ocrx_word' id='word_1_762' title='bbox 368 4874 733 4931; x_wconf 89' lang='lat' dir='ltr'><strong>ministerium</strong></span> <span class='ocrx_word' id='word_1_763' title='bbox 763 4876 820 4930; x_wconf 93' lang='lat' dir='ltr'><strong>in</strong></span> <span class='ocrx_word' id='word_1_764' title='bbox 846 4874 1227 4940; x_wconf 87' lang='lat' dir='ltr'><strong>ministrando,</strong></span> <span class='ocrx_word' id='word_1_765' title='bbox 1257 4873 1372 4929; x_wconf 78' lang='lat' dir='ltr'><strong>sive</strong></span> <span class='ocrx_word' id='word_1_766' title='bbox 1418 4874 1513 4945; x_wconf 90' lang='lat' dir='ltr'><strong>qui</strong></span> <span class='ocrx_word' id='word_1_767' title='bbox 1551 4874 1707 4929; x_wconf 89' lang='lat' dir='ltr'><strong>docet</strong></span> <span class='ocrx_word' id='word_1_768' title='bbox 1735 4875 1790 4929; x_wconf 87' lang='lat' dir='ltr'><strong>in</strong></span> 
     </span>
     <span class='ocr_line' id='line_1_97' title="bbox 211 4965 1791 5038; baseline -0.001 -16"><span class='ocrx_word' id='word_1_769' title='bbox 211 4966 485 5033; x_wconf 85' lang='lat' dir='ltr'><strong>doctrina,</strong></span> <span class='ocrx_word' id='word_1_770' title='bbox 517 4969 611 5038; x_wconf 85' lang='lat' dir='ltr'><strong>qui</strong></span> <span class='ocrx_word' id='word_1_771' title='bbox 655 4967 977 5024; x_wconf 83' lang='lat' dir='ltr'><strong>exhortatur</strong></span> <span class='ocrx_word' id='word_1_772' title='bbox 1005 4966 1058 5021; x_wconf 90' lang='lat' dir='ltr'><strong>in</strong></span> <span class='ocrx_word' id='word_1_773' title='bbox 1098 4965 1453 5031; x_wconf 80' lang='lat' dir='ltr'><strong>exhortando,</strong></span> <span class='ocrx_word' id='word_1_774' title='bbox 1484 4966 1577 5036; x_wconf 89' lang='lat' dir='ltr'><strong>qui</strong></span> <span class='ocrx_word' id='word_1_775' title='bbox 1605 4967 1791 5022; x_wconf 89' lang='lat' dir='ltr'><strong>tribuit</strong></span> 
     </span>
     <span class='ocr_line' id='line_1_98' title="bbox 211 5056 1793 5130; baseline 0.001 -19"><span class='ocrx_word' id='word_1_776' title='bbox 211 5058 277 5112; x_wconf 83' lang='lat' dir='ltr'><strong>in</strong></span> <span class='ocrx_word' id='word_1_777' title='bbox 314 5058 684 5130; x_wconf 88' lang='lat' dir='ltr'><strong>simplicitate,</strong></span> <span class='ocrx_word' id='word_1_778' title='bbox 713 5059 808 5130; x_wconf 86' lang='lat' dir='ltr'><strong>qui</strong></span> <span class='ocrx_word' id='word_1_779' title='bbox 835 5067 1032 5129; x_wconf 84' lang='lat' dir='ltr'><strong>praeest</strong></span> <span class='ocrx_word' id='word_1_780' title='bbox 1058 5057 1113 5112; x_wconf 89' lang='lat' dir='ltr'><strong>in</strong></span> <span class='ocrx_word' id='word_1_781' title='bbox 1146 5056 1529 5123; x_wconf 82' lang='lat' dir='ltr'><strong>sollieitudine,</strong></span> <span class='ocrx_word' id='word_1_782' title='bbox 1560 5058 1654 5128; x_wconf 84' lang='lat' dir='ltr'><strong>qui</strong></span> <span class='ocrx_word' id='word_1_783' title='bbox 1690 5058 1793 5112; x_wconf 89' lang='lat' dir='ltr'><strong>mi-</strong></span> 
     </span>
     <span class='ocr_line' id='line_1_99' title="bbox 213 5147 1789 5205; baseline -0.002 -1"><span class='ocrx_word' id='word_1_784' title='bbox 213 5156 433 5204; x_wconf 82' lang='lat' dir='ltr'><strong>seretur</strong></span> <span class='ocrx_word' id='word_1_785' title='bbox 475 5148 533 5204; x_wconf 87' lang='lat' dir='ltr'><strong>in</strong></span> <span class='ocrx_word' id='word_1_786' title='bbox 575 5149 850 5205; x_wconf 86' lang='lat' dir='ltr'><strong>hilaritate</strong></span> <span class='ocrx_word' id='word_1_787' title='bbox 901 5168 914 5203; x_wconf 94' lang='lat'><strong>:</strong></span> <span class='ocrx_word' id='word_1_788' title='bbox 966 5147 1194 5203; x_wconf 84' lang='lat' dir='ltr'><strong>Dilectio</strong></span> <span class='ocrx_word' id='word_1_789' title='bbox 1232 5148 1349 5203; x_wconf 85' lang='lat' dir='ltr'><strong>sine</strong></span> <span class='ocrx_word' id='word_1_790' title='bbox 1398 5147 1789 5203; x_wconf 83' lang='lat' dir='ltr'><strong>simulatione:</strong></span> 
     </span>
     <span class='ocr_line' id='line_1_100' title="bbox 173 5239 1791 5309; baseline 0 -14"><span class='ocrx_word' id='word_1_791' title='bbox 173 5257 178 5265; x_wconf 92' lang='lat'><em>·</em></span> <span class='ocrx_word' id='word_1_792' title='bbox 215 5239 467 5298; x_wconf 88' lang='lat' dir='ltr'><strong>odientes</strong></span> <span class='ocrx_word' id='word_1_793' title='bbox 514 5243 738 5309; x_wconf 87' lang='lat' dir='ltr'><strong>malum,</strong></span> <span class='ocrx_word' id='word_1_794' title='bbox 790 5241 1130 5298; x_wconf 66' lang='lat' dir='ltr'><strong>adhaerentes</strong></span> <span class='ocrx_word' id='word_1_795' title='bbox 1159 5241 1348 5295; x_wconf 85' lang='lat' dir='ltr'><strong>bono:</strong></span> <span class='ocrx_word' id='word_1_796' title='bbox 1388 5240 1650 5296; x_wconf 87' lang='lat' dir='ltr'><strong>charitate</strong></span> <span class='ocrx_word' id='word_1_797' title='bbox 1678 5239 1791 5295; x_wconf 78' lang='lat' dir='ltr'><strong>sra-</strong></span> 
     </span>
     <span class='ocr_line' id='line_1_101' title="bbox 219 5314 1794 5406; baseline -0.002 -16"><span class='ocrx_word' id='word_1_798' title='bbox 219 5333 494 5390; x_wconf 78' lang='lat' dir='ltr'><strong>tet-nitatis</strong></span> <span class='ocrx_word' id='word_1_799' title='bbox 528 5334 760 5391; x_wconf 87' lang='lat' dir='ltr'><strong>invicem</strong></span> <span class='ocrx_word' id='word_1_800' title='bbox 792 5314 1078 5406; x_wconf 70' lang='lat' dir='ltr'><strong>diligentes</strong></span> <span class='ocrx_word' id='word_1_801' title='bbox 1107 5353 1121 5390; x_wconf 90' lang='lat'><strong>:</strong></span> <span class='ocrx_word' id='word_1_802' title='bbox 1157 5334 1367 5390; x_wconf 88' lang='lat' dir='ltr'><strong>honore</strong></span> <span class='ocrx_word' id='word_1_803' title='bbox 1401 5331 1629 5388; x_wconf 85' lang='lat' dir='ltr'><strong>invicem</strong></span> <span class='ocrx_word' id='word_1_804' title='bbox 1656 5346 1794 5402; x_wconf 82' lang='lat' dir='ltr'><strong>prae·</strong></span> 
     </span>
    </p>
   </div>
   <div class='ocr_carea' id='block_1_13' title="bbox 216 5423 1851 5497">
    <p class='ocr_par' dir='ltr' id='par_1_17' title="bbox 216 5423 1851 5497">
     <span class='ocr_line' id='line_1_102' title="bbox 216 5423 1851 5497; baseline 0.001 -20"><span class='ocrx_word' id='word_1_805' title='bbox 216 5424 543 5481; x_wconf 79' lang='lat' dir='ltr'><strong>venientes:</strong></span> <span class='ocrx_word' id='word_1_806' title='bbox 574 5426 942 5484; x_wconf 88' lang='lat' dir='ltr'><strong>sollicitudine</strong></span> <span class='ocrx_word' id='word_1_807' title='bbox 971 5441 1080 5481; x_wconf 90' lang='lat' dir='ltr'><strong>non</strong></span> <span class='ocrx_word' id='word_1_808' title='bbox 1110 5426 1271 5497; x_wconf 87' lang='lat' dir='ltr'><strong>pigri,</strong></span> <span class='ocrx_word' id='word_1_809' title='bbox 1322 5424 1518 5496; x_wconf 91' lang='lat' dir='ltr'><strong>spiritu</strong></span> <span class='ocrx_word' id='word_1_810' title='bbox 1554 5423 1794 5481; x_wconf 84' lang='lat' dir='ltr'><strong>servien-</strong></span> <span class='ocrx_word' id='word_1_811' title='bbox 1834 5424 1851 5439; x_wconf 71' lang='lat'><strong>⁶</strong></span> 
     </span>
    </p>
   </div>
   <div class='ocr_carea' id='block_1_14' title="bbox 220 5517 1794 5778">
    <p class='ocr_par' dir='ltr' id='par_1_18' title="bbox 220 5517 1794 5778">
     <span class='ocr_line' id='line_1_103' title="bbox 220 5517 1794 5589; baseline -0.001 -16"><span class='ocrx_word' id='word_1_812' title='bbox 220 5525 329 5584; x_wconf 83' lang='lat' dir='ltr'><strong>tes,</strong></span> <span class='ocrx_word' id='word_1_813' title='bbox 359 5532 457 5588; x_wconf 86' lang='lat' dir='ltr'><strong>spe</strong></span> <span class='ocrx_word' id='word_1_814' title='bbox 487 5518 787 5589; x_wconf 86' lang='lat' dir='ltr'><strong>gaudentes</strong></span> <span class='ocrx_word' id='word_1_815' title='bbox 814 5535 830 5573; x_wconf 71' lang='grc' dir='ltr'><em>ε</em></span> <span class='ocrx_word' id='word_1_816' title='bbox 862 5518 919 5572; x_wconf 89' lang='lat' dir='ltr'><strong>in</strong></span> <span class='ocrx_word' id='word_1_817' title='bbox 949 5518 1299 5573; x_wconf 86' lang='lat' dir='ltr'><strong>tribulatione</strong></span> <span class='ocrx_word' id='word_1_818' title='bbox 1327 5517 1592 5588; x_wconf 84' lang='lat' dir='ltr'><strong>patientes</strong></span> <span class='ocrx_word' id='word_1_819' title='bbox 1619 5533 1631 5569; x_wconf 93' lang='lat'><strong>:</strong></span> <span class='ocrx_word' id='word_1_820' title='bbox 1664 5531 1794 5572; x_wconf 87' lang='lat' dir='ltr'><strong>ora·</strong></span> 
     </span>
     <span class='ocr_line' id='line_1_104' title="bbox 220 5609 1792 5669; baseline 0.001 -6"><span class='ocrx_word' id='word_1_821' title='bbox 220 5610 359 5666; x_wconf 81' lang='lat' dir='ltr'><strong>tioni</strong></span> <span class='ocrx_word' id='word_1_822' title='bbox 402 5609 707 5669; x_wconf 85' lang='lat' dir='ltr'><strong>instantes:</strong></span> <span class='ocrx_word' id='word_1_823' title='bbox 742 5610 1160 5667; x_wconf 85' lang='lat' dir='ltr'><strong>necessitatibus</strong></span> <span class='ocrx_word' id='word_1_824' title='bbox 1190 5618 1502 5666; x_wconf 89' lang='lat' dir='ltr'><strong>sanctorum</strong></span> <span class='ocrx_word' id='word_1_825' title='bbox 1543 5624 1792 5666; x_wconf 89' lang='lat' dir='ltr'><strong>commu-</strong></span> 
     </span>
     <span class='ocr_line' id='line_1_105' title="bbox 222 5701 1794 5778; baseline -0.001 -19"><span class='ocrx_word' id='word_1_826' title='bbox 222 5703 510 5762; x_wconf 80' lang='lat' dir='ltr'><strong>nicantes:</strong></span> <span class='ocrx_word' id='word_1_827' title='bbox 543 5704 965 5778; x_wconf 85' lang='lat' dir='ltr'><strong>hospitalitatem</strong></span> <span class='ocrx_word' id='word_1_828' title='bbox 1003 5710 1291 5761; x_wconf 88' lang='lat' dir='ltr'><strong>sectantes.</strong></span> <span class='ocrx_word' id='word_1_829' title='bbox 1339 5701 1643 5762; x_wconf 80' lang='lat' dir='ltr'><strong>Benedicite</strong></span> <span class='ocrx_word' id='word_1_830' title='bbox 1671 5717 1794 5774; x_wconf 84' lang='lat' dir='ltr'><strong>per-</strong></span> 
     </span>
    </p>
   </div>
   <div class='ocr_carea' id='block_1_15' title="bbox 1892 4503 3486 5772">
    <p class='ocr_par' dir='ltr' id='par_1_19' title="bbox 1892 4503 3466 4666">
     <span class='ocr_line' id='line_1_106' title="bbox 1892 4503 3466 4575; baseline 0 -16"><span class='ocrx_word' id='word_1_831' title='bbox 1892 4505 1997 4561; x_wconf 85' lang='lat' dir='ltr'><strong>liea</strong></span> <span class='ocrx_word' id='word_1_832' title='bbox 2045 4506 2290 4562; x_wconf 84' lang='lat' dir='ltr'><strong>doctrina</strong></span> <span class='ocrx_word' id='word_1_833' title='bbox 2345 4507 2621 4559; x_wconf 58' lang='lat' dir='ltr'><strong>informati</strong></span> <span class='ocrx_word' id='word_1_834' title='bbox 2673 4523 2833 4559; x_wconf 59' lang='lat' dir='ltr'><strong>ruri-5</strong></span> <span class='ocrx_word' id='word_1_835' title='bbox 2893 4511 3109 4559; x_wconf 62' lang='lat' dir='ltr'><strong>:lustras</strong></span> <span class='ocrx_word' id='word_1_836' title='bbox 3150 4503 3466 4575; x_wconf 65' lang='lat' dir='ltr'><strong>jutigannffi,</strong></span> 
     </span>
     <span class='ocr_line' id='line_1_107' title="bbox 1892 4594 2781 4666; baseline -0.002 -17"><span class='ocrx_word' id='word_1_837' title='bbox 1892 4594 2027 4651; x_wconf 86' lang='lat' dir='ltr'><strong>iliud</strong></span> <span class='ocrx_word' id='word_1_838' title='bbox 2055 4596 2393 4666; x_wconf 65' lang='lat' dir='ltr'><strong>permaxillie</strong></span> <span class='ocrx_word' id='word_1_839' title='bbox 2421 4607 2693 4663; x_wconf 47' lang='lat' dir='ltr'><strong>*quantita</strong></span> <span class='ocrx_word' id='word_1_840' title='bbox 2725 4607 2781 4647; x_wconf 77' lang='lat' dir='ltr'><strong>ill</strong></span> 
     </span>
    </p>

    <p class='ocr_par' dir='ltr' id='par_1_20' title="bbox 1892 4682 3486 5772">
     <span class='ocr_line' id='line_1_108' title="bbox 1964 4682 3466 4751; baseline 0.003 -17"><span class='ocrx_word' id='word_1_841' title='bbox 1964 4682 2130 4739; x_wconf 73' lang='lat' dir='ltr'>VERS-</span> <span class='ocrx_word' id='word_1_842' title='bbox 2163 4683 2216 4740; x_wconf 89' lang='grc'><strong>9.</strong></span> <span class='ocrx_word' id='word_1_843' title='bbox 2252 4682 2317 4737; x_wconf 72' lang='lat' dir='ltr'><strong>Ill</strong></span> <span class='ocrx_word' id='word_1_844' title='bbox 2357 4703 2477 4751; x_wconf 64' lang='lat' dir='ltr'><strong>nari:</strong></span> <span class='ocrx_word' id='word_1_845' title='bbox 2525 4687 2573 4735; x_wconf 76' lang='lat' dir='ltr'><strong>ist</strong></span> <span class='ocrx_word' id='word_1_846' title='bbox 2609 4683 2833 4751; x_wconf 63' lang='lat' dir='ltr'><strong>idipsum</strong></span> <span class='ocrx_word' id='word_1_847' title='bbox 2877 4687 3218 4739; x_wconf 64' lang='lat' dir='ltr'><strong>dormiamus</strong></span> <span class='ocrx_word' id='word_1_848' title='bbox 3270 4699 3314 4739; x_wconf 77' lang='lat' dir='ltr'><strong>rt</strong></span> <span class='ocrx_word' id='word_1_849' title='bbox 3342 4703 3466 4739; x_wconf 61' lang='lat' dir='ltr'><strong>{liin</strong></span> 
     </span>
     <span class='ocr_line' id='line_1_109' title="bbox 1893 4774 3470 4846; baseline 0.002 -17"><span class='ocrx_word' id='word_1_850' title='bbox 1893 4774 2028 4846; x_wconf 82' lang='lat' dir='ltr'><strong>ipsis</strong></span> <span class='ocrx_word' id='word_1_851' title='bbox 2057 4776 2465 4846; x_wconf 64' lang='lat' dir='ltr'><strong>requiesctitittffi</strong></span> <span class='ocrx_word' id='word_1_852' title='bbox 2497 4779 2549 4827; x_wconf 70' lang='lat' dir='ltr'><strong>in</strong></span> <span class='ocrx_word' id='word_1_853' title='bbox 2585 4775 2921 4827; x_wconf 58' lang='lat' dir='ltr'><strong>tribulationi*</strong></span> <span class='ocrx_word' id='word_1_854' title='bbox 2957 4779 3194 4840; x_wconf 63' lang='lat' dir='ltr'><strong>dilatati,</strong></span> <span class='ocrx_word' id='word_1_855' title='bbox 3234 4795 3338 4831; x_wconf 72' lang='lat' dir='ltr'><strong>nnn</strong></span> <span class='ocrx_word' id='word_1_856' title='bbox 3374 4799 3470 4831; x_wconf 72' lang='lat' dir='ltr'><strong>:tn-</strong></span> 
     </span>
     <span class='ocr_line' id='line_1_110' title="bbox 1893 4868 3470 4941; baseline 0.004 -20"><span class='ocrx_word' id='word_1_857' title='bbox 1893 4868 2138 4938; x_wconf 76' lang='lat' dir='ltr'><strong>gustiati‚</strong></span> <span class='ocrx_word' id='word_1_858' title='bbox 2191 4869 2393 4923; x_wconf 78' lang='lat' dir='ltr'><strong>lumim-</strong></span> <span class='ocrx_word' id='word_1_859' title='bbox 2433 4871 2597 4921; x_wconf 62' lang='lat' dir='ltr'><strong>ruistis</strong></span> <span class='ocrx_word' id='word_1_860' title='bbox 2657 4871 2869 4923; x_wconf 73' lang='lat' dir='ltr'><strong>‚ilnnlirii</strong></span> <span class='ocrx_word' id='word_1_861' title='bbox 2929 4871 3230 4941; x_wconf 65' lang='lat' dir='ltr'><strong>csazmsignati</strong></span> <span class='ocrx_word' id='word_1_862' title='bbox 3288 4875 3470 4929; x_wconf 60' lang='lat' dir='ltr'><strong>&#39;saltim</strong></span> 
     </span>
     <span class='ocr_line' id='line_1_111' title="bbox 1893 4960 3471 5031; baseline 0.003 -16"><span class='ocrx_word' id='word_1_863' title='bbox 1893 4960 2076 5015; x_wconf 87' lang='lat' dir='ltr'><strong>cordis</strong></span> <span class='ocrx_word' id='word_1_864' title='bbox 2105 4960 2392 5015; x_wconf 87' lang='lat' dir='ltr'><strong>exhilarati</strong></span> <span class='ocrx_word' id='word_1_865' title='bbox 2416 4978 2450 5014; x_wconf 87' lang='lat' dir='ltr'><strong>a</strong></span> <span class='ocrx_word' id='word_1_866' title='bbox 2471 4960 2650 5030; x_wconf 75' lang='lat' dir='ltr'><strong>fructu</strong></span> <span class='ocrx_word' id='word_1_867' title='bbox 2671 4961 2949 5031; x_wconf 77' lang='lat' dir='ltr'><strong>[rumenti.</strong></span> <span class='ocrx_word' id='word_1_868' title='bbox 2979 4964 3108 5029; x_wconf 79' lang='lat' dir='ltr'><strong>vini,</strong></span> <span class='ocrx_word' id='word_1_869' title='bbox 3130 4973 3180 5019; x_wconf 85' lang='lat' dir='ltr'><strong>et</strong></span> <span class='ocrx_word' id='word_1_870' title='bbox 3203 4964 3304 5018; x_wconf 79' lang='lat' dir='ltr'><strong>olei</strong></span> <span class='ocrx_word' id='word_1_871' title='bbox 3331 4965 3471 5019; x_wconf 78' lang='lat' dir='ltr'><strong>mul·</strong></span> 
     </span>
     <span class='ocr_line' id='line_1_112' title="bbox 1895 5052 3468 5126; baseline 0.003 -19"><span class='ocrx_word' id='word_1_872' title='bbox 1895 5054 2145 5124; x_wconf 84' lang='lat' dir='ltr'><strong>tiplicati.</strong></span> <span class='ocrx_word' id='word_1_873' title='bbox 2175 5052 2453 5108; x_wconf 84' lang='lat' dir='ltr'><strong>Frumenti</strong></span> <span class='ocrx_word' id='word_1_874' title='bbox 2477 5053 2626 5126; x_wconf 87' lang='lat' dir='ltr'><strong>quod</strong></span> <span class='ocrx_word' id='word_1_875' title='bbox 2653 5054 2855 5110; x_wconf 88' lang='lat' dir='ltr'><strong>cadens</strong></span> <span class='ocrx_word' id='word_1_876' title='bbox 2881 5055 2937 5110; x_wconf 87' lang='lat' dir='ltr'><strong>in</strong></span> <span class='ocrx_word' id='word_1_877' title='bbox 2963 5063 3161 5111; x_wconf 87' lang='lat' dir='ltr'><strong>terram</strong></span> <span class='ocrx_word' id='word_1_878' title='bbox 3189 5064 3468 5111; x_wconf 88' lang='lat' dir='ltr'><strong>mortuum</strong></span> 
     </span>
     <span class='ocr_line' id='line_1_113' title="bbox 1893 5146 3470 5218; baseline 0 -17"><span class='ocrx_word' id='word_1_879' title='bbox 1893 5154 1996 5211; x_wconf 91' lang='lat' dir='ltr'><strong>est,</strong></span> <span class='ocrx_word' id='word_1_880' title='bbox 2028 5155 2083 5202; x_wconf 88' lang='lat' dir='ltr'><strong>et</strong></span> <span class='ocrx_word' id='word_1_881' title='bbox 2113 5146 2345 5201; x_wconf 87' lang='lat' dir='ltr'><strong>multum</strong></span> <span class='ocrx_word' id='word_1_882' title='bbox 2374 5146 2609 5216; x_wconf 77' lang='lat' dir='ltr'><strong>[ructum</strong></span> <span class='ocrx_word' id='word_1_883' title='bbox 2657 5147 2873 5214; x_wconf 89' lang='lat' dir='ltr'><strong>attulit;</strong></span> <span class='ocrx_word' id='word_1_884' title='bbox 2906 5147 3012 5201; x_wconf 79' lang='lat' dir='ltr'><strong>viui</strong></span> <span class='ocrx_word' id='word_1_885' title='bbox 3041 5147 3187 5218; x_wconf 84' lang='lat' dir='ltr'><strong>quod</strong></span> <span class='ocrx_word' id='word_1_886' title='bbox 3237 5146 3470 5202; x_wconf 67' lang='lat' dir='ltr'><strong>laetificet</strong></span> 
     </span>
     <span class='ocr_line' id='line_1_114' title="bbox 1893 5237 3466 5310; baseline 0.001 -18"><span class='ocrx_word' id='word_1_887' title='bbox 1893 5253 1992 5293; x_wconf 90' lang='lat' dir='ltr'><strong>cor</strong></span> <span class='ocrx_word' id='word_1_888' title='bbox 2020 5237 2295 5305; x_wconf 89' lang='lat' dir='ltr'><strong>hominis;</strong></span> <span class='ocrx_word' id='word_1_889' title='bbox 2327 5237 2429 5291; x_wconf 83' lang='lat' dir='ltr'><strong>olei</strong></span> <span class='ocrx_word' id='word_1_890' title='bbox 2466 5253 2563 5308; x_wconf 91' lang='lat' dir='ltr'><strong>per</strong></span> <span class='ocrx_word' id='word_1_891' title='bbox 2585 5238 2733 5310; x_wconf 90' lang='lat' dir='ltr'><strong>quod</strong></span> <span class='ocrx_word' id='word_1_892' title='bbox 2766 5238 3105 5294; x_wconf 84' lang='lat' dir='ltr'><strong>exhilaratur</strong></span> <span class='ocrx_word' id='word_1_893' title='bbox 3132 5237 3324 5304; x_wconf 75' lang='lat' dir='ltr'><strong>iacies,</strong></span> <span class='ocrx_word' id='word_1_894' title='bbox 3355 5252 3466 5309; x_wconf 89' lang='lat' dir='ltr'><strong>quo</strong></span> 
     </span>
     <span class='ocr_line' id='line_1_115' title="bbox 1895 5328 3467 5401; baseline -0.001 -15"><span class='ocrx_word' id='word_1_895' title='bbox 1895 5329 1997 5386; x_wconf 81' lang='lat' dir='ltr'><strong>fuit</strong></span> <span class='ocrx_word' id='word_1_896' title='bbox 2047 5338 2244 5385; x_wconf 88' lang='lat' dir='ltr'><strong>unctus</strong></span> <span class='ocrx_word' id='word_1_897' title='bbox 2287 5328 2494 5386; x_wconf 84' lang='lat' dir='ltr'><strong>David:</strong></span> <span class='ocrx_word' id='word_1_898' title='bbox 2535 5331 2683 5401; x_wconf 86' lang='lat' dir='ltr'><strong>quod</strong></span> <span class='ocrx_word' id='word_1_899' title='bbox 2733 5340 2817 5386; x_wconf 85' lang='lat' dir='ltr'><strong>est</strong></span> <span class='ocrx_word' id='word_1_900' title='bbox 2861 5332 3039 5386; x_wconf 89' lang='lat' dir='ltr'><strong>oleum</strong></span> <span class='ocrx_word' id='word_1_901' title='bbox 3091 5330 3325 5386; x_wconf 74' lang='lat' dir='ltr'><strong>effusum</strong></span> <span class='ocrx_word' id='word_1_902' title='bbox 3368 5343 3467 5400; x_wconf 90' lang='lat' dir='ltr'><strong>per</strong></span> 
     </span>
     <span class='ocr_line' id='line_1_116' title="bbox 1893 5418 3468 5493; baseline -0.003 -16"><span class='ocrx_word' id='word_1_903' title='bbox 1893 5438 2083 5478; x_wconf 80' lang='lat' dir='ltr'><strong>verum</strong></span> <span class='ocrx_word' id='word_1_904' title='bbox 2113 5422 2304 5490; x_wconf 86' lang='lat' dir='ltr'><strong>David,</strong></span> <span class='ocrx_word' id='word_1_905' title='bbox 2337 5422 2496 5493; x_wconf 84' lang='lat' dir='ltr'><strong>cujus</strong></span> <span class='ocrx_word' id='word_1_906' title='bbox 2536 5421 2793 5477; x_wconf 87' lang='lat' dir='ltr'><strong>unctione</strong></span> <span class='ocrx_word' id='word_1_907' title='bbox 2840 5436 3032 5476; x_wconf 86' lang='lat' dir='ltr'><strong>sumus</strong></span> <span class='ocrx_word' id='word_1_908' title='bbox 3079 5418 3468 5476; x_wconf 81' lang='lat' dir='ltr'><strong>christianiin</strong></span> 
     </span>
     <span class='ocr_line' id='line_1_117' title="bbox 1892 5511 3465 5588; baseline -0.003 -18"><span class='ocrx_word' id='word_1_909' title='bbox 1892 5533 2020 5588; x_wconf 86' lang='lat' dir='ltr'><strong>pace</strong></span> <span class='ocrx_word' id='word_1_910' title='bbox 2045 5517 2103 5571; x_wconf 80' lang='lat' dir='ltr'><strong>in</strong></span> <span class='ocrx_word' id='word_1_911' title='bbox 2128 5517 2358 5588; x_wconf 84' lang='lat' dir='ltr'><strong>idipsum</strong></span> <span class='ocrx_word' id='word_1_912' title='bbox 2382 5513 2688 5572; x_wconf 84' lang='lat' dir='ltr'><strong>convocati.</strong></span> <span class='ocrx_word' id='word_1_913' title='bbox 2714 5513 2759 5567; x_wconf 81' lang='lat' dir='ltr'><strong><em>A</em></strong></span> <span class='ocrx_word' id='word_1_914' title='bbox 2800 5513 2979 5583; x_wconf 71' lang='lat' dir='ltr'><strong>fructu</strong></span> <span class='ocrx_word' id='word_1_915' title='bbox 3014 5513 3160 5569; x_wconf 86' lang='lat' dir='ltr'><strong>enim</strong></span> <span class='ocrx_word' id='word_1_916' title='bbox 3191 5511 3465 5582; x_wconf 70' lang='lat' dir='ltr'><strong>frumeuti,</strong></span> 
     </span>
     <span class='ocr_line' id='line_1_118' title="bbox 1893 5599 3486 5681; baseline -0.003 -17"><span class='ocrx_word' id='word_1_917' title='bbox 1893 5620 1944 5664; x_wconf 85' lang='lat' dir='ltr'><strong>et</strong></span> <span class='ocrx_word' id='word_1_918' title='bbox 1989 5610 2116 5674; x_wconf 79' lang='lat' dir='ltr'><strong>vini,</strong></span> <span class='ocrx_word' id='word_1_919' title='bbox 2162 5619 2211 5664; x_wconf 87' lang='lat' dir='ltr'><strong>et</strong></span> <span class='ocrx_word' id='word_1_920' title='bbox 2236 5608 2335 5664; x_wconf 80' lang='lat' dir='ltr'><strong>olei</strong></span> <span class='ocrx_word' id='word_1_921' title='bbox 2380 5605 2610 5678; x_wconf 85' lang='lat' dir='ltr'><strong>apostoli</strong></span> <span class='ocrx_word' id='word_1_922' title='bbox 2671 5615 2726 5661; x_wconf 87' lang='lat' dir='ltr'><strong>et</strong></span> <span class='ocrx_word' id='word_1_923' title='bbox 2771 5605 3027 5677; x_wconf 83' lang='lat' dir='ltr'><strong>discipuli</strong></span> <span class='ocrx_word' id='word_1_924' title='bbox 3083 5604 3290 5661; x_wconf 88' lang='lat' dir='ltr'><strong>Christi</strong></span> <span class='ocrx_word' id='word_1_925' title='bbox 3338 5599 3486 5681; x_wconf 51' lang='lat' dir='ltr'><strong>§unq</strong></span> 
     </span>
     <span class='ocr_line' id='line_1_119' title="bbox 1895 5697 3479 5772; baseline -0.001 -17"><span class='ocrx_word' id='word_1_926' title='bbox 1895 5700 2257 5772; x_wconf 67' lang='lat' dir='ltr'><strong>ritultiplicali,</strong></span> <span class='ocrx_word' id='word_1_927' title='bbox 2284 5699 2504 5771; x_wconf 85' lang='lat' dir='ltr'><strong>quando</strong></span> <span class='ocrx_word' id='word_1_928' title='bbox 2533 5707 2750 5770; x_wconf 85' lang='lat' dir='ltr'><strong>propter</strong></span> <span class='ocrx_word' id='word_1_929' title='bbox 2775 5698 3001 5757; x_wconf 79' lang='lat' dir='ltr'><strong>verbum</strong></span> <span class='ocrx_word' id='word_1_930' title='bbox 3028 5697 3124 5756; x_wconf 86' lang='lat' dir='ltr'><strong>Dei</strong></span> <span class='ocrx_word' id='word_1_931' title='bbox 3152 5698 3209 5757; x_wconf 91' lang='lat' dir='ltr'><strong>in</strong></span> <span class='ocrx_word' id='word_1_932' title='bbox 3239 5697 3479 5757; x_wconf 65' lang='lat' dir='ltr'><strong>Hebraea·</strong></span> 
     </span>
    </p>
   </div>
  </div>
 </body>
</html>
