3817 6000
361 210 502 268 ¹279

1310 201 1617 261 nunnoni
1653 199 2042 258 PRAEPOSt'rl
2078 200 2628 260 Rsstcnssnst‘ssnc.

3462 206 3600 260 ¹28⁰

354 331 598 394 tempore
627 320 901 375 inventam
934 334 1030 390 per
1060 328 1288 374 matrem
1335 333 1493 374 suam
1542 316 1802 373 Helenam
1851 317 1934 374 sie
1960 319 2010 377 Α
2034 315 2236 372 mirum
2294 317 2348 372 in
2401 317 2506 373 hoc
2556 316 2723 388 regali
2769 318 3072 375 sacerdotio
3121 319 3607 389 comprehenditur

355 413 644 471 honoravit
690 412 841 467 omni
870 412 1020 467 cultu
1043 410 1433 477 venerationiS,
1462 418 1522 465 ut
1546 425 1644 481 per
1675 409 1822 464 illam
1850 408 1933 464 vi·

353 518 473 562 ctor
517 513 817 561 mereretur
845 503 1082 560 existere
1132 511 1323 558 contra
1374 499 1707 558 Maxentium
1749 509 1934 571 tyran-

354 613 511 663 num,
540 606 596 652 et
619 595 759 652 alios
787 596 993 662 hostes,
1024 592 1355 664 quandoque
1385 592 1562 663 magis
1583 598 1702 647 erat
1726 588 1932 662 glorio-

356 703 501 754 sum,
537 694 727 742 eontra
749 686 925 756 ipsum
946 683 1245 741 diabolum.

428 776 690 831 Similiter
716 773 941 845 [amilioe
964 774 1151 829 domus
1176 772 1301 828 Levi
1326 772 1647 843 planxerunt
1674 786 1932 834 seorsum,

355 869 449 937 qui
476 868 531 924 in
558 868 704 924 clero
729 881 1076 922 communem
1106 865 1277 920 vitam
1309 863 1595 930 ducentes,
1621 871 1677 919 et
1706 863 1760 918 in
1787 871 1933 918 terra

361 965 722 1017 bazrffi'lnuunn
758 977 862 1013 nnn
898 958 1157 1015 habentes
1183 957 1345 1028 longe
1392 971 1642 1014 seorsum
1672 972 1703 1011 a
1735 955 1936 1011 mulie-

357 1057 509 1109 ribus
565 1053 962 1111 habitaverunt,
1013 1065 1252 1121 quorum
1283 1047 1445 1104 Pater
1481 1047 1823 1119 Augustinus
1852 1045 1938 1100 in-

361 1149 621 1201 sumuntur
649 1145 906 1205 ιεῑίΠιί-ιιε,
958 1142 1079 1199 licet
1109 1157 1352 1198 canones
1387 1140 1705 1210 permittant
1723 1136 1939 1194 clericis

361 1240 670 1294 cuinullum-u
702 1238 934 1290 tetuinus.
977 1243 1198 1306 propter
1224 1233 1459 1289 vicinam
1490 1229 1938 1301 consanguinita-

361 1346 465 1386 tum
501 1350 525 1386 a
585 1330 890 1400 suspiciente
930 1326 1134 1382 alienas
1156 1368 1173 1394 ,
1203 1334 1395 1380 tamen.
1433 1324 1548 1394 ipse
1601 1336 1782 1392 neque
1810 1335 1938 1376 cum

361 1442 549 1478 surm-e
601 1442 698 1478 ann
750 1418 1032 1474 fflaffissit
1079 1418 1185 1473 sibi
1244 1414 1667 1473 cohabitandum
1698 1413 1886 1469 dicens
1920 1429 1935 1467 ι

362 1515 493 1582 Quoe
533 1531 652 1569 cum
679 1530 858 1569 sorore
902 1528 1017 1567 mea
1050 1521 1194 1578 sune,
1230 1524 1434 1565 sorores
1478 1523 1607 1562 meae
1650 1523 1755 1561 non
1790 1513 1935 1561 sum.

359 1610 635 1667 nabitavit
662 1620 841 1667 autem
896 1624 1056 1665 soror
1078 1607 1267 1663 eadem
1294 1621 1531 1661 seorsum
1560 1618 1755 1675 regens
1806 1617 1936 1657 con·

359 1704 730 1774 gregationem
762 1699 1090 1756 feminarum
1121 1698 1225 1755 sub
1252 1696 1443 1768 regula
1469 1694 1781 1751 communis
1815 1693 1941 1749 vitae
1968 1664 2014 1721 B

359 1795 427 1850 ad
458 1794 764 1866 exemplum
806 1793 1027 1848 illorum
1076 1789 1359 1856 institutae,
1409 1788 1611 1860 quibus
1644 1786 1840 1858 legitur
1882 1785 1941 1841 in

357 1885 586 1940 Actibus
610 1883 984 1955 apostolorum
1015 1897 1106 1937 cor
1137 1898 1302 1936 unum
1338 1891 1386 1935 et
1415 1880 1597 1935 anima
1622 1878 1804 1933 unuin
1828 1875 1940 1933 Deo

358 1974 551 2041 t‘uisse,
579 1975 889 2045 quibusque
918 1982 1125 2044 septem
1156 1972 1373 2029 diaconi
1401 1972 1655 2044 leguntur
1680 1970 1737 2026 in
1770 1984 1938 2025 unum

324 2138 331 2144 ¹
359 2066 725 2122 ministerium
748 2064 1029 2121 constituti
1057 2063 1127 2118 ab
1156 2063 1451 2135 apostolis,
1480 2070 1540 2119 ut
1566 2061 1945 2117 ministrarent

360 2159 567 2214 mensis
613 2173 823 2214 earum.
876 2155 1139 2212 Similiter
1178 2154 1325 2210 enim
1365 2152 1557 2209 beatus
1603 2151 1943 2224 Augustinus

361 2251 632 2323 praedictae
681 2250 859 2306 sorori
890 2263 1005 2304 suae
1054 2248 1110 2303 in
1162 2247 1247 2303 sui
1283 2247 1567 2320 regiminis
1610 2245 1942 2317 adiutorium

332 2393 335 2395 ,
360 2348 712 2417 deputaverat
743 2345 1145 2415 presbyterum,
1180 2341 1340 2411 cujus
1377 2348 1525 2396 esset
1552 2339 1728 2409 major
1756 2346 1945 2394 aueto-

360 2439 496 2495 ritas
523 2440 590 2493 ad
618 2436 885 2509 regendas
913 2451 1021 2491 uua
1044 2450 1171 2492 enm
1192 2448 1387 2489 sorore
1415 2446 1516 2489 sua
1544 2432 1689 2503 ipsas
1711 2428 1823 2486 Deo
1848 2429 1946 2486 de·

360 2539 520 2586 votas
548 2528 802 2585 seminas.
829 2526 888 2583 Si
913 2542 1047 2599 ergo
1074 2526 1203 2584 binc
1232 2525 1469 2597 aspicias
1496 2525 1718 2581 beatum
1755 2522 1946 2594 Augu·

361 2621 567 2678 stinum
599 2634 724 2675 eum
753 2620 872 2675 suis
902 2617 1119 2674 clericis
1146 2616 1448 2681 communi,
1471 2624 1527 2671 et
1550 2614 1803 2686 religiosa
1836 2613 1946 2668 vit-a

362 2714 632 2769 viventem
664 2730 679 2767 :
714 2711 881 2767 istinc
901 2724 1032 2766 vero
1052 2723 1298 2766 sororem
1323 2707 1496 2778 ipsius
1522 2722 1650 2763 eum
1699 2704 1813 2761 Deo
1845 2704 1944 2759 de-

364 2806 505 2862 votis
536 2804 757 2861 seminis
801 2802 1160 2859 nibilominus
1212 2800 1467 2873 religiose
1505 2807 1944 2865 conversantem,

361 2918 545 2958 nonne
583 2902 681 2956 tibi
703 2900 917 2955 videtur
967 2898 1182 2967 impleri
1215 2896 1523 2968 prophetia,
1562 2912 1672 2967 qua
1699 2896 1942 2953 dicitur:

2032 408 2196 463 etiam
2224 407 2360 463 ordo
2382 408 2802 474 monachorum,
2834 409 2928 478 qui
2958 424 3054 478 per
3081 423 3267 466 sacras
3300 408 3607 464 ordinatio—

2033 515 2132 557 nes
2160 500 2316 556 asciti
2339 510 2467 557 sunt
2491 500 2545 554 in
2575 499 2779 555 clerum
2809 515 2906 569 per
2954 500 3256 570 iniunctum
3281 499 3386 557 sibi
3411 498 3610 555 altaris

2033 593 2397 650 ministerium
2423 601 2478 647 et
2505 590 2905 663 praedieationis
2930 592 3185 649 officium.

2103 686 2236 743 Post
2262 686 2474 742 Nathan
2516 693 2572 741 et
2619 683 2748 741 Levi
2779 685 3026 755 sequitur
3074 702 3090 739 ε
3124 684 3373 741 Familioe
3413 686 3609 739 domus

2038 782 2208 838 Setuci
2241 799 2495 847 seorsum,
2522 791 2573 836 et
2613 779 2857 835 mulieres
2892 796 3074 835 eorum
3120 796 3372 844 seorsum,
3408 779 3615 835 subau-

2035 874 2205 941 ditur,
2235 874 2503 945 planyent.
2561 872 2668 928 lste
2694 871 2875 927 Semei
2900 870 2968 927 de
3007 872 3149 927 tribu
3179 870 3464 939 Beniamin
3489 871 3615 926 exi-

2036 980 2189 1026 stens
2227 968 2282 1022 in
2316 983 2414 1024 sua
2450 981 2682 1037 persona
2711 965 2862 1021 nulia
2890 964 3154 1034 dignitate
3182 963 3412 1035 insignis
3437 961 3617 1019 exsti-

2038 1060 2124 1127 tit,
2155 1060 2250 1116 sed
2294 1059 2419 1117 ideo
2465 1059 2521 1115 in
2547 1061 2749 1116 bonum
2776 1060 2868 1114 hic
2905 1058 3207 1115 assumitur
3249 1058 3371 1129 ejus
3398 1072 3616 1113 memo-

2037 1149 2142 1217 ria,
2169 1150 2298 1222 quia
2330 1150 2431 1205 suit
2474 1151 2542 1206 de
2585 1150 2727 1205 tribu
2755 1150 2948 1217 electa,
2977 1157 3034 1206 et
3059 1150 3188 1220 quia
3235 1164 3330 1203 rex
3369 1149 3619 1218 suscepit

2038 1242 2158 1314 ejus
2180 1243 2554 1314 poenitentiam
2579 1253 2705 1315 post
2746 1242 3184 1299 maledictionem
3215 1241 3319 1297 sibi
3342 1241 3414 1297 ab
3442 1256 3511 1296 eo
3543 1240 3614 1295 il-

2039 1336 2226 1391 latam.
2257 1333 2438 1392 Potest
2470 1350 2602 1406 ergo
2629 1350 2727 1407 per
2769 1335 2918 1391 hune
2937 1333 3113 1390 Semei
3145 1342 3269 1404 apte
3312 1333 3614 1403 significari

2039 1429 2177 1485 ordo
2221 1428 2622 1499 poenitentium,
2652 1435 2707 1484 et
2734 1434 2954 1498 peccata
2988 1442 3085 1481 sua
3114 1425 3508 1497 plangentium,
3540 1426 3617 1479 ita

2041 1529 2103 1575 ut
2144 1520 2388 1576 mulieres
2426 1537 2609 1576 eorum
2634 1519 2889 1590 plangant
2936 1535 3193 1575 scorsum.
3225 1516 3415 1573 Potest
3446 1518 3616 1573 etiam

2039 1626 2136 1683 per
2163 1610 2428 1668 familiam
2470 1610 2671 1668 domus
2716 1609 2886 1666 David
2917 1609 3215 1681 significari
3260 1608 3401 1664 ordo
3434 1608 3618 1679 poeni-

2043 1702 2292 1761 tentium.
2318 1701 2504 1773 Neque
2529 1715 2659 1758 vero
2684 1701 2816 1757 illud
2845 1710 2931 1757 est
2967 1701 3023 1755 in
3051 1700 3255 1755 divinis
3292 1697 3617 1769 dispositio·

2043 1793 2206 1849 nibus
2240 1793 2642 1859 inconsuetum,
2669 1791 2815 1863 quod
2844 1790 3050 1846 lamilia
3076 1790 3275 1846 domus
3300 1786 3473 1844 David
3514 1802 3618 1858 po-

2042 1886 2149 1942 sita
2180 1895 2267 1943 est
2292 1886 2383 1943 hic
2406 1894 2534 1941 ante
2564 1892 2792 1941 caeteras
2820 1883 3018 1950 tribus,
3057 1896 3168 1938 non
3190 1881 3368 1937 solum
3397 1890 3623 1951 propter

2042 1975 2324 2050 dignitatis
2356 1978 2518 2050 regiae
2537 1974 2937 2042 excellentiam,
2965 1974 3058 2031 sed
3082 1974 3247 2029 ctiam
3275 1980 3498 2043 propter
3524 1972 3621 2026 in·

2043 2071 2278 2143 signem,
2330 2085 2493 2141 quam
2541 2070 2652 2141 egit
2682 2067 3084 2141 poenitentiam.
3136 2064 3226 2121 Sic
3274 2065 3422 2119 enim
3451 2074 3510 2118 et
3564 2063 3624 2119 in

2044 2164 2337 2234 Evangelio
2361 2162 2759 2220 adolescentior
2784 2160 2928 2216 lilius
2955 2158 3226 2230 poenioens
3250 2158 3327 2213 illi
3353 2166 3441 2212 est
3461 2167 3621 2211 ante-

2044 2258 2281 2331 positus,
2309 2257 2404 2329 qui
2430 2256 2571 2314 dixit
2602 2255 2741 2326 patri
2774 2273 2788 2309 :
2827 2252 2964 2309 Ecce
3005 2260 3082 2306 tot
3111 2252 3265 2306 annis
3292 2251 3462 2306 servio
3501 2250 3622 2315 tibi,

2043 2360 2092 2407 et
2115 2366 2381 2422 nunquam
2409 2348 2722 2404 mandatum
2753 2354 2901 2401 ιιιιιιιι
2923 2344 3186 2417 praeterivi
3212 2342 3366 2415 (Luc.
3387 2358 3481 2408 xv,
3501 2340 3621 2409 29).

2045 2440 2112 2497 Et
2162 2438 2438 2512 publicani
2488 2447 2544 2493 et
2595 2437 2913 2496 meretrices
2962 2435 3339 2507 poenitentiam
3394 2443 3624 2505 agentes

2043 2534 2360 2605 praecedunt
2388 2530 2698 2588 Pharisaeos
2721 2530 2792 2587 de
2832 2543 2932 2586 sua
2959 2527 3172 2600 justitia
3202 2535 3620 2599 praesumentes,

2043 2634 2213 2695 atque
2243 2623 2384 2679 inter
2432 2622 2581 2695 ipsos
2614 2620 2907 2701 *apostolos
2949 2634 3140 2676 omnes
3177 2619 3400 2679 electos.
3429 2634 3627 2674 omnes

2045 2718 2169 2789 pios
2197 2726 2253 2773 et
2282 2725 2506 2774 sanctos
2553 2716 2677 2773 illos
2705 2714 2956 2771 videmus
3004 2714 3061 2768 in
3109 2712 3264 2786 apice
3320 2712 3627 2768 collocatos

2046 2817 2172 2864 ante
2190 2821 2414 2866 caeteros
2435 2810 2734 2880 apostolos,
2770 2806 2993 2863 Petrum
3016 2805 3268 2861 videlicet
3284 2815 3341 2860 et
3366 2804 3623 2871 Paulum,

2046 2919 2188 2976 quos
2218 2911 2435 2960 constat
2477 2918 2602 2959 esse
2641 2902 2711 2959 de
2737 2916 2969 2958 numero
3001 2900 3402 2971 poenitentiun.
3436 2898 3629 2969 Neque

363 2991 620 3049 Familiae
646 2991 836 3046 domus
885 2988 1009 3046 Levi
1054 2987 1301 3060 plnnqent
1328 3004 1564 3042 seorsum
1601 2997 1653 3042 et
1700 2986 1946 3042 mulieres
1972 2999 2017 3060 c,
2046 3014 2179 3056 vem
2206 2995 2520 3068 {fungamu-
2556 2994 2684 3053 inde
2721 2993 2962 3051 ,loannes
2989 2992 3294 3064 apostolus,
3326 2991 3488 3063 cuju,
3514 2990 3629 3048 1)oe

364 3101 545 3140 eorum
577 3099 813 3139 seorsum
832 3082 860 3136 ‚⁹
886 3081 1133 3151 Longum
1179 3087 1324 3134 esset
1361 3092 1684 3134 enumerare
1710 3075 1948 3134 familias

365 3175 566 3232 domus
592 3172 721 3228 Levi
751 3173 807 3229 in
836 3173 985 3231 clero
1010 3170 1322 3228 communis
1364 3169 1487 3226 vitae
1523 3169 1841 3241 plangentes
1868 3184 1952 3226 se·

367 3281 579 3334 orsum,
630 3275 685 3322 et
738 3265 996 3322 mulieres
1035 3277 1224 3320 eorum
1256 3276 1533 3318 seorsum.
1578 3261 1718 3318 Cum
1763 3270 1946 3318 autem

369 3360 487 3416 haee
514 3357 686 3414 forma
709 3358 1011 3430 disciplinae
1053 3373 1087 3413 a
1121 3355 1326 3413 sanctis
1359 3356 1624 3427 apostolis
1649 3356 1719 3412 ad
1749 3364 1948 3413 nostra

368 3467 547 3523 usque
568 3459 811 3522 tempora
856 3449 1101 3507 derivata
1140 3448 1236 3516 sit,
1264 3457 1326 3506 ut
1348 3448 1699 3516 clericorum,
1743 3457 1800 3505 et
1835 3447 1946 3505 Deo

368 3546 689 3603 devotarum
739 3545 1067 3601 seminarum
1113 3544 1185 3601 ab
1232 3543 1465 3599 invicem
1522 3541 1795 3600 distinctae
1838 3542 1951 3600 sint

370 3640 709 3700 mansiones,
736 3647 942 3710 quanto
968 3638 1142 3708 magis
1192 3637 1262 3694 ab
1284 3636 1365 3694 eis
1411 3636 1572 3709 longe
1604 3634 1799 3693 debent
1826 3649 1951 3691 esse

371 3732 591 3788 teminae
612 3733 903 3789 saeculares
925 3732 950 3787 ἲ

442 3824 573 3881 Item
605 3823 829 3894 [amiliae
847 3823 1035 3878 domus
1066 3819 1287 3877 Nathan
1324 3819 1645 3891 planxerunt
1690 3832 1950 3895 seorsum,

370 3926 424 3973 et
447 3917 692 3973 mulieres
717 3932 898 3972 eorum
918 3930 1174 3972 seorsum.
1187 3913 1399 3970 Nathan
1415 3913 1519 3971 iste
1541 3911 1803 3984 propheta
1828 3910 1950 3978 l'uit,

372 4009 469 4081 qui
511 4024 690 4081 regem
723 4007 889 4064 David
924 4007 994 4064 de
1022 4007 1233 4064 incestu
1262 4003 1564 4075 increpavit
1597 4003 1804 4074 quique
1843 4017 1956 4058 una

368 4115 502 4155 eum
532 4099 747 4156 Sadoch
779 4099 1063 4156 sacerdote
1095 4096 1446 4152 Salomonem
1470 4094 1630 4150 unxit
1664 4093 1720 4148 in
1744 4106 1953 4163 regem.

376 4191 480 4247 Per
505 4192 653 4247 huiic
688 4206 819 4263 ergo
840 4191 985 4247 sicut
1008 4204 1103 4260 per
1149 4188 1277 4243 Levi
1317 4194 1496 4258 potest
1521 4185 1659 4242 ordo
1684 4182 1956 4243 clericalis

2047 3089 2254 3162 placuit
2300 3087 2611 3145 innocentia
2653 3095 2710 3144 et
2754 3084 3044 3151 munditia,
3086 3084 3232 3156 quod
3274 3084 3327 3140 ei
3355 3085 3630 3142 antelatus

2047 3191 2134 3240 est
2168 3181 2365 3238 Petrus
2381 3189 2439 3237 et
2456 3179 2681 3248 Paulus,
2707 3179 2762 3234 in
2785 3178 2988 3250 quibus
3010 3175 3121 3233 Deo
3147 3176 3349 3247 placuit
3376 3193 3487 3232 non
3514 3186 3628 3232 tam

2047 3273 2358 3333 innocentia
2383 3288 2547 3346 quam
2582 3270 2923 3344 poenitentia.
2955 3269 3047 3326 Sic
3078 3269 3243 3325 etiam
3272 3269 3456 3325 adhuc
3474 3277 3631 3324 erant

2050 3367 2322 3423 novissimi
2338 3367 2518 3438 primi,
2541 3374 2593 3420 et
2621 3365 2782 3435 primi
2823 3363 3093 3419 novissimi
3125 3361 3345 3433 (flami.
3371 3377 3489 3428 xix,
3510 3361 3628 3432 50),

2048 3459 2270 3532 quando
2310 3459 2484 3529 nujus
2507 3457 2766 3530 gandium
2794 3456 2897 3512 en’t
2932 3456 2991 3512 in
3029 3453 3159 3510 coelo
3188 3471 3344 3526 super
3378 3470 3486 3509 ιιιιο
3511 3471 3636 3525 pec-

2049 3562 2226 3609 catore
2272 3552 2633 3624 poenitentiam
2675 3560 2879 3623 aqente,
2936 3565 3094 3622 quant
3139 3564 3296 3619 super
3340 3549 3635 3619 nonaginta

2051 3662 2232 3703 novem
2258 3645 2449 3716 justis,
2479 3644 2570 3715 qui
2601 3659 2705 3698 non
2730 3643 2968 3716 indiyent
3001 3640 3304 3712 poenitentia
3348 3639 3504 3709 (Luc.
3537 3656 3633 3706 xv,

2054 3737 2129 3810 7).
2147 3735 2248 3793 Est
2261 3749 2396 3809 ergo
2417 3750 2631 3807 magnae
2648 3734 2932 3808 diguitatis
2950 3734 3088 3791 ordo
3106 3732 3487 3804 poenitentium
3508 3733 3633 3804 qui,

2051 3830 2181 3886 dum
2210 3829 2475 3900 plangunt
2497 3842 2772 3892 seorsum,
2796 3834 2852 3883 et
2875 3826 3132 3883 mulieres
3155 3825 3321 3882 etiarn
3352 3841 3633 3893 seorsum,

2053 3937 2155 3979 suo
2194 3921 2416 3992 planctu
2455 3919 2729 3992 adaugent
2752 3918 3013 3991 gaudium
3053 3917 3391 3991 angelorum.
3433 3917 3513 3974 Ex
3545 3919 3636 3976 his

2053 4012 2274 4086 quidam
2304 4011 2613 4084 junguntur
2665 4008 2957 4076 eoenobiis,
3006 4007 3232 4080 quidam
3287 4023 3419 4064 vero
3472 4017 3636 4065 extra

2053 4105 2305 4163 coenobia
2328 4104 2599 4177 poenitent
2624 4103 2729 4159 sub
2760 4102 2966 4174 regulis
2992 4101 3400 4169 ecclesiasticis,
3427 4102 3638 4173 quibus

2054 4197 2280 4255 castitas
2301 4196 2505 4252 indicta
2527 4202 2612 4253 est
2633 4192 3024 4266 poenitentibus
3041 4193 3109 4250 de
3132 4192 3456 4250 criminibus
3481 4209 3638 4250 mor·

379 4282 628 4354 intelligi,
655 4282 814 4353 cujus
847 4280 1107 4337 nimirum
1135 4288 1222 4335 est
1240 4278 1477 4335 officium
1506 4292 1615 4333 non
1638 4276 1818 4332 solum
1845 4274 1957 4346 ple-
2057 4288 2280 4356 Qubus,
2326 4288 2401 4342 ua
2429 4296 2490 4342 ut
2513 4297 2612 4342 aut
2653 4285 2913 4358 conjugio
2938 4287 3154 4357 pennus
3177 4295 3424 4354 careant,
3461 4295 3558 4342 aut
3585 4288 3633 4343 si

375 4377 553 4442 heioS,
578 4375 673 4432 sed
695 4374 859 4430 etiam
885 4387 1039 4443 reges
1058 4372 1361 4443 increpare,
1391 4381 1556 4442 atque
1587 4368 1807 4440 regibus
1831 4367 1956 4424 aliis
1986 4351 2030 4407 D
2057 4380 2140 4436 eis
2178 4379 2291 4451 jam
2343 4378 2650 4449 conjugatis
2700 4378 2862 4434 datur
2891 4377 3228 4448 poeuioemia,
3278 4357 3443 4434 simui
3494 4394 3634 4450 quo.

375 4465 835 4522 descendentibus
864 4465 1004 4520 alios
1031 4464 1304 4520 ordinare.
1327 4461 1392 4518 ’Si
1419 4463 1595 4532 placet
1619 4461 1711 4519 hic
1734 4476 1954 4530 sensus,

380 4575 493 4614 non
541 4557 649 4614 alia
682 4565 767 4614 est
800 4557 885 4613 lex
928 4554 1217 4629 plangendi
1258 4553 1481 4611 sainiliae
1513 4553 1713 4610 domus
1738 4550 1956 4610 Nathan

381 4665 654 4716 seorsum,
680 4657 737 4705 et
761 4648 1085 4705 mulieribus
1109 4663 1324 4716 eorum,
1347 4663 1515 4720 quam
1540 4646 1633 4704 illa
1660 4647 1729 4704 de
1749 4645 1958 4703 familia

381 4741 580 4797 domus
592 4740 721 4798 Levi
742 4741 1009 4812 exposita,
1022 4755 1144 4812 quat
1161 4755 1272 4796 non
1293 4747 1379 4795 est
1399 4739 1595 4795 iterum
1614 4737 1958 4809 exponenda,

381 4846 509 4889 cum
543 4846 698 4903 aeque
717 4846 813 4903 per
840 4830 1053 4888 Nathan
1081 4830 1225 4887 sicut
1247 4844 1343 4901 per
1370 4829 1500 4885 Levi
1524 4828 1793 4886 clericalis
1826 4843 1962 4885 con·-

382 4926 613 4982 tinentia
640 4926 713 4982 sit
733 4940 992 4996 expressa
1021 4925 1075 4980 in
1095 4925 1315 4996 planctu
1342 4938 1534 4979 eorum
1564 4922 1785 4978 l'amiliae
1803 4922 1961 4993 plan-

384 5017 564 5089 gentis
582 5032 852 5084 seorsum,
876 5016 1233 5074 etmulierum
1255 5031 1449 5072 eorum
1477 5030 1748 5072 seorsum.
1772 5013 1963 5086 Neque

387 5127 519 5167 vcro
561 5120 648 5168 est
689 5110 991 5168 absurdum
1037 5109 1095 5165 in
1142 5108 1309 5164 unius
1338 5107 1550 5164 ordinis
1581 5106 1963 5179 designatione

386 5206 529 5261 duas
556 5219 821 5274 personas
861 5218 986 5259 cum
1029 5201 1148 5259 suis
1194 5198 1416 5257 familiis
1469 5199 1559 5255 hic
1592 5201 1742 5270 poni,
1793 5214 1961 5255 unam

388 5297 898 5368 regalem,alteram
921 5293 1335 5361 sacerdotalem,
1367 5292 1615 5349 videlicet
1640 5290 1851 5347 Nathan
1890 5291 1963 5347 de

388 5389 535 5445 tribu
560 5391 749 5461 regali,
778 5401 833 5446 et
858 5389 988 5447 Levi
1016 5389 1085 5446 de
1130 5389 1275 5445 tribu
1304 5388 1650 5454 sacerdotali,
1676 5402 1800 5444 cum
1829 5401 1964 5457 apo-

391 5482 569 5537 stolus
598 5485 843 5539 eamdem
871 5483 1309 5554 conjunctionem
1356 5483 1516 5555 regiae
1544 5498 1612 5538 ae
1650 5482 1965 5539 sacerdota·

394 5570 465 5624 lis
491 5571 770 5656 dignitatis
793 5576 1137 5632 emnmendet
1156 5573 1343 5630 dicens
1370 5572 1617 5630 fidelibus
1650 5592 1665 5627 :
1709 5572 1808 5628 Vos
1834 5574 1963 5631 estis

401 5674 555 5723 acuas
589 5661 829 5741 electum,
859 5668 1030 5737 regate
1050 5666 1399 5723 sacerdotium
1426 5664 1481 5735 (Ι
1507 5663 1650 5720 Pelr.
1679 5681 1737 5732 11,
1764 5665 1839 5736 9).
1866 5665 1964 5722 Ni-

2057 4489 2165 4545 que
2192 4470 2444 4527 noverint
2489 4471 2790 4541 injunctam
2838 4470 2946 4526 sibi
2989 4471 3407 4538 continentiam,
3457 4487 3636 4542 quan·

2060 4573 2168 4620 tam
2204 4571 2459 4634 poterunt
2502 4577 2745 4630 servare,
2777 4571 2990 4618 servata
3019 4563 3224 4634 pariter
3251 4579 3488 4619 uxorum
3522 4563 3636 4620 i'ra·

2058 4657 2287 4729 gilitate,
2331 4671 2472 4728 quas
2519 4654 2724 4712 nisiex
2771 4669 3045 4712 consensu
3098 4671 3208 4712 non
3237 4655 3439 4713 debent
3483 4654 3636 4712 trau-

2059 4749 2211 4804 dare.

2132 4838 2338 4894 Eorum
2383 4852 2512 4894 vero
2559 4836 2964 4908 poenitentium,
2995 4835 3090 4908 qui
3132 4836 3378 4908 adjuncti
3430 4835 3638 4894 merim

2061 4929 2309 4987 societati
2373 4927 2739 4985 communiter
2800 4936 2856 4985 et
2917 4925 3281 4982 claustraliter
3333 4925 3636 4982 viventium

2062 5031 2265 5095 quanta
2293 5021 2366 5078 sit
2391 5021 2639 5079 habenda
2659 5034 2795 5076 cura
2821 5020 2891 5075 de
2911 5018 3247 5075 observanda
3275 5017 3635 5085 continentia,

2062 5123 2126 5171 ut
2145 5114 2397 5170 videlicet
2433 5112 2538 5185 ipsi
2566 5112 2826 5184 plangant
2868 5126 3139 5178 seorsum,
3171 5119 3229 5167 et
3258 5109 3519 5167 mulieres
3541 5126 3637 5167 co-

2063 5221 2189 5262 rum
2230 5219 2503 5271 seorsum,
2553 5202 2752 5260 docent
2787 5203 3036 5259 instituta
3067 5202 3474 5268 coenobiorum,
3513 5218 3639 5274 qne

2062 5313 2188 5356 cum
2212 5297 2430 5369 longum
2458 5296 2531 5352 sit
2549 5295 2810 5361 inserere,
2841 5305 3045 5361 tamen,
3068 5294 3198 5366 quia
3213 5295 3282 5351 de
3296 5296 3392 5351 illo
3415 5296 3635 5366 planetu

2064 5392 2265 5464 agitur,
2301 5389 2395 5463 qui
2424 5389 2746 5446 adveniente
2776 5389 3008 5446 Domino
3040 5389 3443 5446 convertendus
3467 5388 3636 5445 estin

2064 5484 2344 5555 gaudium,
2378 5492 2436 5538 ut
2466 5490 2595 5537 tune
2621 5481 2858 5554 quisque
2901 5491 3148 5538 nostrum
3193 5481 3368 5552 possit
3413 5481 3634 5536 dioere:

2066 5576 2381 5632 convertisti
2418 5572 2689 5645 planctum
2736 5589 2907 5628 mm
2946 5572 3001 5626 in
3032 5571 3307 5643 gandium,
3333 5569 3637 5626 conscidisti

2066 5685 2278 5726 saccum
2316 5684 2505 5733 ηιειιιιι,
2531 5678 2581 5722 ει
2620 5665 3013 5722 circumdedisti
3042 5681 3120 5722 me
3148 5664 3384 5723 latitia:
3413 5677 3522 5719 non
3551 5660 3638 5732 pi-
