3817 6000
82 193 172 263 ,tam
362 194 643 256 consensimus
658 194 697 253 ut
712 194 882 254 mutuos.
901 227 936 238 -
954 178 1046 253 mm
1063 196 1109 252 tr.
1130 228 1166 237 -
1191 182 1289 254 estu.
1309 178 1453 256 trxrul.
1649 184 1719 259 isai

87 312 177 382 ipsam
191 315 284 373 earnis
292 325 409 372 mortem
430 314 588 387 pus-lami,
603 312 691 370 donee
715 312 825 369 rideant
848 312 876 368 in
890 316 913 373 Α
928 311 981 367 oloe
1004 313 1062 379 uni,
1089 323 1114 367 et
1142 328 1189 367 rea
1203 313 1253 369 oie
1276 314 1364 381 alteri,
1377 324 1402 371 et
1415 315 1567 371 clemoium
1580 331 1590 369 .’
1603 315 1718 375 Sensim

88 418 248 477 seregnum
262 405 402 462 Bellieni
427 403 810 476 aitsEposumpunisuinus,
830 406 875 476 qui
926 411 1046 468 sanctur,
1061 412 1169 460 serretur
1185 403 1315 461 Dentinus
1337 404 1407 460 Dens
1435 402 1568 474 Sohootb,
1587 395 1718 478 pienumt

87 494 121 550 de
133 495 197 551 ceto
210 496 333 552 damnati
351 494 448 577 'iduum
459 514 496 567 st,
508 497 565 568 bt).
585 495 643 567 Epo
655 513 713 551 sum
726 497 773 551 lue
784 496 876 552 mundi
927 498 1012 553 omnir
1031 507 1101 551 terro
1117 497 1203 567 pierio
1217 497 1274 566 ejus
1289 495 1408 569 (drmit,
1424 498 1449 562 l,
1464 499 1520 555 Det
1532 500 1571 569 5).
1588 498 1657 555 Nota
1671 514 1718 555 or·

89 585 181 658 idum
194 602 256 656 rut,
271 588 327 660 lii.
341 588 397 644 Soli
415 604 480 661 ergo
497 590 571 646 hutrc
588 604 685 659 panem
704 596 817 655 norunt,
828 585 875 658 qtti
926 588 1018 645 dinem
1038 588 1217 644 transilientis
1240 590 1329 659 printo
1348 590 1382 645 ad
1404 590 1550 646 ridendum
1574 593 1715 648 sedentem

88 678 190 737 habent
201 697 298 737 sanum
314 683 434 753 palatum
451 680 484 736 ad
503 681 593 750 ipsum
606 680 773 752 gustandum
786 688 814 735 ct
829 693 875 734 sa·
926 680 1072 736 Dominum
1087 696 1169 751 super
1187 681 1287 736 solium
1300 682 1455 751 excelsum;
1470 683 1568 739 deinde
1578 685 1657 755 quasi
1670 701 1715 741 re·

86 770 228 838 piendum.
255 769 311 827 Soli
337 773 423 828 sulem
452 772 566 842 justitie
586 772 644 828 sire
665 773 755 827 lucem
779 770 874 826 muudi
926 771 1094 829 silientisad
1113 773 1366 843 contemplandum,
1396 790 1457 844 que
1481 774 1534 829 suh
1552 774 1612 845 ipso
1625 785 1715 843 erant,

87 860 163 918 ltunc
178 879 239 919 esse
262 874 374 932 norunt,
391 865 437 935 qui
462 865 563 919 habeut
583 865 675 921 cordis
696 865 806 920 oculum
828 879 875 919 sa·
925 874 952 920 ct
965 864 1108 935 replebant
1120 865 1252 935 templum
1269 883 1276 920 ε
1293 877 1431 937 postremo
1446 866 1715 923 iniraercntisrisioni

86 968 153 1009 uum
168 955 202 1010 ad
218 956 307 1027 ipsum
326 957 353 1011 in
371 972 420 1012 sua
434 942 556 1013 claritate
570 957 727 1011 ridendum.
739 954 806 1010 Nam
819 970 875 1011 om·
925 954 1028 1026 gloriae,
1040 970 1093 1026 qua
1105 955 1185 1025 plena
1200 964 1271 1022 erat,
1286 972 1341 1012 non
1361 956 1450 1011 solum
1466 957 1607 1027 ternplum,
1626 958 1673 1013 sed
1689 965 1716 1014 et

86 1063 135 1104 nes
148 1048 259 1118 quiden
280 1032 415 1117 homines,
434 1051 515 1105 etium
529 1049 577 1127 qui
601 1065 663 1106 eum
688 1057 872 1120 pupugerunt,
925 1046 1015 1102 omnis
1027 1055 1110 1113 terra,
1122 1049 1186 1117 quia
1201 1047 1335 1105 creatoris
1349 1049 1435 1122 gloria
1455 1065 1537 1104 sauros
1550 1050 1646 1105 oculos
1662 1051 1714 1106 lra-

84 1140 216 1196 ridebunt
241 1157 304 1196 eum
325 1142 478 1197 venientem
504 1142 531 1196 in
555 1141 628 1196 nube
651 1157 713 1197 cunr
741 1148 874 1212 potestate
924 1139 998 1195 beuti
1012 1142 1164 1211 conspicua
1179 1150 1221 1198 est
1236 1142 1264 1197 in
1278 1142 1353 1198 omui
1369 1153 1495 1199 creatura
1510 1160 1561 1201 sua
1575 1145 1658 1201 etiarn
1672 1148 1716 1203 iu·

85 1248 184 1305 magna
198 1240 226 1288 et
240 1234 392 1309 majestate,
407 1233 454 1289 scd
467 1233 539 1287 nube
550 1233 699 1303 corporalis
715 1232 875 1287 manifesta·
924 1231 999 1301 lima,
1013 1244 1043 1289 ut
1054 1244 1096 1289 cst
1110 1236 1172 1301 ista,
1190 1250 1272 1305 quam
1291 1235 1442 1303 calcamus,
1468 1246 1551 1305 terra,
1575 1240 1651 1309 quod
1668 1239 1711 1295 di·

84 1325 169 1380 tionis
188 1335 250 1396 post
265 1325 400 1396 judicium
415 1332 521 1379 remota
541 1322 593 1379 soli
618 1325 726 1381 solem
717 1323 830 1395 justitiae
845 1324 872 1377 iu
923 1333 998 1380 ctum
1027 1325 1063 1381 sit
1090 1326 1165 1381 salvo
1192 1327 1288 1382 altiore
1310 1336 1337 1382 ct
1359 1328 1509 1384 sacratiore
1537 1344 1632 1398 sensu,
1658 1348 1714 1403 quo

82 1414 207 1470 claritate
217 1415 357 1483 vtdebuut
368 1426 395 1471 et
406 1427 501 1470 uotum
515 1415 664 1483 habebunt,
675 1430 792 1487 quorum
800 1429 873 1469 nuuc
923 1418 1038 1474 mistice
1056 1419 1216 1491 intelligitur
1244 1432 1316 1475 terro
1338 1421 1396 1477 baec
1416 1423 1555 1478 terrestris
1577 1425 1623 1479 et
1617 1442 1644 1479 ιιι
1659 1426 1676 1480 l
1671 1440 1714 1482 ac

83 1514 145 1561 nota
170 1515 198 1561 ct
217 1506 353 1562 desideria
375 1505 556 1562 exaudientur
575 1506 748 1563 dicentium:
771 1502 872 1561 Nonnn
922 1508 978 1564 uita
1003 1510 1182 1581 peregrinans
1199 1508 1346 1567 Ecclesia:
1360 1507 1512 1582 ternplum
1505 1524 1533 1568 tu
1555 1488 1714 1586 caspirita·

82 1596 217 1667 [ocon'im
238 1596 360 1666 Domine,
381 1599 462 1653 bitem
481 1613 584 1665 meum,
602 1597 630 1652 id
653 1606 696 1654 est
717 1606 808 1652 notum
828 1598 872 1668 [uc
923 1602 1112 1667 lmmsaucta
1140 1611 1168 1658 ct
1193 1602 1359 1659 admodum
1388 1602 1714 1675 templisaerisordini·

82 1686 147 1740 mibi
164 1685 316 1743 Christum.
676 1766 677 1770 Ἰ
923 1698 976 1753 bus
986 1698 1040 1751 vita
1052 1697 1177 1752 dedicata
1194 1715 1201 1751 ε
1218 1696 1320 1752 Selium
1333 1695 1501 1752 escetsnmet
1512 1687 1642 1752 elocutum
1658 1697 1711 1754 Ec·

119 1777 172 1836 Sed
186 1779 211 1835 si
228 1788 256 1834 itt
275 1768 317 1836 vis
336 1776 413 1836 iilum
432 1787 528 1836 notum
545 1780 655 1848 habere,
677 1776 805 1852 primitus
821 1795 871 1837 co·
922 1787 1076 1858 clesiajam
1094 1803 1212 1858 regnans
1237 1787 1264 1841 in
1283 1788 1353 1842 coelo
1372 1789 1471 1858 partim
1495 1787 1651 1844 consistens
1679 1788 1713 1843 de

81 1878 223 1942 gnoseete
241 1872 341 1942 ipsum.
369 1870 440 1929 Nam
463 1872 487 1928 si
519 1872 626 1943 ipnoros
646 1873 776 1941 te,·diect
798 1872 869 1927 tibi:
922 1880 1071 1951 angelisin
1100 1879 1208 1934 excelso
1231 1880 1331 1934 creatis
1354 1886 1382 1933 et
1405 1879 1538 1943 firmatis,
1565 1877 1713 1948 partitudo

81 1961 214 2033 Epredere
235 1971 260 2016 et
278 1963 323 2017 ubi
344 1973 403 2033 post
425 1964 537 2036 usstipio
555 1979 663 2035 prepuns
681 1961 771 2033 (Cernat.
792 1983 812 2030 r,
831 1963 869 2033 7).
922 1968 1083 2024 hominibus
1104 1970 1139 2023 ab
1158 1969 1213 2023 imo
1233 1985 1280 2039 per
1306 1969 1422 2039 gratiani
1449 1984 1560 2024 sursum
1585 1969 1708 2023 clevatis.

79 2052 148 2110 ltern
164 2054 276 2121 talibus,
294 2052 378 2111 latuis
396 2055 549 2129 virginibus
568 2072 624 2127 prae
643 2056 728 2112 nimia
744 2056 869 2111 fatuitate
922 2054 1071 2129 Uudcjurc
1087 2062 1141 2114 buc
1153 2058 1250 2114 selbun
1268 2053 1368 2114 dicitur
1380 2058 1513 2113 excelsum
1524 2068 1547 2114 et
1558 2050 1710 2115 clerorum:

79 2160 111 2207 se
132 2145 208 2215 ipsas
234 2145 425 2217 ignorantibus
448 2139 521 2203 dicct
551 2148 661 2203 :Amen
686 2149 746 2202 dico
774 2147 869 2204 cobis:
920 2149 1189 2207 excelsumsidciicet
1214 2150 1242 2205 iu
1261 2151 1411 2221 augelisab
1428 2149 1636 2217 initicsanctis;
1658 2150 1712 2206 ele·

80 2236 181 2292 Nescio
194 2253 238 2292 uos
251 2235 359 2306 (ilani.
374 2253 438 2302 stu,
451 2237 506 2307 lit.
523 2236 600 2294 Unde
614 2238 764 2309 prudenter
779 2256 811 2296 ac
825 2256 870 2297 sa·
921 2252 1010 2297 notum
1029 2243 1057 2298 iu
1074 2242 1234 2298 hominibus
1249 2257 1298 2314 per
1318 2242 1433 2314 gratiam
1449 2240 1626 2297 sanctificatis
1636 2251 1664 2299 et
1677 2243 1712 2299 de

77 2328 188 2400 pienter
206 2343 290 2384 orans
312 2328 407 2384 beatus
422 2326 592 2401 Augustinus
614 2330 653 2386 ait
674 2349 681 2385 :
707 2328 729 2386 0
746 2330 868 2400 Domine,
920 2335 1029 2391 inferno
1045 2335 1169 2390 infcriori
1193 2336 1227 2391 ad
1250 2336 1304 2390 alta
1322 2334 1480 2390 sublevatis.
1507 2334 1630 2400 Quorum
1647 2335 1670 2389 si
1685 2345 1711 2392 te

77 2419 196 2474 nouerim
207 2435 247 2473 me
260 2435 269 2472 :
280 2420 395 2475 nouerim
406 2429 451 2474 te:
465 2421 574 2490 pentina
586 2421 643 2477 hec
658 2420 870 2494 scientibusque
920 2430 1039 2486 delectat
1051 2431 1180 2497 societas,
1202 2440 1231 2484 ut
1245 2430 1272 2483 in
1300 2430 1368 2501 ipsis
1395 2423 1542 2483 Dominum
1557 2427 1709 2493 sedentem,

79 2511 150 2567 adeo
164 2519 206 2567 est
216 2512 373 2568 necessaria
395 2512 470 2566 omni
488 2512 604 2581 homini,
619 2524 650 2570 ut
670 2514 711 2570 eis
726 2516 778 2570 alia
795 2517 869 2571 nulla
921 2520 947 2578 id
961 2533 1003 2579 est
1011 2522 1209 2593 quiescentem,
1222 2528 1380 2593 regnantem
1390 2529 1418 2575 ct
1426 2511 1595 2590 judicantem
1604 2520 1709 2586 rideas,

78 2603 178 2659 debeat
191 2603 330 2675 anteponi.
345 2602 379 2659 Et
395 2613 437 2661 cst
458 2604 568 2676 quidem
591 2606 669 2677 prius
683 2609 869 2679 temporanei
920 2614 1029 2669 imitare
1041 2613 1170 2668 animalia
1181 2612 1274 2667 euntia
1289 2618 1317 2667 ct
1342 2612 1516 2677 revertentia,
1532 2621 1562 2666 ut
1584 2612 1661 2683 prius
1681 2612 1710 2668 in

78 2693 189 2761 ordine,
201 2703 231 2750 ut
242 2704 373 2767 agnoscat
388 2704 425 2764 te,
439 2711 471 2752 ae
485 2695 584 2753 deinde
603 2698 684 2754 duem
702 2709 778 2754 tuum
790 2698 870 2755 Chri·
920 2698 1048 2760 laudibus
1060 2700 1107 2758 Dei
1120 2702 1275 2759 exercearis
1288 2703 1316 2757 in
1333 2711 1406 2759 terra
1429 2702 1522 2767 corde,
1543 2717 1603 2771 ore,
1626 2718 1711 2774 opere

78 2796 153 2845 stum
170 2788 311 2862 psallendo
329 2789 357 2844 in
379 2789 476 2859 linem,
497 2800 524 2847 et
543 2791 659 2849 diceudo
682 2793 716 2850 ad
730 2792 840 2851 Patrem
859 2815 866 2852 ι
920 2795 1045 2853 canendo
1069 2803 1192 2861 satrctus,
1211 2802 1334 2861 sauctus,
1355 2802 1467 2850 sanctus
1487 2794 1626 2850 insaucia
1645 2794 1709 2862 ilde,

78 2878 182 2936 Notum
193 2880 325 2952 permitti,
336 2881 459 2951 Domine,
480 2885 560 2955 finem
581 2901 680 2953 meum,
694 2886 758 2958 quio
770 2902 831 2941 coro
843 2894 869 2941 et
921 2905 979 2960 spe,
996 2888 1140 2954 charitate,
1155 2885 1239 2943 corde
1251 2887 1366 2942 eredens
1381 2885 1414 2941 ad
1428 2885 1575 2957 iristitiam,
1588 2900 1712 2941 oreeon·

77 2976 187 3046 surrprris
200 2975 272 3030 burm
283 2984 334 3030 non
346 2977 508 3046 concinnent
521 2976 602 3036 Peter
613 2977 790 3051 (distrinxit,
803 2979 867 3053 lli:
883 2999 904 3056 c
921 2981 1002 3038 lttsns
1018 2980 1051 3036 ad
1065 2980 1191 3036 salutem.
1203 2978 1255 3035 Per
1270 2979 1442 3047 charitatem,
1456 2978 1529 3051 quod
1542 2979 1642 3035 bouum
1656 2988 1709 3050 est,

79 3072 200 3120 atturneu
227 3064 273 3121 hic
296 3074 339 3120 cst
359 3066 428 3122 erdo
455 3080 650 3139 preposterus,
670 3078 697 3126 et
712 3071 869 3127 necessario
919 3075 1058 3147 operando
1068 3073 1101 3128 ad
1115 3088 1220 3140 omnes,
1235 3073 1354 3129 manime
1367 3073 1401 3129 ad
1417 3064 1584 3130 domesticos
1595 3074 1669 3141 fidei,
1683 3083 1710 3132 et

79 3165 276 3225 commutatus,
291 3159 356 3214 dum
377 3161 428 3217 iste
448 3160 558 3217 idithun
584 3163 722 3235 sapienter
747 3164 868 3233 psallens
919 3168 960 3224 sic
975 3166 1142 3222 exercitatus
1159 3165 1212 3235 piis
1227 3164 1357 3235 operibus
1374 3166 1429 3221 cris
1451 3165 1479 3220 in
1496 3170 1613 3221 numero
1631 3181 1711 3221 crer-

78 3260 108 3306 et
118 3249 248 3305 inieriora
266 3249 424 3308 transiliens
436 3252 526 3323 primo
538 3253 606 3325 petit
618 3254 742 3309 notitiam
755 3253 867 3322 Christi,
919 3259 1024 3315 cinnum
1039 3249 1147 3313 Domini
1163 3249 1294 3325 Sabaoth,
1313 3257 1386 3328 quon
1402 3257 1598 3326 interpretatur
1608 3257 1710 3311 exerce.

80 3341 285 3412 quaedrgmtate
299 3359 331 3399 ac
346 3343 435 3399 fructu
458 3346 549 3415 pottor
562 3354 645 3414 est,
630 3346 784 3402 edernde
795 3347 869 3402 nott
919 3359 1007 3414 tuum,
1033 3343 1196 3418 tandemque
1209 3343 1257 3403 lies
1279 3344 1306 3403 et'
1329 3356 1358 3402 tu
1378 3345 1477 3402 solium
1493 3345 1602 3402 Domini
1619 3347 1710 3401 excel·

81 3436 147 3490 tram
159 3449 215 3503 sut,
230 3442 260 3489 ut
274 3452 368 3502 sctum
384 3452 524 3508 tnquteus,
537 3438 681 3509 penideret
696 3435 773 3506 melu,
791 3455 824 3494 ac
845 3438 869 3494 si
919 3457 981 3498 sum
993 3450 1021 3497 et
1033 3442 1188 3496 elesaturn
1205 3437 1364 3495 excelsum'
1357 3456 1385 3493 ιιι
1401 3439 1498 3510 spirutu
1512 3440 1617 3510 atrocius
1632 3457 1710 3496 curs

79 3528 178 3585 dicat
193 3527 412 3601 Primoregnum
428 3529 476 3586 Dei
497 3547 624 3602 quaerens
644 3532 740 3588 dico:
765 3523 869 3587 Notum
910 3525 1215 3602 sentialietcoaequali
1239 3531 1390 3587 secundum
1410 3549 1561 3586 memorem
1582 3534 1708 3598 leontinis,

79 3621 124 3692 soc
134 3621 210 3686 melu
224 3619 346 3689 Domine,
360 3623 441 3692 fiuent
451 3639 547 3677 meum
565 3620 619 3678 Sed
632 3623 765 3698 quonism
787 3624 821 3679 ad
837 3615 869 3677 tt·
917 3640 977 3696 pute
993 3630 1031 3678 est
1046 3619 1134 3693 cupels
1145 3622 1238 3694 (ripae
1253 3637 1310 3689 nst,
1329 3621 1389 3693 il);
1404 3621 1560 3678 clevatum'
1552 3639 1709 3694 incorpore

79 3712 125 3767 lud
139 3712 282 3782 pervenire
295 3726 349 3768 non
366 3713 456 3780 raico,
476 3715 500 3768 si
521 3713 670 3784 meipsum
685 3714 869 3786 ignoro,aute
919 3709 1081 3790 glorificato,
1092 3729 1156 3770 cum
1168 3711 1207 3782 id,
1226 3713 1300 3786 quod
1318 3714 1468 3772 seminatur
1489 3716 1517 3773 in
1534 3713 1702 3780 inienuitate,

78 3803 194 3858 omnia:
211 3801 312 3858 Notnm
327 3804 371 3874 [oc
387 3805 452 3858 milri
463 3805 542 3874 finem
561 3821 660 3872 meum
891 3845 896 3854 .
918 3815 1013 3878 surget
1023 3807 1050 3860 in
1067 3800 1164 3877 gioria.
1180 3801 1240 3860 Nou
1258 3807 1349 3875 itaque
1360 3808 1474 3862 moleste
1486 3808 1570 3865 ieras.
1588 3811 1660 3880 qutud
1677 3810 1705 3863 in

117 3892 150 3947 lit
164 3910 303 3949 nanterum
325 3895 428 3949 dierunt
448 3912 566 3950 meorum
586 3889 645 3968 puis
665 3904 715 3964 est,
729 3907 759 3950 ut
785 3899 867 3951 scium
919 3895 1098 3952 transiliendo
1122 3911 1224 3966 rogans
1245 3906 1341 3951 notum
1365 3896 1412 3951 tibi
1434 3897 1492 3952 lieri
1517 3899 1597 3953 sunem
1616 3911 1694 3955 tuum

77 3987 142 4059 quid
162 3986 231 4041 desit
265 3986 340 4040 milri.
365 3984 425 4041 lieu
451 3987 575 4042 videatur
610 3987 771 4053 absurdunt,
794 3988 868 4058 quod
917 4004 973 4043 non
984 3988 1039 4044 citu
1051 3985 1200 4041 exaudiris.
1215 3985 1263 4042 list
1275 3987 1321 4041 ubi
1335 3993 1410 4042 nuuc
1423 3988 1531 4043 interint
1543 3988 1706 4058 exercearis,

78 4078 155 4148 prius
171 4086 212 4132 est
225 4077 253 4132 in
266 4078 399 4149 petitione
411 4079 438 4133 id
450 4078 524 4150 quod
541 4087 668 4149 speratur
687 4079 715 4133 in
736 4080 789 4134 tine
804 4094 867 4134 cum
918 4079 1015 4134 notitia
1032 4077 1157 4132 videlicet
1176 4079 1282 4133 dierum
1299 4086 1421 4132 tuorum.
1438 4077 1513 4135 lianc
1530 4089 1601 4150 pete,
1617 4091 1646 4135 ut
1659 4099 1707 4136 ac-

78 4171 141 4226 dico
157 4190 163 4226 :
180 4170 280 4227 Notum
296 4172 340 4243 [oc
353 4172 431 4239 mibi,
457 4173 581 4241 Domine,
602 4173 681 4244 finem
700 4191 797 4230 uacum.
812 4173 867 4228 ldi-
918 4170 1016 4242 cipias,
1028 4181 1054 4225 et
1069 4186 1103 4224 ex
1129 4169 1176 4224 tali
1203 4165 1298 4224 notitia
1322 4161 1414 4225 dicere
1430 4167 1487 4226 Deo
1510 4173 1623 4229 valeas:
1640 4172 1708 4228 Ecce

78 4266 158 4332 tlrun,
175 4267 248 4335 quud
273 4267 467 4337 iuterpretatur·
488 4267 652 4335 trapestilam,
670 4283 720 4340 ego
737 4283 810 4335 sum,
820 4267 867 4338 qui
917 4260 1107 4316 mensurabiles
1129 4261 1241 4331 pusuisti
1261 4260 1316 4313 dies
1336 4276 1416 4327 meos,
1438 4271 1462 4316 et
1479 4263 1628 4317 substantio
1650 4281 1707 4318 naeu

79 4356 119 4411 sic
132 4357 230 4426 psallo,
253 4358 299 4430 qui
324 4359 351 4412 in
375 4360 505 4429 psalterio
532 4359 705 4416 decachordo
721 4362 826 4429 priores
840 4366 868 4413 et
881 4344 908 4407 D
920 4359 1045 4423 tunquam
1060 4350 1173 4404 nibilum
1187 4358 1247 4404 onte
1267 4353 1301 4404 te.
1316 4348 1361 4406 Sic
1376 4349 1502 4420 proicies
1516 4368 1565 4422 per
1581 4353 1707 4409 notitiam

79 4448 224 4506 tulmtores
238 4451 356 4508 chordas
375 4452 596 4523 pretermittens,
620 4460 647 4506 et
669 4452 749 4522 quast
778 4459 867 4505 trans
917 4442 1023 4498 diorum
1040 4447 1150 4497 tuorum
1165 4442 1403 4508 mensurabilium,
1415 4442 1442 4497 in
1457 4443 1558 4514 quibus
1576 4460 1708 4516 agnosces

79 4540 159 4598 iliens
181 4553 263 4615 tango
284 4559 421 4601 summam
446 4544 583 4600 dicendo:
601 4542 703 4596 li'otum
729 4542 772 4612 foc
787 4532 864 4607 milti,
918 4533 1047 4604 teipsum
1062 4533 1095 4586 ad
1111 4532 1235 4587 notitiam
1256 4533 1363 4588 dicrum
1385 4534 1651 4592 immensurabilium
1679 4547 1706 4593 et

79 4636 207 4705 pompm,
233 4637 312 4708 finem
341 4654 438 4692 meum,
468 4636 522 4692 Sed
547 4635 688 4707 regredior
718 4635 867 4689 secundum
918 4624 1172 4690 interminabilium,
1193 4624 1337 4693 inquibus
1360 4625 1589 4694 agnosceslinem
1615 4636 1705 4695 tuum,

78 4727 154 4799 quon
174 4727 303 4782 animatia
317 4728 393 4782 ibam
405 4737 432 4784 e,
446 4727 660 4784 ,evertebantur
679 4723 713 4779 ad
725 4724 866 4791 inser-jora,
917 4729 1000 4785 prtem
1015 4729 1088 4768 nunc
1102 4724 1249 4783 agnoscere
1261 4705 1386 4766 luborert
1397 4723 1457 4768 onte
1471 4723 1506 4782 tc,
1520 4715 1608 4772 donee
1621 4718 1707 4774 intres

79 4832 344 4889 perqrtaeascensus
363 4820 454 4875 estad
474 4833 592 4885 summa,
611 4826 638 4872 et
656 4815 719 4871 dico
740 4813 867 4869 :Notum

81 4891 346 4979 (scrutiniorum,
362 4909 442 4980 fierent
459 4925 556 4978 meum,
569 4918 595 4963 ct
618 4921 755 4961 rsunterum
765 4904 868 4959 dierunt

81 5001 200 5072 quiscat,
212 5012 241 5055 ut
258 5002 341 5057 sciunt
353 5001 418 5075 quid
429 5003 497 5058 desit
507 4999 582 5056 milri.
595 5001 635 5054 lld
652 5014 760 5054 summu
780 5006 869 5053 trans-

83 5093 173 5163 iliens,
192 5108 311 5165 quorum
328 5097 444 5152 necdum
462 5111 548 5167 capas
568 5093 705 5160 invenior,
721 5091 869 5162 compellor

84 5186 149 5244 inde
164 5186 252 5244 redire
267 5188 301 5243 ad
311 5203 353 5257 ea,
366 5204 427 5260 quae
441 5186 596 5245 subteriora
615 5195 691 5242 sunt,

119 5278 166 5337 Sic
177 5278 263 5337 isaias
277 5296 340 5336 cunr
363 5281 545 5336 delectaretur
569 5275 703 5335 inherere
719 5275 817 5332 visioni
830 5275 870 5330 al-

83 5372 184 5429 tissimi
201 5371 310 5427 Domiui
326 5370 447 5429 sedentis
468 5385 550 5441 super
573 5367 673 5426 solium
692 5367 832 5424 excelsum
843 5374 871 5421 et

84 5463 234 5531 clevatum,
259 5462 400 5517 nimietate
421 5461 534 5516 luminis
550 5460 741 5515 reverberatus
766 5453 871 5511 reflexit

84 5553 213 5611 iutuitutn
225 5554 260 5611 ad
273 5570 316 5621 eu,
327 5570 385 5626 quse
397 5553 445 5607 sub
458 5553 514 5623 ipss
524 5561 609 5617 crutrt,
621 5561 648 5607 et
662 5550 794 5621 replebant
809 5559 872 5603 tem·

83 5643 165 5713 sitim.
193 5643 348 5719 Seraphim,
373 5643 472 5715 inquit,
492 5642 598 5711 sicient
624 5659 701 5712 super
727 5641 804 5707 iilud,
826 5655 871 5693 see

919 4810 946 4864 in
973 4809 1161 4865 sanctuarium
1188 4806 1246 4874 Dei,
1272 4817 1300 4862 et
1327 4806 1464 4880 intelligas
1488 4810 1514 4864 in
1543 4812 1706 4878 srenissimo,

919 4898 981 4969 quis
995 4898 1058 4953 linis
1071 4907 1146 4960 tuus,
1167 4897 1284 4968 quisque
1308 4895 1345 4951 sit
1361 4896 1424 4951 linis
1439 4898 1566 4953 omnium
1581 4901 1608 4954 in
1624 4900 1706 4954 linem

919 4991 1106 5063 psallentium,
1120 5000 1148 5045 et
1165 4990 1193 5045 iu
1216 4990 1298 5045 linem
1329 4991 1553 5061 transilientium,
1583 5003 1664 5066 atque
1679 4995 1706 5048 iu

920 5083 993 5140 scala
1009 5082 1094 5138 iacob
1115 5099 1189 5140 nunc
1208 5085 1427 5151 ascendentium,
1452 5101 1525 5142 nunc
1540 5087 1693 5144 descendeu

919 5177 989 5230 tium
1005 5175 1080 5247 (Gen.
1093 5190 1188 5240 xxvrtt,
1201 5175 1257 5244 ii),
1270 5175 1357 5230 donec
1368 5176 1507 5232 inveniant
1519 5177 1600 5232 linem
1614 5195 1707 5244 suum,

920 5269 1066 5324 Dominum
1091 5268 1206 5335 scilicet,
1233 5272 1393 5324 summitate
1417 5270 1498 5325 scale
1524 5271 1706 5336 innixumde

920 5377 975 5435 quo
989 5370 1015 5416 et
1029 5360 1312 5416 hietrausiliensdicit
1328 5379 1335 5414 z
1353 5358 1386 5413 Et
1401 5378 1480 5424 nnnc,
1492 5377 1551 5433 que
1564 5369 1604 5417 est'
1614 5374 1702 5434 serpe

921 5456 1003 5509 ctutr'o
1016 5455 1094 5508 meo?
1107 5452 1201 5507 Nonne
1214 5453 1362 5508 Dominus?

957 5543 1040 5600 liulta
1061 5555 1125 5600 sum
1151 5545 1179 5600 iu
1215 5543 1365 5613 scripturis
1394 5546 1518 5617 exempla
1550 5554 1707 5602 sanctorum

922 5636 1126 5694 ascendentium
1146 5643 1173 5691 et
1198 5634 1421 5691 descendentium
1447 5637 1474 5691 in
1501 5636 1552 5693 hac
1570 5637 1644 5693 scala
1661 5634 1707 5692 ls-
