3817 6000
346 165 418 226 75
1275 159 1580 216 CAR-NERl
1615 157 1774 213 CAN.
1820 155 1977 211 ΠΕΟ.
2024 155 2082 211 S.
2118 153 2439 211 vtCTORtS
2475 150 2702 207 ratus,
3531 155 3598 213 76

344 287 504 332 tenus
524 284 769 333 correcto
789 273 1010 330 cuilibet
1037 286 1367 342 cognoscere
1398 271 1466 326 de
1494 285 1660 341 regno
1701 269 1921 324 subtili·
1952 277 1996 332 Α
2028 279 2123 333 tre,
2147 268 2356 330 plenum
2397 269 2586 337 qratia
2610 278 2660 320 et
2714 266 2951 321 veritatis
2977 267 3157 339 (Joan.
3194 285 3231 330 t.
3265 268 3366 338 Η),
3395 280 3449 327 ut
3498 274 3602 328 sub

341 379 427 427 ter
452 370 634 427 dulcia
658 369 845 434 libeat,
879 366 975 439 qui
1028 365 1181 436 prius
1226 364 1294 419 de
1316 364 1523 435 judicio
1551 364 1782 417 adversa
1815 360 1926 414 lor-

343 464 602 521 midabat.
1288 528 1291 531 ¹

416 554 562 629 (109)
596 553 692 611 Est
717 554 891 609 adhuc
912 550 1058 608 aliud
1084 551 1135 607 in
1161 551 1302 622 gallo
1329 550 1558 605 solerter
1582 550 1925 618 intuendum,

287 674 292 677 ·
343 649 471 720 quia
516 663 641 704 cum
667 645 781 717 jam
836 645 998 700 edere
1047 653 1241 698 cantus
1290 651 1468 713 parat,
1499 643 1654 712 prius
1682 644 1798 721 alas
1832 659 1928 698 ex-

344 742 502 809 cutit,
529 749 584 796 et
627 739 982 808 semetipsum
1037 735 1239 792 feriens
1281 736 1675 805 vigilantiorem
1728 737 1923 792 reddit.

343 833 501 901 Quod
525 841 770 903 patenter
818 829 1117 896 cernimuS,
1157 829 1204 885 si
1237 838 1554 884 sanctorum
1606 830 1928 900 praedicato-

343 943 469 982 rum
517 927 683 982 vitam
714 924 998 995 vigilanter
1036 922 1341 977 videamuS.
1396 919 1502 992 ipsi
1558 922 1758 992 quippe
1799 938 1925 978 cum

344 1017 511 1073 verba
532 1013 934 1087 praedicationis
956 1020 1193 1077 movent,
1210 1012 1363 1082 prius
1387 1027 1444 1067 se
1461 1012 1513 1066 in
1531 1011 1734 1068 sanctis
1756 1012 1928 1068 actio-

345 1109 511 1164 nibus
548 1115 846 1164 exercent:
895 1120 965 1161 ne
988 1105 1043 1159 in
1097 1103 1405 1173 semetipsis
1440 1112 1716 1174 torpentes
1742 1120 1925 1176 opere,

345 1202 457 1274 76
483 1201 621 1256 alios
643 1199 881 1255 excitent
908 1211 1043 1253 voce
1075 1215 1090 1264 ;
1127 1196 1221 1252 sed
1267 1205 1415 1261 ante,
1466 1211 1524 1251 sc
1555 1211 1649 1266 per
1671 1196 1927 1252 sublimia

347 1292 488 1348 l'acta
514 1292 819 1358 excutiunt,
843 1300 898 1346 et
935 1299 1066 1344 tunc
1087 1288 1154 1343 ad
1176 1287 1312 1342 benc
1353 1288 1623 1358 agendum
1659 1288 1794 1343 alios
1816 1289 1929 1343 sol-

344 1386 528 1442 licitos
551 1384 803 1441 reddunt.
837 1381 998 1437 Prius
1022 1379 1415 1452 cogitationum
1459 1379 1560 1436 alis
1603 1381 1928 1450 semetipsos

345 1479 570 1546 feriunt,
600 1479 728 1549 quia
753 1475 1018 1548 quidquid
1066 1475 1120 1529 in
1155 1488 1214 1528 se
1248 1472 1513 1528 inutiliter
1549 1483 1725 1544 torpet
1771 1472 1925 1528 solli-

2029 363 2129 416 alis
2158 361 2278 430 ejus
2296 375 2600 430 speremus.

2552 475 2662 546 73
2698 474 2927 530 carm*
2972 474 3076 530 vn.
3158 515 3161 519 .

2660 585 2726 623 DE
2766 585 2958 624 cotum.

2028 659 2096 714 In
2123 659 2397 731 scripura
2425 678 2580 716 sacra
2608 662 2748 716 corvi
2773 663 2980 716 nornine
3014 663 3303 733 aliquando
3330 666 3601 734 qeutilt‘taes

2098 731 2436 803 iutelliqitur,
2481 731 2770 802 aliquunde
2819 731 2964 804 plebs
3009 731 3264 800 Iudaica,
3313 735 3603 795 aliquando

2096 802 2313 875 quilibet
2336 804 2679 874 praedicator.

2099 913 2249 987 (110)
2293 914 2461 971 Corvi
2513 915 2735 970 nomine
2761 915 3036 986 gentilitas
3066 916 3384 988 intelligitur
3410 937 3424 973 ε
3449 917 3605 974 Unde

2028 1008 2098 1065 ad
2138 1009 2356 1064 beatum
2382 1006 2485 1064 Job
2514 1007 2745 1064 Domino
2772 1009 3141 1083 interrogante
3182 1010 3382 1065 dicitur
3411 1030 3425 1066 :
3471 1010 3604 1076 Quis

2025 1109 2293 1173 proeparat
2342 1116 2496 1157 corvo
2535 1117 2708 1155 escam
2736 1117 2910 1167 suam,
2941 1099 3153 1172 quaudo
3197 1101 3332 1171 pulli
3368 1102 3480 1171 ejus
3530 1103 3603 1157 ad

2029 1193 2314 1248 Dominum
2338 1193 2572 1248 clamant
2601 1202 2872 1264 vuqautes,
2900 1209 2959 1247 eo
2991 1193 3131 1265 quod
3158 1209 3261 1247 nou
3283 1194 3504 1249 habeant
3524 1195 3605 1249 ci-

2029 1286 2162 1340 bos?
2187 1284 2308 1357 (Iob
2343 1301 2573 1353 xxxviii,
2608 1286 2723 1356 tt.)
2763 1284 2905 1353 Quid
2942 1287 3089 1342 enim
3118 1286 3264 1341 corvi
3297 1286 3604 1357 pullorum-

2028 1392 2136 1449 que
2184 1378 2305 1448 ejus
2354 1378 2600 1444 nominc,
2644 1377 2750 1433 nisi
2801 1380 3038 1449 pcccatis
3095 1378 3246 1449 nigra
3290 1378 3607 1451 designatur

2030 1471 2344 1543 gentilitas?
2365 1468 2441 1524 De
2471 1486 2578 1541 qua
2614 1485 2709 1541 per
2739 1469 3062 1541 Prophetam
3105 1471 3305 1527 dicitur
3331 1490 3343 1525 :
3374 1472 3477 1538 Qui
3509 1473 3604 1526 dat

345 1576 454 1628 cita
509 1570 926 1641 investigatione
977 1565 1390 1636 deprehendunt
1423 1608 1438 1634 ,
1493 1559 1742 1622 districta
1799 1566 1926 1621 ani-
2020 1563 2279 1633 jumentis
2302 1579 2475 1617 escam
2506 1564 2762 1631 ipsorum,
2788 1573 2837 1616 et
2864 1562 3026 1633 pullis
3047 1579 3322 1618 corvorum
3358 1565 3608 1619 invocan-

348 1663 724 1718 madversione
763 1660 1066 1732 corrigunt.
1111 1656 1275 1711 Prius
1327 1673 1426 1713 sua
1472 1659 1667 1728 punire
1709 1658 1926 1734 {letibus
1960 1665 2002 1723 Β
2032 1656 2166 1709 tibus
2190 1671 2308 1709 eum
2336 1653 3056 1726 (Peal.cxt,vi,9)..lumcnta
3072 1655 3275 1726 quippe
3298 1670 3480 1712 escam
3506 1672 3604 1712 ac-

344 1763 560 1820 curunt,
593 1765 646 1810 el
676 1763 806 1810 tunc
831 1768 954 1824 qtlae
984 1753 1212 1806 alanu'tttn
1252 1762 1376 1806 sunt
1404 1754 1673 1818 μιιῐιὶυηιὶη
1709 1754 1924 1806 livinitu-

348 1849 502 1903 [iant.
531 1846 692 1903 Prius
719 1861 851 1918 ergo
878 1845 980 1899 alis
1029 1846 1284 1898 insultant
1348 1862 1509 1914 [ΙΝ-,ΗΜ
1553 1858 1741 1898 suillus
1773 1846 1925 1894 vluit»-

348 1950 484 2009 tanl,
509 1941 637 2012 quia
661 1949 954 2010 antequam
985 1942 1096 1993 veri
1120 1958 1148 1990 u
1200 1942 1597 1990 exilui-lnt‘unis
1629 1946 1925 2006 prusa-taut,

346 2047 510 2087 omne
540 2029 686 2102 quod
718 2031 952 2086 locuturi
991 2042 1112 2082 stitit
1144 2034 1396 2098 *qr-tilius
1420 2034 1673 2082 tinniunt.
1713 2030 1767 2086 Ιζι
1805 2050 1925 2082 runt

346 2127 584 2200 perlecoe
633 2129 690 2182 in
743 2125 1052 2197 semetipsis
1116 2130 1360 2194 vigilant.
1416 2142 1541 2182 littus·
1597 2130 1925 2178 dun-inimum.

346 2220 482 2274 alios
511 2217 578 2273 ad
612 2217 822 2289 vigilias
870 2227 1084 2272 vocant.
1136 2219 1236 2271 bii-..l
1288 2219 1428 2271 t,ttt.[=J
1489 2219 1597 2271 lm·
1645 2231 1785 2271 tans-‚i
1833 2223 1917 2271 ηἱψ

283 2346 293 2359 ·
345 2311 482 2366 ctori
531 2309 909 2380 intelligentia,
971 2316 1031 2361 ut
1074 2323 1116 2359 ι·ι
1172 2311 1272 2359 sihi
1320 2311 1549 2379 perti-ru:
1601 2311 1821 2375 i't:„'·'l[tl,
1877 2323 1927 2360 rt

345 2403 682 2459 dormientes
747 2403 814 2455 :ttl
864 2400 1076 2471 vigilias
1132 2403 1232 2455 suli
1292 2403 1615 2471 quibusdum
1673 2403 1925 2455 [innuitis

349 2492 685 2563 profectibus
716 2498 892 2556 vocet,
925 2499 982 2544 ul.
1017 2503 1068 2544 et
1116 2503 1456 2559 pt·⁴.·t·:ilut·tmt
1501 2495 1745 2543 [riis-lusis
1781 2507 1825 2559 μι
1849 2495 1929 2543 'we

346 2593 506 2641 cattle
527 2581 805 2648 discutiat,
842 2590 897 2636 el.
925 2580 1156 2637 dist-rute
1200 2587 1545 2651 {manuninum
1581 2583 1753 2635 lurum
1793 2599 1929 2651 [ιω]ἦ

347 2677 638 2734 dicationis
693 2675 969 2743 ostendat,
1028 2674 1369 2747 uttsingulis
1415 2674 1569 2745 juxta
1609 2675 1831 2730 modum
1877 2684 1932 2731 ct

350 2779 592 2840 tempora
620 2776 909 2839 congruat,
953 2777 1008 2823 et
1035 2766 1201 2821 simul
1246 2768 1504 2824 omnibus
1554 2768 1822 2838 quaeillos
1847 2784 1934 2824 sc-

347 2871 588 2934 quantur
636 2859 907 2918 ostendat.
943 2856 1095 2915 Unde
1142 2861 1209 2914 ad
1258 2868 1405 2915 tauta
1451 2870 1503 2916 et
1555 2869 1663 2915 tam
1714 2861 1928 2916 subtili-

350 2964 433 3010 ter
465 2953 705 3010 tenditur
733 2970 748 3018 ;
779 2951 887 3007 nisi
923 2950 1256 3006 intrinsecus
1283 2950 1353 3006 ab
1387 2966 1454 3007 eo
1477 2966 1506 3006 a
1539 2966 1649 3022 quo
1674 2961 1758 3006 est
1792 2967 1932 3007 cou-

2029 1749 2257 1820 cipiunt,
2278 1749 2408 1809 dum
2432 1762 2603 1802 sacrae
2630 1745 2924 1817 Scripturae
2945 1746 3144 1817 pabulo
3166 1758 3376 1805 mentes
3396 1748 3605 1805 dudum

2027 1839 2204 1895 brutae
2229 1839 2518 1894 satiantur.
2546 1836 2716 1892 Pullis
2745 1853 2875 1893 vero
2909 1853 3221 1906 corvorum,
3244 1839 3369 1895 tiliis
3400 1841 3607 1897 scilicet

2029 1934 2271 2006 gentium
2299 1949 2424 1989 esca
2450 1934 2630 1998 datur,
2662 1948 2785 1990 cum
2836 1948 3031 1991 eorum
3062 1935 3392 1994 desiderium
3419 1949 3607 1995 nostra

2028 2026 2443 2083 conversatione
2485 2027 2746 2082 relicitur.
2785 2024 2892 2083 lste
2937 2041 3137 2084 corvus
3168 2045 3292 2086 esca
3328 2028 3447 2097 ruit,
3474 2030 3608 2086 duni

2030 2121 2208 2191 ipsum
2240 2129 2430 2175 sancta
2477 2118 2718 2176 Ecclesia
2750 2133 3020 2192 quaereret
3051 2141 3066 2190 ;
3101 2123 3216 2178 sed·
3241 2139 3388 2179 nunc
3423 2139 3607 2181 escam

2028 2210 2249 2283 accipit,
2269 2211 2398 2282 quia
2423 2211 2538 2281 ipse
2559 2212 2628 2266 ad
2665 2215 3137 2270 conversationem
3169 2217 3309 2273 alios
3346 2218 3605 2288 exquirit.

2028 2304 2200 2376 Cujus
2226 2303 2476 2360 videlicet
2501 2303 2656 2374 pulli,
2683 2305 2737 2360 id
2755 2314 2837 2361 est
2859 2306 3243 2376 praedicatores
3268 2325 3334 2363 ex
3353 2325 3420 2365 eo
3450 2311 3605 2373 editi,

2030 2413 2140 2454 non
2180 2398 2234 2452 in
2261 2413 2321 2453 se
2347 2406 2708 2467 praesumunt,
2743 2397 2835 2453 sed
2893 2399 2948 2453 in
2993 2399 3203 2456 viribus
3229 2399 3611 2473 Redemptor-is

2031 2489 2139 2545 sui.
2164 2487 2319 2546 Unde
2351 2489 2489 2544 bene
2522 2487 2761 2544 dicitur:
2808 2489 3033 2556 Quando
3078 2492 3214 2562 pulli
3267 2493 3380 2564 ejus
3413 2494 3483 2548 ad
3509 2492 3614 2548 Do-

2032 2583 2234 2637 minum
2256 2582 2511 2640 clamant.
2561 2583 2707 2639 Nihil
2753 2584 2897 2640 enim
2940 2601 3041 2640 sua
3098 2585 3301 2641 virtute
3346 2601 3509 2656 posse
3548 2604 3612 2642 se

2032 2673 2234 2742 sciunt,
2259 2684 2312 2730 et
2357 2676 2611 2746 quamvis
2636 2675 2945 2732 animarum
3005 2679 3155 2734 lucra
3184 2678 3290 2749 piis
3319 2681 3458 2735 rotis
3483 2695 3608 2735 esu-

2033 2767 2199 2832 riant,
2225 2767 2294 2823 ab
2320 2768 2413 2822 illo
2442 2777 2646 2837 tamen,
2698 2769 2793 2840 qui
2823 2754 3020 2826 cuncta
3059 2770 3392 2826 intrinsecus
3418 2786 3613 2840 opera-

2034 2868 2142 2927 tur,
2176 2860 2292 2916 liaec
2319 2861 2433 2916 fleri
2458 2871 2734 2932 exoptant.
2764 2861 2900 2919 Vera
2940 2863 3083 2918 enim
3112 2863 3216 2919 lide
3247 2865 3612 2935 comprehen-

2032 2951 2171 3009 dunt
2196 2971 2210 3007 :
2241 2951 2422 3025 Neque
2448 2956 2538 3026 qui
2560 2954 2771 3026 plantat
2792 2965 2871 3012 est
2895 2955 3101 3028 aliquid
3134 2974 3298 3031 neque
3327 2959 3417 3030 qui
3446 2958 3611 3030 riqat,

348 3048 515 3112 ditus.
545 3045 851 3103 doccatur?
898 3042 1036 3111 Quia
1091 3058 1220 3115 ergo
1271 3043 1390 3100 laus
1425 3052 1587 3099 tantae
1619 3043 1928 3116 inti-lligen-
1957 3029 2002 3091 C
2032 3046 2123 3100 sed
2140 3046 2229 3117 qui
2253 3046 2631 3102 incrementum
2655 3048 2749 3102 dat
2776 3047 2913 3104 Deus
2945 3047 2998 3120 (1
3020 3049 3145 3106 Cor.
3165 3066 3248 3117 m,
3288 3049 3362 3121 7).

349 3142 459 3207 tim,
490 3156 598 3196 non
643 3138 1013 3211 praedicatoris
1066 3136 1240 3193 virtus
1274 3146 1377 3204 est,
1417 3138 1511 3192 scd
1557 3138 1816 3202 auctoris,
1846 3154 1930 3191 rc-

2103 3136 2259 3205 Quod
2295 3153 2422 3193 vcro
2475 3140 2682 3195 dictum
2707 3149 2811 3208 est,
2835 3150 3086 3211 vaqautes
3131 3157 3190 3196 eo
3214 3142 3354 3213 quod
3386 3157 3484 3195 uon
3516 3138 3615 3194 Ila·

351 3246 435 3289 cte
461 3249 558 3303 per
593 3231 843 3288 eumdem
869 3237 1148 3285 auctorem
1174 3230 1395 3285 dicitur.
1435 3227 1567 3294 Quis
1611 3229 1755 3283 dedit
1788 3228 1932 3300 qallo
2035 3229 2186 3282 beant
2223 3229 2387 3294 cibos,
2416 3230 2471 3285 in
2494 3230 2596 3286 bac
2610 3231 2896 3303 vagatione
2930 3232 3068 3287 nihil
3097 3232 3243 3287 alind
3267 3247 3432 3303 quam
3456 3240 3617 3285 aestn-

351 3323 756 3394 intelligentiam
789 3321 815 3374 ‚⁹
849 3336 914 3375 ac
955 3320 1004 3375 si
1049 3319 1278 3386 diceret,
1332 3319 1439 3374 nisi
1495 3334 1631 3390 ego,
1682 3320 1778 3390 qui
1827 3321 1935 3375 do-
2035 3320 2249 3400 antium
2275 3322 2691 3391 praedicatorum
2742 3331 2867 3378 vota
2921 3323 3228 3395 signantur,
3273 3320 3525 3394 quidum
3558 3322 3612 3376 in

353 3424 568 3471 ctorum
616 3422 847 3479 mentes,
899 3426 1039 3482 quas
1069 3412 1207 3467 mire
1253 3426 1322 3467 ex
1363 3412 1535 3466 nihilo
1589 3412 1831 3478 condidi,
1866 3413 1934 3468 ad
2038 3410 2297 3468 Ecclesiae
2338 3413 2522 3469 sinum
2574 3414 2817 3484 recipcre
2865 3414 3097 3485 populos
3119 3413 3387 3479 ambiunt,
3416 3427 3617 3483 magno

353 3506 700 3578 intelligenda
729 3520 852 3576 quae
880 3505 1093 3562 occulta
1115 3513 1247 3559 suut
1275 3504 1580 3561 mirabilius
1605 3506 1860 3561 instruxi.

903 3618 1008 3688 77
1048 3615 1276 3673 CAPUT
1324 3617 1403 3675 Vl.

972 3727 1037 3763 DE
1077 3726 1321 3766 caum.

358 3806 425 3862 In
448 3805 726 3876 Scriptura
756 3821 913 3859 sacra
940 3803 1160 3874 qallt'uoe
1181 3804 1388 3857 uoutiue
1415 3802 1704 3874 aliquando
1736 3805 1941 3874 sapien·

908 3876 987 3929 tia
1015 3873 1113 3930 Dei
1143 3874 1446 3931 dettotutur.

426 3971 651 4026 Gallinae
689 3969 909 4025 nomine
938 3970 1202 4039 sapientia
1255 3967 1350 4023 Dei
1400 3969 1741 4039 designatur,
1796 3968 1941 4024 sicut

356 4080 453 4138 per
475 4066 647 4137 ipsam
682 4065 735 4120 in
767 4063 1059 4135 Evangelio
1081 4063 1283 4119 dicitur
1315 4081 1329 4116 :
1369 4062 1687 4130 Jerusalem,
1713 4062 1942 4117 Jerusa-

352 4159 458 4213 lem
487 4174 604 4230 quoe
644 4158 838 4211 occidis
867 4155 1168 4225 prophetas,
1198 4156 1398 4225 quoties
1443 4153 1584 4209 uolui
1631 4171 1943 4226 couqreqare

358 4249 498 4318 filios
544 4259 661 4302 tuos
710 4246 1152 4319 quemadmodum
1198 4245 1400 4316 gallina
1449 4257 1725 4318 couqreqat
1769 4250 1943 4317 pullos

359 4356 481 4393 suos
524 4338 619 4393 sub
666 4337 784 4393 alas
809 4345 858 4391 et
904 4337 1124 4391 »coluisti
1154 4338 1180 4392 ?
1207 4335 1425 4407 (Mutela.
1476 4353 1633 4399 xxm,
1675 4337 1789 4409 57.)
1821 4337 1940 4394 Non

360 4440 445 4485 est
479 4428 815 4498 injuriosum
866 4442 1066 4482 nomen
1117 4426 1349 4499 gallinae.
1392 4428 1670 4484 Attendite
1717 4438 1943 4485 caeteras

362 4535 510 4576 aves..
551 4519 733 4574 Multae
760 4536 888 4576 aves
923 4529 1054 4575 ante
1086 4535 1187 4576 nos
1241 4520 1431 4587 fetant,
1463 4519 1787 4577 calefaciunt
1816 4523 1907 4593 pul
1928 4553 1941 4565 ·

363 4613 447 4669 los
477 4627 608 4668 suos
634 4630 647 4667 :
677 4612 825 4667 nulla
849 4611 929 4667 sic
963 4611 1080 4666 avis
1100 4612 1412 4668 infirmatur
1433 4628 1557 4669 cum
1611 4613 1774 4684 pullis
1802 4629 1942 4685 quo-

365 4705 528 4759 modo
555 4704 774 4775 gallina,
816 4701 1175 4770 llirundiueS,
1207 4717 1455 4771 anseres,
1486 4711 1541 4759 et
1565 4703 1810 4761 ciconias
1857 4706 1940 4760 vi-

365 4798 560 4854 demus
583 4807 737 4852 extra
790 4798 947 4853 nidos
986 4813 1137 4865 suos,
1188 4813 1290 4853 nec
1325 4798 1711 4869 cognoscimus
1758 4807 1940 4853 utrum

367 4887 513 4945 fetus
543 4889 801 4945 babeant.
863 4890 933 4945 At
979 4906 1111 4946 vero
1158 4891 1418 4962 gallinam
1473 4891 1858 4961 cognoscimus
1887 4891 1943 4945 in

324 4971 680 5039 ''intirmitate
703 4981 875 5046 vociS.
899 4991 953 5036 et
979 4982 1032 5036 in
1076 4982 1408 5038 relaxatione
1436 4981 1767 5052 plumarum.
1808 4980 1944 5037 Tota

369 5083 611 5130 mutatur
632 5073 826 5130 affectu
858 5076 1133 5145 pullorum
1168 5077 1336 5147 ;quia
1369 5073 1570 5133 i'nlirmi
1597 5087 1746 5143 sunt,
1790 5076 1945 5131 intir-

371 5181 517 5221 mam
539 5182 599 5221 se
620 5164 770 5222 facit.
804 5165 943 5233 Quia
958 5182 1089 5240 ergo
1119 5176 1172 5224 et
1200 5183 1301 5223 nos
1331 5168 1534 5223 intirmi
1564 5182 1810 5236 eramuS,
1856 5170 1943 5222 in-

371 5260 585 5314 firmam
640 5274 701 5315 se
727 5257 862 5316 fecit
900 5259 1163 5332 sapientia
1204 5259 1320 5328 Dei,
1355 5262 1483 5331 quia
1536 5271 1596 5317 ut
1635 5262 1892 5318 scribitur
1924 5283 1940 5318 ε

383 5348 607 5405 Verbum
634 5368 762 5406 caro
794 5351 996 5423 fuctum
1030 5363 1129 5420 est,
1171 5358 1220 5409 et
1271 5353 1529 5410 habitavit
1579 5356 1634 5409 in
1674 5354 1843 5411 uobis.
1875 5353 1945 5409 Et

372 5443 600 5498 ridimus
629 5441 855 5515 qloriam
880 5444 1015 5515 ejus,
1045 5442 1271 5516 qloriam
1302 5446 1455 5517 quasi
1482 5443 1747 5515 Uniqenitt'
1773 5462 1805 5499 a
1835 5443 1949 5500 Pa-

445 5598 592 5672 (¹09)
633 5600 756 5659 llaec
778 5603 880 5660 sub
909 5602 1068 5659 finem
1098 5603 1310 5675 capitis.

2038 3504 2236 3561 ardore
2261 3506 2534 3572 succensi,
2565 3522 2712 3562 nunc
2734 3507 2803 3562 ad
2831 3507 2954 3574 hos,
3000 3522 3147 3562 nunc
3176 3504 3245 3561 ad
3293 3505 3415 3561 illos
3462 3505 3618 3561 oolli-

2039 3596 2244 3669 gendos
2271 3596 2600 3654 desiderium
2658 3599 2899 3654 mittunt.
2945 3597 3116 3666 Quasi
3143 3599 3391 3669 quaedam
3416 3598 3618 3668 quippe

2042 3685 2256 3757 vagatio
2284 3698 2370 3744 est
2419 3689 2536 3760 ipsa
2566 3689 2676 3760 79
2703 3690 3050 3761 cogitationis
3074 3689 3348 3747 aestuatio.
3379 3689 3439 3743 Et
3471 3692 3620 3746 vetut

2043 3781 2108 3834 ad
2132 3781 2248 3837 loca
2279 3786 2428 3837 varia
2465 3785 2687 3839 mutatis
2737 3786 2962 3840 nutibus
3014 3793 3317 3850 transeunt,
3354 3785 3484 3839 dum
3518 3800 3619 3853 pro

2043 3871 2349 3927 adunandis
2368 3873 2657 3928 animabus
2680 3873 2735 3927 in
2766 3875 2959 3931 modos
2982 3876 3323 3943 innumeros,
3350 3876 3402 3929 in
3434 3886 3618 3947 partes

2041 3960 2288 4016 diversas
2314 3962 2587 4019 esuriente
2617 3973 2797 4019 mente
2818 3965 3149 4022 discurrunt.

2114 4052 2299 4109 Potest
2323 4055 2474 4110 corvi
2504 4056 2723 4111 nomine
2755 4057 2909 4128 nigra
2940 4073 3037 4129 per
3073 4059 3407 4117 infidelitatis
3451 4062 3620 4117 meri-

2046 4150 2158 4198 tum
2194 4143 2347 4213 plebs
2373 4141 2600 4201 Judaica
2629 4146 2930 4218 designari.
2954 4146 3089 4203 Nam
3120 4150 3253 4220 pulli
3276 4150 3398 4222 ejus
3428 4152 3495 4207 ad
3520 4149 3623 4208 Do·

2047 4234 2253 4288 minum
2287 4234 2527 4292 clamare
2572 4238 2906 4307 referuntur,
2950 4251 3011 4297 ut
3046 4241 3223 4298 eidem
3255 4258 3423 4299 corvo
3451 4260 3482 4299 a
3513 4243 3621 4301 Do-

2048 4327 2198 4381 mino
2214 4342 2341 4383 esca
2371 4338 2721 4399 praeparetur,
2749 4332 2877 4402 qnia
2901 4333 3160 4390 nimirum
3190 4335 3363 4391 sancti
3387 4336 3645 4407 apostoli

2048 4419 2219 4490 plebis
2241 4419 2549 4477 israeliticae
2574 4438 2738 4479 carne
2774 4431 3033 4496 gent-sati,
3057 4427 3184 4482 dum
3210 4443 3309 4499 pro
3335 4437 3491 4500 geute
3520 4443 3621 4484 sua

2046 4528 2236 4583 preces
2266 4513 2333 4568 ad
2356 4512 2648 4570 Dominum
2678 4516 2915 4572 fundunt
2936 4559 2952 4585 ‚
2981 4519 3139 4589 quasi
3173 4519 3302 4589 pulli
3332 4534 3622 4575 corvorum

2047 4622 2195 4672 eum,
2228 4606 2295 4661 de
2315 4622 2426 4667 ouo
2455 4609 2750 4664 carnaliter
2777 4610 2906 4664 editi
2936 4620 3086 4677 sunt,
3119 4612 3388 4683 spirituali
3417 4612 3622 4668 intelli-

2048 4698 2229 4768 gentia
2277 4708 2556 4769 parentem
2600 4702 2860 4771 populum
2908 4715 3257 4772 paraverunt.
3288 4703 3457 4775 lgitur
3487 4705 3620 4761 dum

2047 4793 2180 4865 pulli
2208 4796 2328 4863 ejus
2350 4795 2608 4863 clamant,
2634 4811 2757 4852 esca
2782 4813 2948 4853 corvo
2964 4808 3319 4870 praeparatur,
3337 4800 3466 4870 quia
3488 4799 3622 4856 dum

2052 4886 2285 4956 apostoli
2324 4897 2575 4955 exorant,
2610 4888 2762 4959 plebs
2787 4888 2994 4944 dudum
3036 4890 3239 4960 perlida
3265 4891 3334 4945 ad
3356 4891 3625 4962 cognitio-

2052 4992 2176 5032 nem
2208 4977 2328 5032 lidci
2359 4976 2598 5042 ducitur.
2629 4988 2771 5035 etex
2800 4980 3187 5050 praedicatione
3207 4980 3444 5036 tiliorum
3467 4983 3625 5053 quasi

2051 5084 2119 5125 ex
2143 5069 2413 5139 pullorum
2440 5084 2569 5126 voce
2596 5072 2844 5127 satiatur.
2872 5070 3007 5126 illud
3037 5080 3217 5128 tamen
3255 5072 3311 5128 in
3338 5073 3444 5130 boc
3463 5091 3623 5132 versu

2053 5161 2315 5218 debemus
2354 5163 2578 5219 solerter
2625 5164 2845 5233 intueri,
2879 5165 3029 5236 quod
3070 5166 3198 5221 linic
3226 5182 3391 5223 corvo
3429 5166 3628 5224 dicitur

2052 5269 2176 5311 esca
2202 5254 2438 5326 primum
2467 5254 2631 5324 pullis
2656 5256 3020 5312 clamantibus
3037 5298 3052 5323 ‚
3081 5265 3137 5312 et
3159 5258 3505 5328 postmodum
3532 5274 3627 5314 va·

2053 5347 2307 5420 gentibus
2374 5348 2689 5418 praeparari.
2741 5348 3119 5405 clamantibus
3178 5364 3414 5419 namque
3462 5349 3628 5420 pullis

2055 5457 2222 5500 corvo
2247 5458 2373 5500 esca
2413 5454 2712 5515 praeparata
2750 5452 2855 5511 est,
2888 5458 3013 5499 cum
3040 5443 3458 5514 praedicantibus
3493 5459 3627 5514 apo·

2137 5602 2183 5672 (l
2202 5600 2282 5673 lo)
2303 5600 2494 5658 Exlib.
2518 5618 2621 5658 xxx
2647 5602 2698 5658 in
2715 5601 2835 5673 Joh,
2855 5618 2973 5678 cap.
2997 5620 3150 5676 xvttt,
3170 5601 3223 5661 in
3248 5602 3513 5675 principio
3539 5604 3623 5663 12.
