3817 6000
93 4078 95 4080 ’
196 4075 342 4147 intelligas.
367 4073 405 4131 De
428 4074 481 4130 boc
508 4072 646 4128 intellectu
668 4069 793 4142 psalmus
817 4066 983 4132 intitulatur,

184 210 253 267 toto
664 196 817 257 corboili
836 191 1031 257 obstitisti}
1050 188 1325 249 nowllsnsrolto.
1744 186 1813 250 lm

182 333 224 380 est
250 320 318 378 relic
342 315 523 383 abscondere,
547 322 575 369 ot
599 327 655 368 non
678 311 813 370 confiteri.
839 308 971 379 sequitur
986 315 1008 371 ll
1024 306 1089 362 velit
1112 303 1236 370 obedire,
1258 319 1293 359 aa
1316 302 1427 360 diabolo
1446 302 1621 373 persuadenti
1646 302 1810 370 mammone,

182 411 385 470 commendatio
399 406 589 480 poenitudinis.
1006 397 1084 468 ¹iuro
1103 395 1204 453 dieitur
1213 396 1239 451 ei
1253 412 1260 450 ε
1273 393 1340 449 nali.
1359 390 1413 449 Sed
1426 401 1454 448 ct
1472 390 1545 452 bens
1559 392 1628 449 nihil
1645 392 1813 464 impossibile

219 502 387 576 diapsalma.
401 498 537 564 -lnns
553 498 581 554 6.
606 526 641 539 -
662 495 716 551 Pro
731 495 782 550 trae
798 494 885 550 orabit
899 493 934 548 ad
948 502 973 548 te
1020 488 1096 560 iubet
1110 505 1118 543 ι
1134 486 1244 545 sienim
1259 486 1343 542 homo
1356 483 1395 541 ita
1421 491 1627 549 creatusessct,
1644 491 1744 540 utnon
1759 483 1813 540 uisi

183 596 270 652 amoris
281 595 400 649 sanctas.
413 589 471 645 lloc
484 597 527 644 est
541 603 549 640 :
563 584 678 642 Protea
685 584 861 650 remissione,
871 583 914 638 nel
924 597 973 653 pro
1024 578 1222 648 maturuerat,
1236 574 1467 650 impossibilcsibi
1476 584 1551 634 essct
1564 575 1668 632 malum
1677 575 1812 644 deuitare,

184 689 233 743 iac
257 685 398 756 impietate
422 680 508 736 orabit
522 680 558 734 ad
580 688 616 744 te,
632 677 680 750 qui
699 677 775 734 solus
801 683 912 748 peecata
929 689 975 730 re-
1023 674 1079 730 imo
1096 686 1209 731 neccsse
1223 681 1297 732 essct
1308 686 1374 729 oum
1386 683 1511 743 peccaro
1522 678 1723 742 ctsarmerctur
1736 670 1812 741 quod

184 776 391 845 millinarium,
406 772 454 844 qui
466 773 583 829 valuerit
595 785 657 828 esse
682 779 802 826 amatas.
823 766 856 823 iit
871 767 922 822 boe
936 767 973 821 ia·
1023 763 1158 822 Dominus
1173 763 1293 834 injustus
1313 771 1398 831 essct,
1419 762 1479 820 sici
1496 771 1638 833 peccatum
1653 762 1813 833 imputaret.

184 870 223 926 cit
233 869 260 923 in
273 877 389 936 tempore
410 872 568 934 opportuno,
588 861 641 917 boc
653 870 708 928 est,
733 858 761 914 in
775 858 827 915 ista
848 857 913 924 trita,
927 854 974 911 ubi
1025 854 1079 913 Sed
1089 863 1118 912 et
1129 856 1221 912 nullus
1231 854 1393 927 prohibetur
1408 855 1445 913 ab
1458 853 1633 927 impossibili.
1649 851 1759 911 Nemini
1771 854 1815 910 tli-

185 973 228 1018 est
238 967 423 1031 opportunum
436 970 526 1021 orare,
537 963 565 1010 ct
579 962 687 1023 tempus
704 949 871 1021 acceptabile
885 965 892 1004 r
908 962 973 1003 nam
1025 949 1118 1006 citur:
1134 945 1225 1004 Nolite
1237 947 1273 1003 ab
1286 946 1363 1006 italio
1381 946 1411 1004 ia
1424 946 1547 1003 Africam
1565 945 1675 1015 rolaro;
1688 945 1738 1002 sed
1751 959 1816 1002 om·

185 1052 332 1108 ininferna
350 1062 432 1105 necno
447 1045 622 1104 confitebitur
632 1043 760 1098 Domino.
832 1065 836 1072 ·
1024 1042 1107 1099 nibus
1119 1039 1221 1098 dicitur
1233 1059 1242 1097 a
1256 1040 1340 1097 nolite
1358 1055 1483 1112 peecare.
1498 1037 1569 1096 illud
1579 1039 1655 1096 onim
1668 1047 1712 1096 cst
1723 1037 1814 1095 botni-

225 1143 412 1199 Verumtamen
421 1141 449 1195 t'n
458 1138 558 1194 dilanio
571 1152 701 1209 aquarum
713 1132 859 1188 stultarum
870 1132 905 1187 ad
914 1146 975 1186 enm
1025 1134 1054 1190 ni
1066 1147 1122 1191 uon
1136 1131 1318 1203 impossibile,
1330 1131 1404 1189 istud
1421 1129 1564 1203 possibile.

185 1252 239 1292 non
265 1227 499 1305 approximabunt.
521 1228 658 1285 Diiurirtm
673 1242 804 1297 aquaram
827 1224 975 1280 molturam
1061 1226 1113 1285 Per
1123 1243 1218 1299 equum
1230 1234 1257 1283 et
1269 1225 1370 1282 malum
1385 1223 1575 1298 intelliguntur
1583 1220 1730 1284 luxui-5051,
1742 1222 1817 1280 litei.

185 1336 228 1384 est
238 1324 383 1381 inundatio
403 1322 592 1380 doctrinarum
614 1317 852 1390 pbilosophorum,
867 1315 910 1370 rel
923 1315 977 1369 lias·
1026 1329 1072 1377 tur
1082 1335 1147 1393 erga
1160 1318 1286 1375 fidelibus
1303 1316 1415 1374 :Nolite
1429 1317 1568 1388 periclem
1580 1332 1661 1387 canas
1676 1325 1703 1371 et
1714 1314 1814 1379 malm,

186 1416 335 1473 reticorum
356 1413 384 1468 in
403 1412 505 1482 quibus
530 1410 654 1466 ltornines
670 1407 726 1463 ileo
744 1422 796 1460 narr
808 1405 977 1475 approxima·
1027 1411 1080 1469 110(-
1087 1420 1140 1480 est,
1155 1410 1228 1467 sieut
1240 1409 1347 1481 {utqui
1358 1425 1413 1467 „0⁰
1424 1408 1474 1466 pet
1483 1409 1635 1476 votum,
1649 1405 1697 1464 ,ω
1706 1408 1816 1478 propri,

187 1507 328 1574 tonsure
351 1503 523 1559 suscitasse
547 1505 685 1571 puerunt,
703 1495 841 1551 Diluntum
865 1509 978 1565 quoque
1028 1502 1062 1559 aa
1077 1497 1817 1560 irrationabilesmouamoreminorennium

187 1594 475 1669 aquaramnmltamm
489 1599 553 1649 sunt
581 1589 664 1645 rariae
696 1585 900 1660 purificationes
927 1583 977 1640 lu·
1027 1611 1124 1668 equum
1137 1609 1248 1672 qnoque
1261 1595 1387 1667 penales,
1409 1609 1459 1666 pp„
1474 1594 1577 1649 mptum
1604 1591 1693 1649 Jupaep
1716 1590 1818 1663 puppe„

187 1690 321 1754 limium,
337 1687 365 1741 5¹¹
385 1685 486 1758 quibus
508 1681 564 1737 ⁰⁰⁰
592 1694 646 1736 ⁰⁰¹¹
669 1676 935 1750 ²lllll0lli¹¹ll¹¹²b³¹lb
960 1689 976 1729 ⁸
992 1658 1014 1715 Β
1030 1686 1102 1760 pigri
1119 1686 1299 1743 denotantur.
1315 1684 1382 1753 Vns,
1397 1683 1558 1750 Christiani,
1573 1682 1733 1739 nolitcesse
1745 1681 1819 1737 siem

187 1795 243 1852 ouo
267 1780 347 1850 tonse
374 1792 423 1848 uer
446 1773 669 1847 supernomen
697 1769 872 1826 nonenim.
898 1766 978 1823 Dilu-
1027 1775 1113 1834 tuam
1133 1774 1487 1848 argentoratensium
1503 1782 1557 1831 era
1578 1786 1645 1830 vam
1658 1770 1716 1829 neo
1729 1769 1819 1828 ror-t

187 1874 257 1927 aium
270 1871 352 1927 etiam
365 1869 466 1925 dieitur
475 1866 622 1939 judicium,
634 1864 698 1936 quia
709 1861 800 1920 subito
810 1860 911 1929 ueniet,
920 1861 978 1916 sic·
1027 1876 1133 1926 cantes,

188 1964 228 2020 uti
253 1963 387 2020 diluvium
414 1961 552 2030 insperato
563 1958 648 2014 uenit.
670 1955 703 2012 El
718 1955 791 2012 sicot
815 1953 882 2010 iliud
905 1952 979 2010 dilu·
1063 1959 1133 2017 Cum
1144 1959 1375 2018 nnisdominum
1389 1972 1472 2016 suum
1485 1964 1819 2030 wodestkam

189 2056 263 2110 l'itlnl
272 2067 405 2125 aquarum
419 2051 569 2107 multarum
581 2062 664 2120 super
673 2061 770 2106 omnes
779 2055 887 2102 montes
894 2044 977 2116 quili-
1028 2053 1072 2109 vel
1095 2053 1147 2110 bon
1159 2066 1282 2124 ppaepppo
1296 2059 1412 2122 repetat,
1425 2050 1561 2122 quaefilpp
1583 2049 1726 2120 quomodo
1741 2047 1819 2105 din.

188 2145 278 2200 decim
303 2144 404 2199 nubitis
418 2140 553 2208 ascendit,
568 2141 606 2195 ita
618 2140 752 2197 diluuium
767 2139 909 2211 igneorum
926 2135 978 2192 ilu-
1028 2154 1074 2202 tuf
1089 2161 1096 2200 :
1111 2144 1214 2213 Qus„
1228 2162 1281 2201 πω,
1304 2156 1345 2203 m
1357 2144 1528 2202 amaram?
1540 2144 1593 2203 sep
1612 2145 1757 2204 ,dmm
1775 2153 1819 2202 ω

189 2235 296 2291 riorum
311 2233 498 2290 eodemmodo
510 2240 660 2289 excrescet.
675 2229 791 2308 Etsieut
804 2238 979 2286 tuncomncs
1029 2239 1105 2311 quod
1128 2237 1223 2296 pegttae
1245 2253 1369 2307 mogum,
1383 2238 1412 2294 pn
1436 2239 1634 2312 immone
1654 2240 1818 2296 mom

189 2326 329 2398 perierunt
341 2334 439 2397 praeter
462 2325 535 2391 illos,
548 2324 596 2397 qui
614 2333 694 2381 erant
706 2323 735 2379 in
750 2337 825 2388 area,
840 2321 877 2377 ita
890 2319 918 2376 in
933 2319 979 2376 die
1028 2331 1140 2399 patient,
1159 2329 1299 2387 intellectu
1312 2329 1423 2402 penitus
1440 2338 1546 2388 tarent,
1560 2327 1614 2386 Ρη
1628 2344 1743 2387 semum
1756 2346 1820 2387 001.

189 2420 235 2476 illa
245 2433 341 2475 omnes
354 2418 483 2490 peribunt
495 2426 593 2489 preter
604 2431 664 2483 eos,
680 2415 728 2488 qui
751 2423 834 2470 erunt
843 2415 870 2468 in
884 2412 979 2469 Eccle-
1029 2426 1116 2498 ppt-ti,
1127 2437 1183 2495 quo
1207 2423 1296 2496 magis
1314 2423 1440 2495 quadam
1455 2438 1539 2495 quaro
1552 2422 1637 2479 borno
1647 2424 1752 2495 rigent,
1765 2423 1819 2480 ps.

189 2511 241 2570 sia.
255 2509 289 2568 Et
299 2510 348 2582 qui
360 2509 407 2565 bic
420 2524 469 2581 per
479 2508 670 2565 remissionom
682 2507 770 2563 saneti
786 2504 898 2572 luerint,
912 2512 979 2559 tunc
1029 2517 1122 2574 „tm
1130 2526 1342 2590 mcoguoscont,
1353 2515 1483 2573 apsent„
1499 2514 1607 2573 capulo,
1619 2515 1819 2587 mmmmm

189 2618 299 2661 summa
315 2601 447 2658 facilitate
473 2601 533 2659 sine
556 2600 668 2657 laesione
691 2599 759 2656 iliad
784 2598 894 2671 igneum
906 2595 980 2652 dilu·
1029 2624 1078 2679 per
1088 2605 1249 2664 memoriam
1260 2620 1325 2662 am
1337 2604 1428 2674 appot,
1439 2606 1524 2663 pom
1534 2606 1667 2677 praep„
1679 2614 1818 2677 mum,

189 2680 265 2750 rium
287 2691 505 2765 pertransibunt,
517 2699 546 2747 et
563 2690 598 2747 ad
620 2689 706 2747 Deum
722 2687 978 2747 sesanetdcantern
1029 2695 1117 2754 pom,
1131 2697 1191 2756 ,012
1202 2695 1345 2753 mosomus
1356 2704 1482 2753 cmm„
1500 2696 1605 2753 bonum
1619 2705 1648 2753 et
1659 2697 1820 2769 mmmm

190 2783 364 2857 mnesteus
376 2782 454 2857 tmoli
469 2798 537 2840 ios
553 2781 672 2854 potuere
683 2777 978 2853 monteferetrano
1029 2790 1165 2846 mironem
1186 2787 1328 2857 arnono,
1343 2787 1460 2845 virtues
1472 2801 1500 2844 er
1511 2788 1576 2845 vara
1590 2788 1819 2861 maroneum

191 2878 219 2933 5¹¹
234 2878 297 2948 18⁰0
312 2877 503 2945 seminatum,
521 2892 572 2930 '¹⁰²¹
584 2871 816 2946 “timimssillb
1030 2879 1175 2952 conspicit,
1189 2878 1264 2951 quod
1278 2877 1449 2936 nullabcstia
1464 2878 1607 2936 iacitlox
1622 2895 1820 2938 consertorum

227 2967 311 3027 Vens.
323 2967 349 3024 l.
363 2997 399 3010 -
415 2963 455 3023 Tu
467 2982 494 3024 ea
508 2966 640 3039 nesapium
653 2981 738 3022 meam
759 2982 776 3019 a
797 2961 977 3029 tribulatione,
992 2972 1190 3054 catilinam:
1254 3022 1259 3031 ,

191 3077 251 3133 prum
275 3059 448 3116 circumdedit
460 3075 501 3115 me
513 3060 570 3116 sire
581 3058 609 3114 in
633 3057 737 3114 diluuio
752 3056 898 3124 haeresurn,
921 3055 981 3111 siro

192 3155 221 3210 ir
238 3153 342 3209 diluvio
356 3152 538 3208 tentationum
552 3171 559 3207 z
572 3151 614 3207 rel
629 3150 657 3206 in
672 3149 776 3205 diluuio
799 3148 979 3216 anxietatum,

1068 3061 1102 3119 ln
1120 3079 1195 3119 camo
1208 3074 1234 3119 et
1249 3063 1324 3134 frma
1338 3063 1466 3121 maxillas
1485 3080 1577 3121 earum
1597 3067 1822 3138 consociamur

1031 3172 1085 3213 nara
1099 3158 1288 3227 epproeimaat
1304 3157 1339 3211 ad
1354 3155 1500 3223 le.Comas‚
1512 3156 1560 3228 qui
1572 3164 1615 3213 est
1628 3157 1821 3228 ponderosior,

1032 3246 1065 3302 ad
1077 3246 1179 3314 mulos,
1196 3246 1299 3318 irenam
1309 3248 1426 3319 pertinet
1438 3249 1473 3303 ad
1488 3263 1584 3320 equos.
1596 3246 1649 3304 Per
1663 3250 1756 3306 mulos
1770 3251 1822 3304 im·

1031 3337 1137 3406 mundi,
1152 3352 1201 3409 per
1213 3352 1299 3409 equos
1316 3337 1505 3409 significantur
1515 3338 1638 3410 superbi.
1648 3337 1701 3396 Per
1711 3356 1822 3396 sanium

1032 3426 1148 3485 interior
1161 3428 1320 3500 exspiratio,
1336 3442 1386 3499 per
1410 3426 1518 3483 lienum
1544 3429 1680 3501 accipitur
1699 3432 1822 3488 exterior

1032 3518 1186 3591 discipiina.
1201 3516 1249 3575 Vel
1264 3534 1313 3590 por
1322 3534 1431 3575 mnium
1444 3519 1583 3589 corrtritio,
1594 3535 1644 3592 per
1653 3520 1764 3579 imnum
1778 3522 1823 3577 in·

1033 3611 1164 3683 telligitur
1175 3610 1343 3683 pradicatio.
1358 3609 1407 3667 Vel
1418 3626 1467 3682 per
1487 3626 1598 3668 cantum
1613 3615 1763 3669 vehemens
1779 3613 1823 3666 in·

1032 3706 1132 3772 rectio,
1142 3719 1191 3777 per
1205 3703 1314 3761 frenum
1327 3702 1468 3761 moderata
1479 3703 1603 3761 innuitur
1612 3708 1758 3763 correctio.
1773 3705 1825 3761 Per

1033 3798 1172 3867 maxillas,
1188 3798 1289 3869 quibos
1307 3796 1457 3866 manditur,
1469 3796 1597 3854 rietualis
1605 3797 1683 3868 copia
1694 3798 1826 3870 intelligi-

1033 3899 1091 3947 tur.
1105 3889 1221 3962 Superbi
1247 3886 1304 3945 Deo
1319 3902 1374 3945 non
1390 3888 1653 3960 approximantem
1669 3889 1826 3948 luxrrriaect

1034 3981 1158 4038 ebrietati
1168 3988 1276 4037 vacant.
1287 3977 1321 4034 in
1334 3996 1410 4035 cama
1418 3989 1443 4034 et
1451 3980 1536 4051 trena,
1551 3979 1634 4050 Dens,
1646 3981 1827 4039 omitteres

1034 4088 1094 4129 ram
1110 4074 1271 4144 carrrtrinpe,
1283 4073 1328 4144 pati
1338 4088 1391 4127 non
1403 4072 1591 4143 approximant
1601 4072 1638 4126 ad
1650 4082 1687 4140 te,
1697 4072 1766 4129 dum
1778 4089 1827 4129 su·

194 4167 259 4238 quia
271 4182 319 4238 per
330 4166 497 4221 intellectum
511 4163 604 4218 anima
616 4161 795 4217 illuminatur.
805 4159 841 4214 Et
851 4159 984 4213 instruam
1035 4166 1136 4238 pestiis,
1145 4165 1306 4232 luxuriosis,
1321 4163 1439 4221 ebriosis
1447 4164 1555 4235 copiam
1569 4179 1660 4220 rorum
1672 4165 1826 4228 subtrabit,

196 4270 221 4316 te
232 4258 313 4313 invia
324 4257 385 4321 bac,
401 4272 453 4327 aaa
469 4253 609 4326 prodieris,
626 4253 679 4308 boe
693 4261 735 4308 est
748 4270 756 4307 ε
771 4251 798 4305 in
817 4250 861 4305 oia
874 4246 985 4305 cornico
1035 4255 1362 4327 adumimtibuspremit,
1376 4255 1616 4327 praedicationibus
1626 4256 1754 4328 corripit.
1769 4255 1829 4312 tto·

196 4351 294 4417 sionis,
309 4363 392 4419 quarn
405 4338 480 4403 notre
493 4347 633 4417 ingressus
646 4359 687 4406 os.
707 4342 810 4399 docebo
824 4351 851 4397 te
861 4341 931 4396 bene
943 4338 985 4395 ri·
999 4340 1022 4399 b
1035 4348 1083 4401 lite
1096 4360 1161 4416 erpo
1180 4345 1240 4414 deri
1265 4344 1336 4400 slent
1349 4360 1433 4415 equas
1448 4353 1475 4399 et
1488 4342 1588 4411 malus,
1601 4358 1636 4399 nc
1649 4342 1721 4401 iortc
1738 4345 1768 4400 in
1780 4362 1828 4402 ca·

196 4455 271 4509 rere,
282 4449 313 4496 ut
323 4440 414 4511 possis
427 4453 488 4494 mea
504 4450 604 4493 arcam
618 4434 778 4506 intelligere.
793 4433 922 4488 firmabo
934 4449 981 4487 aa·
1036 4453 1082 4494 nto
1102 4435 1289 4493 tribulationis
1310 4446 1338 4493 et
1354 4435 1431 4493 trono
1455 4435 1638 4508 correptionis
1651 4438 1828 4509 constringat

196 4547 242 4601 per
256 4531 382 4587 maculas
400 4544 479 4584 meas.
504 4527 562 4585 iloc
578 4535 632 4590 cst,
656 4522 765 4582 drmunr
785 4534 811 4582 te
830 4524 928 4582 inciam
955 4524 984 4580 in
1035 4528 1252 4602 sosbersqnta

196 4623 300 4679 lumine
313 4621 498 4694 intelligentia
512 4637 589 4678 meae.
604 4619 683 4676 Oculi
703 4617 811 4674 Domini
823 4628 888 4674 sunt
902 4616 986 4675 tuisc-
1073 4619 1155 4677 lnns.
1169 4620 1213 4676 to.
1226 4649 1263 4661 -
1275 4619 1364 4675 llnlta
1376 4620 1483 4693 lapella
1496 4623 1653 4693 peccatoris.
1668 4619 1763 4677 Verba
1775 4621 1827 4676 ista

197 4716 314 4771 ricordia
328 4724 355 4772 et
370 4716 466 4786 pietas.
482 4713 539 4771 llos
553 4729 636 4784 snper
657 4725 824 4768 conversum
844 4710 985 4765 bominem
1036 4719 1122 4767 tracta
1149 4720 1215 4768 sunt
1234 4711 1270 4767 ab
1284 4710 1425 4768 indomitis
1438 4712 1616 4780 animalibus,
1628 4726 1693 4785 que
1701 4726 1827 4775 canum
1900 4738 1901 4765 r

192 3246 233 3300 rel
249 3245 276 3299 in
289 3244 391 3300 diluvio
405 3252 604 3300 tormentorum
628 3241 726 3314 impios
738 3243 765 3297 io
777 3240 882 3313 judicio
893 3240 946 3296 inv.
956 3238 982 3295 l·

191 3335 314 3392 uentium
329 3352 336 3391 :
352 3334 507 3391 Exsultatia
520 3351 589 3402 orrea,
601 3334 731 3407 quianon
746 3328 851 3407 gaudeo
859 3333 887 3389 in
900 3346 982 3387 inun-

192 3427 239 3495 do,
259 3427 307 3484 sed
320 3427 347 3483 in
359 3436 395 3484 te.
414 3425 485 3482 Erae
508 3443 578 3482 ntea
595 3423 821 3481 circumdantibus
835 3440 875 3479 me
889 3423 982 3480 inimi·

192 3521 233 3577 eis
247 3519 290 3586 rei
311 3519 430 3591 peccatis
441 3517 484 3574 rel
494 3517 628 3575 aduersis.
654 3515 792 3572 Hactenus
805 3516 940 3587 poenitens
952 3530 983 3573 sc

193 3611 360 3677 accusando,
374 3610 530 3682 etjudieem
546 3608 721 3682 justiticando
732 3609 887 3680 perorarit;
906 3608 983 3665 doin-

192 3718 258 3775 ceps
265 3702 367 3775 judicis
382 3701 524 3759 clementia
539 3703 697 3775 respondit:

229 3795 399 3868 diapsalma.
412 3826 450 3837 -
466 3793 550 3852 Vsus.
563 3796 590 3853 8.
603 3827 641 3839 ·-
654 3794 822 3852 intellectum
841 3795 889 3850 tili
902 3795 982 3863 dala,

193 3899 225 3950 ot
237 3905 300 3963 quae
322 3891 395 3946 mala
409 3904 531 3962 ergarus
545 3888 588 3945 rel
605 3904 668 3961 erga
683 3888 799 3959 teipsum
815 3886 922 3953 leceris,
939 3887 981 3942 in·

194 3983 312 4054 tellipas,
325 3991 354 4039 ct
363 3998 425 4055 qua
439 3983 510 4039 bona
522 3981 759 4053 neglexeramus
771 3978 871 4034 aniodo
886 3978 982 4042 incias,

197 4808 327 4874 lirmabit,
353 4808 463 4877 quando
476 4821 539 4865 cnm
552 4807 588 4863 de
607 4806 687 4863 malis
700 4812 857 4875 exemptum
876 4802 907 4859 in
918 4815 987 4857 con·

94 4952 100 4965 ,
197 4909 291 4970 spectu
304 4915 361 4956 suae
375 4898 489 4956 risionis
502 4896 614 4953 locabit.
634 4895 764 4970 Sequitur
779 4894 932 4952 admonitio
943 4893 986 4949 di-

198 4994 263 5045 rina
275 4991 309 5045 arl
324 5005 382 5057 eos,
397 4989 444 5063 qui
457 4989 548 5048 aditus
568 5004 616 5059 per
633 4987 711 5044 deria
726 4988 829 5044 erroris
841 4994 985 5059 rogantur,

199 5082 402 5155 utquatrtucius
413 5080 596 5152 corrigantur.

235 5175 318 5231 lens.
335 5174 362 5230 li.
375 5206 411 5216 -
424 5171 515 5228 Nolite
524 5172 583 5243 fieri
597 5171 665 5226 sient
685 5185 767 5242 equus
780 5181 806 5226 et
818 5170 988 5242 melampsi-

199 5265 246 5321 lms
260 5282 311 5321 non
336 5274 375 5321 est
397 5261 621 5321 intellectualis
640 5263 930 5335 exprimiturliberum
942 5277 986 5316 ar·

200 5358 322 5414 latrium.
339 5355 368 5412 Si
379 5356 452 5412 enim
466 5355 522 5411 lato
536 5353 578 5410 rel
594 5353 758 5411 necessitate
772 5353 857 5409 trumo
872 5359 986 5408 coactus

200 5450 349 5519 nitidquam
375 5448 487 5517 iaceret,
516 5462 690 5520 nequaquam
712 5444 856 5512 Dominus,
883 5443 986 5508 Nolite,

1036 4800 1146 4858 irsoum
1154 4811 1182 4859 et
1193 4802 1301 4875 lapella
1313 4804 1407 4860 tandiu
1420 4805 1573 4876 patrumm,
1585 4804 1674 4862 donoc
1684 4813 1763 4861 nocto
1772 4814 1829 4861 tra·

1036 4892 1103 4947 mite
1115 4891 1187 4946 uiam
1203 4906 1316 4961 corpere
1330 4902 1522 4951 consuescant.
1538 4892 1584 4950 Sic
1598 4893 1672 4949 uitiis
1688 4893 1827 4955 indonifl'.
1900 4908 1901 4969 j

1037 4985 1242 5043 recalcitrantes
1253 4985 1364 5043 Christo
1378 4987 1523 5055 insessori,
1540 4988 1636 5046 tandiu
1651 4988 1825 5047 adversitati

1036 5074 1088 5133 bus
1101 5074 1285 5149 depellantur,
1301 5079 1388 5139 umnec
1399 5079 1496 5135 mundi
1516 5078 1769 5138 incommodorieti
1784 5095 1829 5135 ro·

1037 5169 1122 5225 ctoris
1139 5168 1255 5240 imperio
1269 5170 1433 5227 subdantur.
1449 5170 1606 5242 sperantem
1625 5180 1717 5231 utam
1730 5173 1762 5228 ln
1772 5170 1829 5228 De-

1036 5259 1109 5313 mina
1123 5259 1307 5315 misericordia
1324 5260 1582 5330 circumlineat
1603 5260 1687 5320 iidem
1700 5270 1729 5319 et
1750 5277 1829 5333 spu

1038 5349 1066 5405 in
1082 5349 1139 5406 ileo
1156 5349 1267 5420 bahem,
1278 5358 1307 5408 et
1319 5353 1354 5409 de
1365 5352 1471 5411 meritis
1493 5354 1552 5410 suis
1566 5368 1622 5409 non
1644 5362 1830 5424 prassinum,

1037 5442 1067 5498 bi
1091 5442 1306 5500 misericordiam
1329 5445 1502 5522 remissionis
1521 5462 1537 5501 a
1558 5444 1615 5501 ilco
1629 5444 1783 5501 bairebum.
1798 5443 1831 5499 br

200 5539 313 5595 diecret.
327 5538 380 5596 Sed
391 5556 454 5595 eum
469 5539 613 5596 arbitrium
626 5541 663 5596 sit
674 5540 701 5595 in
717 5538 837 5594 bominis
847 5536 988 5592 voluntate
1038 5531 1190 5605 dieiudicii
1203 5535 1638 5602 cosmimrlcordiaciresmdalit‚
1651 5535 1832 5593 acdilarien

201 5624 318 5682 liberum
336 5630 372 5686 ab
392 5629 467 5684 omiti
487 5618 659 5696 necessitate,
686 5637 778 5684 utrum
804 5625 858 5681 beo
880 5623 987 5697 iubenti
1040 5622 1110 5699 ipris
1124 5625 1165 5682 cis
1183 5640 1282 5683 nocere
1296 5641 1352 5684 non
1376 5627 1458 5686 sinet.
1473 5624 1540 5686 Post
1563 5624 1769 5701 correptiorem
1788 5642 1834 5686 a*
