3817 6000
158 275 229 333 {205
633 268 786 330 GERHOHI
805 264 1003 325 FRAEPOSlTi
1024 260 1302 321 nmcnensnenu.
1717 253 1787 310 {2⁰1

157 393 249 451 anima
262 391 341 464 quasi
364 390 449 447 David
473 390 641 461 perducetur
658 391 685 445 in
707 388 858 446 Jerusalem
873 387 940 444 civi·
954 388 979 445 Α
991 399 1070 440 suam
1090 380 1223 454 agnoscit,
1239 387 1268 434 et
1284 374 1431 431 condietur
1451 372 1602 436 miseriam,
1622 385 1673 442 per
1700 369 1791 440 ipsius

158 493 241 542 tutem
269 485 398 556 regalem,
421 491 449 540 et
470 491 594 539 sanctam
615 465 788 553 sempiternae
808 481 885 552 pacis
903 482 945 536 vi·
997 474 1116 530 miseriae
1156 470 1356 528 confessionem
1390 474 1560 538 promeretur
1592 462 1640 518 bei
1674 461 1790 516 miseras

158 577 264 636 sionern
283 577 401 633 beatam.
998 566 1109 621 tionem.

196 669 242 728 Sic
254 671 327 727 enim
339 677 403 726 sunt
424 667 559 739 eontiguae
580 666 631 724 sibi
646 666 705 722 iste
719 666 780 723 duae
792 667 946 733 unctiones,
1035 658 1082 713 ¹3⁵2
1095 665 1185 713 nomm
1207 670 1261 712 111111
1275 668 1357 721 111111,
1372 652 1419 710 Sed
1439 650 1551 720 1111111111
1567 643 1791 713 1111811ῖῒι11113111

160 773 192 821 nt
212 762 410 834 unaquaelibet
428 776 522 817 earnm
547 760 691 830 impetrata
721 757 876 814 necessario
896 759 947 813 ha·
1000 751 1123 806 sustineo
1139 763 1190 819 cga
1204 745 1289 802 David
1305 765 1313 800 ε
1329 743 1461 812 Quoniam
1473 749 1549 813 pater
1563 752 1635 792 meus
1657 745 1681 789 et
1703 742 1796 786 mater

86 887 90 898 =
159 857 365 914 beeturaltera.
391 853 462 909 Sane
489 852 650 921 infantibus,
676 850 777 921 quibus
807 866 947 920 nunqnam
1001 841 1257 912 meadereliaganat
1276 839 1338 893 me?
1359 836 1441 892 Pater
1463 831 1686 896 mauridomus
1704 836 1796 880 mater

161 948 215 1004 init
239 948 370 1019 operandi
390 955 508 1017 tempos,
531 946 607 1016 prior
628 943 723 999 unctio
747 939 789 998 est
810 943 949 1016 originalis
1000 952 1059 990 mea
1075 933 1129 988 Eva
1143 928 1424 988 lueruntbenedietia
1438 925 1494 982 Deo
1508 924 1615 981 dicente
1628 919 1686 975 illis
1700 935 1707 971 ι
1722 914 1793 971 Gre-

164 1039 270 1111 peccati
306 1038 443 1094 remissio.
475 1035 543 1091 Nam
573 1035 755 1107 praeveniente
780 1044 867 1090 marte
890 1034 950 1090 sine
1001 1029 1076 1096 scite,
1087 1037 1111 1082 ct
1121 1024 1345 1095 multiplicamini,
1356 1032 1381 1077 et
1397 1018 1608 1091 repicteterram,
1624 1022 1650 1067 et
1666 1008 1796 1079 subjicite

162 1132 299 1187 mediante
324 1131 453 1186 unctione
475 1128 635 1185 meritorum
658 1129 727 1183 tales
741 1127 901 1198 perveniunt
915 1127 950 1182 sd
1001 1137 1070 1186 eam,
1090 1128 1114 1174 et
1127 1115 1327 1172 dominabimini
1346 1112 1463 1186 piscibus
1477 1109 1575 1175 maris,
1593 1115 1618 1162 et
1637 1099 1796 1159 volatilibus

162 1222 320 1277 unctionem
346 1221 576 1290 sempiternorum
597 1217 770 1288 gaudiorum.
795 1215 883 1288 liujus
899 1233 950 1272 nn·
1002 1209 1255 1278 salisburiensis
1274 1204 1466 1270 animantibus,
1486 1217 1544 1274 pua
1565 1204 1703 1253 mouentur
1713 1207 1797 1262 super

162 1315 280 1371 ctionem
296 1314 387 1371 adbuc
407 1313 495 1384 ignari
510 1311 625 1383 apostoli
651 1311 797 1367 audierunt
809 1311 950 1367 veritatem
1003 1301 1186 1372 nicomiden.
1196 1317 1215 1368 t,
1225 1297 1282 1371 28).
1297 1297 1343 1354 Sic
1353 1295 1488 1354 benedicti
1496 1300 1624 1365 parentes
1636 1288 1689 1344 mei
1698 1285 1721 1341 si
1728 1300 1798 1355 per-

154 1406 215 1462 sibi
227 1405 383 1461 dicentem:
408 1404 495 1476 Usque
504 1404 582 1459 inodo
600 1420 650 1458 non
668 1405 772 1474 petistis
795 1404 948 1475 quidquam.
1003 1382 1571 1452 marrstssemiubueetobedtenns,omuts
1584 1376 1730 1451 posteritas
1747 1388 1799 1429 eo-

164 1497 261 1561 Petite,
280 1507 310 1552 ut
328 1496 455 1568 paediam
477 1504 591 1550 uestrum
606 1494 711 1566 plenum
725 1496 762 1549 sit
775 1494 866 1565 (duait.
893 1511 949 1561 xrs,
1003 1506 1064 1545 rnna
1079 1488 1112 1544 de
1122 1481 1355 1543 benedictionibus
1365 1479 1464 1535 divinae
1477 1475 1604 1548 gratiaeet
1621 1466 1800 1526 virtutemul·

163 1575 227 1656 24)ss
247 1589 287 1643 Ae
303 1588 327 1644 si
344 1589 447 1644 diceret
463 1586 542 1642 :Nisi
560 1587 630 1642 harre
643 1604 724 1642 unam
737 1585 894 1656 petitionem
911 1586 952 1642 la-
1004 1583 1206 1654 tiplicataesset
1217 1571 1403 1641 benedicta,in
1413 1587 1468 1644 qua
1484 1580 1567 1640 ctcgo
1577 1579 1665 1622 essent
1680 1558 1800 1616 benedi·

164 1679 255 1748 cistis,
272 1695 326 1750 qun
351 1696 401 1750 per
427 1680 583 1736 unctionem
606 1679 695 1735 sancti
712 1678 833 1744 spiritns
847 1679 880 1734 ad
894 1678 952 1749 ple·
1004 1684 1074 1731 ctus.
1086 1671 1201 1727 Peccata
1218 1682 1284 1723 vero
1303 1673 1457 1736 emergente
1474 1660 1576 1716 dictum
1596 1666 1639 1714 est
1650 1658 1720 1729 patri
1733 1665 1802 1709 meo

165 1785 231 1825 num
248 1770 376 1843 gandium
395 1769 579 1841 perveniatis,
602 1768 670 1824 nihil
689 1777 732 1825 est
752 1770 827 1841 quod
843 1770 952 1840 petitis:
1004 1767 1084 1823 aba:
1098 1759 1489 1827 Maledictaterrainuperetuo.
1502 1751 1569 1809 Cum
1580 1749 1801 1823 operatasfucris

163 1867 193 1919 οι
214 1859 376 1932 ideousque
397 1860 478 1916 modo
496 1875 550 1915 non
575 1860 681 1930 petistis
704 1859 864 1931 quidquam,
890 1860 954 1931 quia
1007 1872 1115 1926 maram,
1131 1872 1183 1912 noa
1196 1854 1270 1909 dabit
1289 1854 1484 1924 [ructassaou
1499 1846 1544 1902 sed
1557 1846 1696 1914 spineam
1710 1843 1801 1898 tribu-

165 1966 221 2009 non
245 1953 351 2023 petistis
377 1953 449 2009 itanc
467 1969 549 2008 unam
582 1955 730 2018 actionem,
748 1969 803 2024 qua
825 1954 954 2026 gaudium
1006 1954 1045 2009 los
1064 1950 1220 2026 germinabit
1237 1948 1285 2004 tibi
1308 1944 1391 2018 (Gen.
1412 1958 1453 2008 nr,
1474 1941 1530 2013 lig
1544 1939 1601 2009 ts).
1621 1938 1661 1994 bd
1678 1945 1799 1991 matrem

165 2049 286 2097 nestrum
301 2044 337 2098 sit
355 2044 477 2114 plenum.
504 2042 527 2099 Ο
549 2059 632 2115 qnam
658 2043 802 2114 pulchrum
816 2044 955 2117 ctjucun·
1006 2060 1116 2117 qnoque
1139 2057 1227 2098 meam
1254 2039 1338 2094 Eram
1364 2037 1467 2095 dictum
1482 2031 1639 2089 estabeo:
1660 2029 1800 2099 llulripli-

166 2132 233 2187 dum
247 2142 288 2189 est
303 2133 330 2188 in
345 2134 475 2191 omnibus
488 2135 660 2191 orationibus
683 2134 754 2190 hanc
780 2152 862 2192 uuam
883 2137 955 2207 peli-
1007 2137 1072 2194 eaba
1091 2151 1226 2193 erumnas
1246 2143 1316 2200 tuas,
1336 2139 1361 2185 et
1388 2137 1525 2197 conceptas
1559 2134 1617 2179 tuos
1634 2124 1683 2179 :in
1705 2121 1801 2177 datm

167 2223 271 2278 tionem
299 2224 457 2295 subaudire,
473 2228 515 2282 rel
542 2227 755 2303 subintelligere,
779 2238 810 2285 nt
826 2229 956 2301 gaudium
1007 2229 1095 2302 parics
1113 2225 1184 2297 filios
1205 2236 1265 2278 satos
1280 2221 1355 2292 (Gen.
1373 2236 1414 2286 ιιι,
1430 2217 1487 2287 ld).
1501 2215 1542 2270 Er
1563 2212 1722 2284 hujusmodi
1740 2224 1801 2266 ms·

168 2321 293 2369 nostrum
312 2314 349 2371 sit
366 2315 487 2387 plenum,
508 2319 583 2374 verbi
609 2318 707 2389 gratia,
737 2333 800 2374 cum
823 2334 955 2375 oramus:
1007 2319 1153 2376 ledictionc
1172 2314 1521 2384 suntspinaepeccatorum
1537 2320 1569 2360 ac
1591 2303 1685 2360 tribuli
1702 2315 1801 2373 pseus-

168 2406 251 2463 Pater
271 2418 369 2475 niuster,
388 2410 433 2481 qui
451 2427 478 2466 es
502 2411 530 2466 in
549 2412 632 2479 calis,
664 2413 845 2484 sanctificetur
863 2429 958 2469 nomen
1009 2428 1082 2478 ram,
1103 2412 1131 2466 in
1146 2408 1267 2463 bumana
1280 2419 1388 2478 genere,
1410 2402 1437 2456 in
1450 2413 1505 2471 quo
1516 2395 1704 2467 multiplicatis
1723 2409 1799 2449 aeru-

170 2509 255 2555 tuum.
283 2501 411 2557 Adueniet
442 2519 549 2574 repnum
574 2515 670 2560 tuum:
688 2506 738 2575 liat
766 2507 887 2562 uoluntas
911 2516 958 2562 tua
1008 2502 1082 2560 mnis
1093 2507 1120 2557 ct
1131 2494 1308 2566 conceptibus
1329 2490 1453 2547 mulieris
1472 2485 1643 2557 multiplicati
1660 2491 1726 2540 sunt
1750 2498 1800 2537 su-

169 2594 238 2649 sicut
252 2598 280 2649 ia
294 2597 369 2662 celo,
388 2608 413 2651 et
433 2598 461 2652 in
472 2608 554 2664 terra,
572 2607 625 2655 etc.
643 2598 760 2657 Pulchre
777 2599 959 2672 subintelligi·
1008 2609 1058 2667 per
1068 2602 1213 2648 numeram
1226 2582 1479 2656 predestinatorum
1492 2578 1541 2634 lllii
1554 2575 1707 2633 bominum.
1719 2571 1803 2626 Tunc

170 2700 233 2740 mus
245 2685 280 2741 ad
299 2686 422 2760 singulas
431 2697 534 2759 septem
554 2689 709 2760 petitiones,
726 2690 957 2763 utgandinmuo·
1009 2701 1075 2758 ergo
1091 2693 1166 2756 pater
1194 2695 1267 2736 meus
1288 2688 1313 2732 et
1333 2683 1418 2728 mater
1439 2687 1497 2727 mea
1526 2668 1720 2739 dereliquerunt
1746 2679 1801 2731 me,

169 2782 257 2831 strum
280 2777 391 2847 plenum
406 2777 453 2834 sit.
481 2775 551 2845 Quid
566 2781 639 2835 enim
659 2780 770 2850 prodest
783 2780 872 2848 nobis,
884 2782 960 2853 quod
1010 2776 1120 2851 qrtando
1133 2772 1213 2845 primi
1227 2776 1356 2843 parentes
1370 2764 1423 2821 mei
1444 2768 1632 2834 exposuerunt
1645 2774 1690 2813 me
1701 2771 1803 2828 peccu-

171 2867 231 2922 sine
256 2868 341 2924 dnbio
363 2869 552 2926 sanctificetur
575 2887 674 2927 nomen
699 2871 758 2938 liei,
784 2880 811 2929 et
834 2873 960 2930 adveniet
1011 2871 1046 2927 tis
1058 2877 1085 2925 et
1094 2863 1222 2923 miseriis.

171 2973 286 3027 regnum
312 2959 370 3029 liei,
393 2960 493 3033 tletqne
518 2961 644 3021 voluntas
671 2962 720 3020 net
738 2964 809 3022 sicut
829 2964 856 3021 in
876 2965 958 3036 coeln,
1046 2961 1174 3019 dominus
1202 2963 1289 3012 autem
1317 2949 1461 3021 assumpsit
1479 2963 1521 3003 me
1540 2942 1707 3003 assumendo
1735 2955 1802 2995 cur·

171 3051 242 3107 etin
270 3061 355 3121 terra,
374 3054 428 3109 nisi
448 3055 520 3111 banc
546 3071 629 3112 unam
659 3057 817 3127 petitionem
840 3057 1076 3131 accipis-gnem
1099 3069 1150 3127 pro
1166 3049 1259 3107 mede
1282 3053 1377 3103 sancta
1395 3041 1516 3114 llirgiue.
1547 3035 1625 3105 Quod
1647 3034 1705 3106 iarn
1734 3039 1803 3086 tunc

173 3157 245 3208 mus,
260 3153 291 3199 ιιι
313 3144 443 3216 gaudium
468 3157 593 3203 nostrum
609 3148 644 3203 sit
658 3150 779 3220 plenum,
797 3148 875 3218 plene
895 3167 963 3222 gan·
1012 3157 1073 3207 erat
1087 3148 1114 3203 in
1127 3139 1365 3218 praedestinatione
1388 3135 1481 3191 divina
1501 3130 1670 3192 ordinatum,
1688 3124 1804 3197 quando

172 3234 300 3292 dentibus
314 3237 393 3294 nobis
412 3239 439 3292 iu
458 3238 651 3309 adimpletione
666 3239 761 3295 talium
783 3241 963 3311 petitionum?
1013 3242 1116 3299 dictum
1131 3244 1173 3293 est
1185 3234 1219 3290 ud
1241 3237 1417 3301 serpentem:
1435 3223 1539 3278 Ponam
1553 3217 1709 3273 inimicitius
1730 3216 1804 3268 inter

171 3324 260 3383 Porro
276 3326 414 3385 daemones
431 3337 459 3384 et
471 3330 582 3401 maligni
597 3331 731 3399 homines,
745 3332 905 3389 adveniente
920 3349 963 3389 re·
1014 3344 1049 3403 te,
1063 3341 1088 3389 et
1099 3329 1245 3392 mulierem,
1255 3334 1280 3380 et
1291 3324 1361 3377 inter
1379 3333 1465 3374 sennen
1480 3324 1565 3379 tuum,
1582 3319 1608 3366 et
1618 3306 1801 3365 semeaillias.

173 3434 228 3490 gno
243 3418 303 3487 Dei,
317 3421 344 3475 in
360 3437 415 3492 qno
428 3423 614 3479 sanctilleatur
633 3438 732 3478 nomen
744 3424 814 3494 ejus,
830 3434 858 3480 et
878 3426 907 3481 lit
917 3441 964 3481 vs-
1014 3427 1078 3498 lpsa
1091 3429 1205 3478 conteret
1218 3424 1296 3488 eaput
1316 3424 1401 3480 tuam,
1413 3419 1438 3465 et
1455 3420 1483 3465 tu
1497 3402 1666 3461 insidiaberis
1676 3399 1804 3456 calcaneo

172 3508 264 3567 luntas
281 3511 352 3582 dus,
366 3528 420 3570 non
445 3513 545 3570 babent
559 3515 801 3586 congratulationis
820 3518 962 3588 gaudium,
1012 3516 1087 3571 illius
1103 3510 1180 3585 (Gen.
1194 3525 1235 3573 ιιι,
1248 3505 1305 3576 15).

175 3603 223 3659 sed
238 3604 348 3661 invidie
372 3614 549 3662 tormentum.
579 3605 635 3663 llos
650 3622 716 3678 ergo
734 3624 768 3664 ne
792 3610 892 3667 talibas
911 3627 962 3666 aa·
1047 3604 1136 3660 Etiam
1148 3601 1181 3656 ad
1194 3599 1311 3654 litteram
1325 3599 1400 3664 pater
1412 3606 1484 3645 meas
1497 3597 1523 3643 et
1535 3596 1621 3642 mater
1633 3601 1691 3639 nna
1704 3581 1804 3638 dereli-

174 3693 364 3767 numeremnr,
384 3699 412 3755 in
430 3701 558 3756 omnibus
573 3700 752 3771 petitionibus
772 3704 874 3760 nostris
890 3705 963 3761 banc
1012 3702 1123 3768 atterum
1143 3706 1184 3745 me
1195 3687 1338 3760 balbulum
1350 3681 1445 3748 0111111.
1459 3678 1523 3751 (11111
1537 3677 1670 3733 minimus
1684 3673 1803 3729 [mmm

173 3804 259 3844 utram
280 3792 438 3861 petitionem
466 3793 714 3866 subintelligamus,
728 3803 758 3848 ut
774 3795 905 3867 gaudium
916 3812 964 3852 no-
1013 3802 1136 3846 meoram
1148 3785 1210 3840 vilis
1223 3791 1250 3839 et
1262 3781 1386 3853 abjectos
1397 3775 1436 3832 lui
1450 3789 1543 3831 coram
1554 3771 1606 3837 eis,
1617 3770 1655 3825 ita
1668 3777 1698 3824 ut
1708 3766 1803 3838 requi-

174 3888 262 3937 strnm
276 3881 386 3953 plenum
403 3884 448 3951 sit,
466 3901 520 3942 nan
536 3887 682 3944 admittens
697 3886 783 3943 ndum
796 3896 963 3943 tormentum
1013 3892 1090 3942 rente
1110 3895 1155 3937 me
1170 3875 1297 3934 Samuele
1313 3873 1357 3929 vix
1379 3868 1516 3929 admissus
1531 3866 1630 3922 luerim
1646 3863 1673 3917 in
1686 3873 1805 3916 numero

174 3972 458 4045 malitiae,secundum
482 3978 556 4048 qrrod
574 3979 763 4049 scriptumest
781 3977 816 4034 de
837 3979 961 4036 sanctis:
1013 3978 1130 4034 fratrum
1153 3982 1288 4027 meorum.
1316 3962 1446 4019 dominus
1473 3967 1561 4014 autem
1586 3952 1729 4023 assumpsit
1750 3966 1802 4015 sae,

174 4063 212 4118 Ει
226 4082 279 4120 noa
297 4076 384 4138 tanget
396 4067 457 4123 illos
477 4078 634 4124 tormentum
645 4070 757 4126 malitiae
771 4069 848 4142 (Sap.
865 4087 907 4139 ιιι,
923 4072 962 4139 i).
1012 4067 1143 4142 qnoniam
1161 4068 1265 4132 septem
1280 4054 1411 4113 iratribus
1426 4053 1496 4108 meis
1507 4065 1551 4105 me
1564 4045 1717 4118 majoribus
1735 4057 1805 4098 eon·

174 4154 297 4229 Nequam
317 4160 430 4230 spiritns
445 4161 559 4232 angelici
583 4172 609 4218 ct
628 4161 740 4218 bomani
759 4171 920 4234 turtgurstur,
936 4173 963 4220 ot
1012 4157 1133 4230 temptis,
1157 4169 1205 4226 per
1227 4150 1381 4207 Samuelem
1397 4145 1475 4203 unxit
1499 4158 1544 4198 me
1556 4139 1684 4196 unctione
1701 4134 1803 4206 prima,

175 4260 313 4322 anguntur
338 4252 423 4307 nimio
441 4261 576 4309 tormenta
594 4254 706 4311 malitiae
723 4265 750 4309 et
767 4255 886 4322 invidiae,
903 4272 964 4311 ma·
1013 4249 1142 4306 unctione
1157 4243 1353 4303 misericordiae
1368 4256 1425 4297 suae
1438 4237 1466 4293 in
1484 4236 1568 4315 domo
1579 4240 1692 4303 paterna
1709 4226 1805 4283 viden·

176 4342 242 4398 litiae
257 4343 284 4398 in
303 4358 353 4399 sua
370 4346 501 4414 nequitia,
527 4345 636 4400 invidiae
656 4345 690 4401 de
714 4344 844 4403 felicitate
862 4347 961 4402 aliena.
1014 4341 1088 4397 tibus
1112 4347 1139 4393 et
1165 4333 1350 4392 inridentibus
1374 4330 1441 4402 ipsis
1466 4326 1598 4383 iratribus
1622 4316 1804 4377 meledium

176 4433 279 4490 Omnes
297 4435 421 4492 iracundi
440 4445 469 4491 et
493 4437 604 4506 superbi
629 4446 793 4508 torquentur
806 4437 892 4492 nimio
907 4445 964 4493 lor·
979 4436 1002 4492 b
1016 4434 1132 4505 primam
1159 4427 1319 4483 unctionem
1339 4439 1389 4496 ego
1408 4419 1491 4476 David
1507 4412 1562 4472 trun
1576 4414 1651 4487 petii,
1667 4413 1731 4483 quia
1751 4425 1805 4465 nec

176 4535 269 4582 mento
285 4526 471 4598 impatientia,
487 4544 550 4584 cnm
560 4528 591 4584 [it
613 4530 716 4601 aliquid
735 4540 829 4587 contra
842 4531 963 4601 ipsorum
1015 4533 1160 4596 petentem,
1175 4534 1227 4576 nec
1250 4517 1406 4589 opinantem
1425 4509 1556 4584 prevenit
1567 4522 1612 4563 me
1626 4504 1761 4560 Dominus
1774 4501 1803 4556 in

176 4616 256 4672 velle.
282 4616 408 4673 Charitas
426 4628 528 4686 antem,
544 4634 605 4691 qnae
628 4637 681 4675 noa
703 4621 800 4693 gaudet
819 4622 965 4693 superini·
1015 4613 1250 4673 benedictionibus
1272 4606 1434 4674 dulcedinis,
1467 4614 1495 4660 et
1524 4598 1675 4670 assumpsit
1699 4611 1743 4650 me
1774 4595 1803 4649 in

175 4709 289 4781 gnitate,
304 4712 451 4782 congaudet
467 4722 556 4767 autern
581 4713 688 4768 aemiuli
699 4712 725 4782 (l
749 4711 812 4769 Cor.
839 4729 900 4780 rur,
923 4713 963 4784 6),
1015 4725 1106 4782 regern
1118 4722 1201 4778 super
1211 4704 1305 4761 lsrael.
1318 4701 1415 4757 Postea
1429 4712 1495 4753 vero
1510 4710 1589 4750 unam
1604 4692 1678 4765 petii,
1693 4697 1804 4745 mortuo

177 4815 195 4857 a
213 4802 306 4857 multis
325 4804 468 4860 tormentis
490 4805 597 4870 liberat,
612 4813 640 4860 et
656 4805 786 4877 gaudium
800 4807 963 4875 plenumse-
1017 4799 1108 4862 Saule,
1123 4798 1220 4877 dicens
1234 4812 1242 4849 t
1256 4792 1328 4848 Num
1350 4787 1490 4845 ascendam
1507 4787 1535 4840 in
1549 4799 1630 4839 utram
1639 4782 1672 4836 de
1684 4778 1806 4834 ciuitati·

178 4893 254 4950 renis
282 4894 420 4951 mentibus
438 4895 553 4954 confert.
588 4896 665 4953 lianc
683 4912 767 4953 unam
785 4907 919 4968 petamus,
935 4908 966 4954 nt
1016 4893 1063 4947 bur
1074 4890 1148 4946 dudo
1159 4887 1268 4961 (lldlep.
1284 4901 1315 4950 ιι,
1334 4880 1419 4949 1).Ει
1437 4880 1563 4934 dominus
1585 4874 1727 4945 assumpsit
1749 4888 1803 4927 ιιιι.

177 4984 308 5055 gandium
339 4995 464 5042 nostrum
488 4988 524 5043 sit
544 4989 665 5060 plenum.
693 4987 772 5043 Hanc
799 5006 879 5044 unam
900 4992 965 5060 petii
1016 4984 1124 5041 locans
1150 4991 1180 5037 ut
1207 4978 1381 5036 ascenderem
1396 4973 1424 5029 in
1442 4970 1562 5035 Hebron,
1573 4968 1621 5024 nbi
1641 4966 1732 5023 denuo
1750 4980 1805 5020 un·

177 5078 334 5147 albaniae,
354 5079 422 5134 boae
447 5081 590 5152 requiram,
608 5092 638 5136 nt
656 5082 786 5151 gaudium
811 5097 902 5137 meum
929 5084 966 5138 sit
1016 5074 1127 5132 clusin
1152 5086 1242 5143 regem
1272 5066 1373 5138 glorior
1392 5064 1420 5118 in
1440 5062 1507 5128 Deo,
1522 5068 1549 5116 ct
1574 5055 1804 5116 dico21>omisss

177 5175 298 5244 plenum.
324 5172 402 5242 Quod
421 5176 562 5248 gandium,
580 5183 702 5231 utnemo
718 5174 797 5231 tollat
815 5191 894 5241 arne,
908 5175 966 5229 risl-
1016 5167 1160 5238 assumpsit
1171 5180 1221 5220 mc.

177 5266 250 5335 iuter
269 5283 342 5322 meus
360 5278 427 5333 esto,
443 5267 565 5334 Domine,
578 5284 610 5321 ne
625 5267 790 5338 derelinquas
812 5283 863 5332 me,
884 5283 966 5337 nepae
1052 5259 1136 5315 Aliter
1153 5277 1164 5313 ⁶.
1183 5257 1262 5317 Palea
1277 5253 1411 5319 diabolus,
1434 5258 1462 5305 et
1484 5257 1570 5302 mater
1590 5242 1751 5316 babylonis,
1769 5255 1804 5297 es

177 5357 308 5427 despicias
334 5374 392 5425 nte,
417 5358 487 5414 oeus
508 5358 637 5414 salutaris
658 5374 742 5412 meus.
766 5356 806 5411 'l'u
831 5374 864 5412 ne
891 5357 966 5411 dere·
1017 5353 1117 5424 quibus
1132 5351 1158 5406 in
1173 5348 1331 5404 inlidelitate
1354 5353 1524 5409 natussum,
1546 5338 1739 5411 dereliquerunt
1762 5350 1804 5388 stre

178 5449 281 5520 'filim
299 5467 351 5520 1111,
1018 5451 1185 5515 asserentem
1198 5453 1234 5504 te,
1245 5448 1272 5494 ιι
1281 5444 1498 5494 contemnentem
1508 5448 1548 5491 se.
1559 5430 1692 5487 Omnibus
1703 5427 1805 5498 qnippe

217 5540 297 5597 Vens.
324 5542 368 5597 tlt.
389 5541 521 5609 Quorriam
547 5542 630 5597 Pater
648 5557 719 5595 meus
748 5549 773 5593 et
801 5547 884 5593 mater
909 5557 967 5594 mea
1001 5522 1044 5591 ¹in
1060 5542 1170 5606 peecata
1190 5549 1236 5605 per
1261 5532 1400 5590 diabolum
1416 5530 1526 5584 inuento
1541 5517 1805 5593 conceptisetuutis

182 5630 377 5700 dereliquerunt
409 5651 459 5690 nte.
488 5634 668 5705 Exaggeratio
697 5631 815 5688 miseriae
838 5630 967 5686 humanm
1017 5627 1107 5687 dicere
1124 5634 1212 5697 potest
1227 5623 1357 5679 Veritas:
1381 5622 1430 5676 Vos
1453 5636 1486 5675 ea
1511 5626 1586 5688 patre
1610 5613 1717 5669 diabolo
1738 5610 1803 5665 estis

184 5716 310 5776 abiectum
326 5733 454 5791 provocat
486 5726 680 5781 misericordie
702 5724 810 5779 divina.
831 5720 898 5777 Nara
919 5724 965 5792 qrri
1019 5717 1109 5799 (ioan.
1128 5733 1186 5783 vrrs,
1213 5716 1268 5788 ll).
1291 5714 1417 5771 dontinus
1441 5723 1527 5769 atatem
1554 5707 1694 5778 assumptil
1716 5699 1804 5761 netu
