<?xml version="1.0" encoding="UTF-8"?>
<!DOCTYPE html PUBLIC "-//W3C//DTD XHTML 1.0 Transitional//EN"
    "http://www.w3.org/TR/xhtml1/DTD/xhtml1-transitional.dtd">
<html xmlns="http://www.w3.org/1999/xhtml" xml:lang="en" lang="en">
 <head>
  <title>
</title>
<meta http-equiv="Content-Type" content="text/html;charset=utf-8" />
  <meta name='ocr-system' content='tesseract 3.04.00' />
  <meta name='ocr-capabilities' content='ocr_page ocr_carea ocr_par ocr_line ocrx_word'/>
</head>
<body>
  <div class='ocr_page' id='page_1' title='image "./patrologiaecurs169unkngoog_0686.png"; bbox 0 0 3817 6000; ppageno 0'>
   <div class='ocr_carea' id='block_1_1' title="bbox 304 235 444 320">
    <p class='ocr_par' dir='ltr' id='par_1_1' title="bbox 304 235 444 320">
     <span class='ocr_line' id='line_1_1' title="bbox 304 235 444 320; baseline 0 -19"><span class='ocrx_word' id='word_1_1' title='bbox 304 235 444 320; x_wconf 69' lang='lat'>¹³6³</span> 
     </span>
    </p>
   </div>
   <div class='ocr_carea' id='block_1_2' title="bbox 1286 230 2603 305">
    <p class='ocr_par' dir='ltr' id='par_1_2' title="bbox 1286 230 2603 305">
     <span class='ocr_line' id='line_1_2' title="bbox 1286 230 2603 305; baseline -0.002 -15"><span class='ocrx_word' id='word_1_2' title='bbox 1286 232 1590 305; x_wconf 66' lang='lat' dir='ltr'>Genuum</span> <span class='ocrx_word' id='word_1_3' title='bbox 1629 232 2021 290; x_wconf 76' lang='lat' dir='ltr'>PnAE-Posm</span> <span class='ocrx_word' id='word_1_4' title='bbox 2059 230 2603 289; x_wconf 71' lang='lat' dir='ltr'>Rsstcnssnst‘ssnc.</span> 
     </span>
    </p>
   </div>
   <div class='ocr_carea' id='block_1_3' title="bbox 3423 230 3571 315">
    <p class='ocr_par' dir='ltr' id='par_1_3' title="bbox 3423 230 3571 315">
     <span class='ocr_line' id='line_1_3' title="bbox 3423 230 3571 315; baseline -0.007 -28"><span class='ocrx_word' id='word_1_5' title='bbox 3423 230 3571 315; x_wconf 67' lang='lat' dir='ltr'>eant</span> 
     </span>
    </p>
   </div>
   <div class='ocr_carea' id='block_1_4' title="bbox 305 345 3569 422">
    <p class='ocr_par' dir='ltr' id='par_1_4' title="bbox 305 345 3569 422">
     <span class='ocr_line' id='line_1_4' title="bbox 305 345 3569 422; baseline -0.002 -14"><span class='ocrx_word' id='word_1_6' title='bbox 305 351 359 408; x_wconf 78' lang='lat' dir='ltr'>in</span> <span class='ocrx_word' id='word_1_7' title='bbox 384 364 468 413; x_wconf 84' lang='lat' dir='ltr'>ea,</span> <span class='ocrx_word' id='word_1_8' title='bbox 487 345 584 404; x_wconf 86' lang='lat' dir='ltr'>sed</span> <span class='ocrx_word' id='word_1_9' title='bbox 609 363 766 418; x_wconf 69' lang='lat' dir='ltr'>snper</span> <span class='ocrx_word' id='word_1_10' title='bbox 785 363 925 414; x_wconf 80' lang='lat' dir='ltr'>eam,</span> <span class='ocrx_word' id='word_1_11' title='bbox 950 346 1078 419; x_wconf 89' lang='lat' dir='ltr'>quia</span> <span class='ocrx_word' id='word_1_12' title='bbox 1108 361 1339 420; x_wconf 89' lang='lat' dir='ltr'>corpora</span> <span class='ocrx_word' id='word_1_13' title='bbox 1369 357 1500 406; x_wconf 89' lang='lat' dir='ltr'>tunc</span> <span class='ocrx_word' id='word_1_14' title='bbox 1530 350 1690 417; x_wconf 84' lang='lat' dir='ltr'>levia,</span> <span class='ocrx_word' id='word_1_15' title='bbox 1708 363 1770 408; x_wconf 88' lang='lat' dir='ltr'>ut</span> <span class='ocrx_word' id='word_1_16' title='bbox 1788 366 1884 422; x_wconf 86' lang='lat' dir='ltr'>pu·</span> <span class='ocrx_word' id='word_1_17' title='bbox 1914 357 1960 412; x_wconf 74' lang='grc' dir='ltr'><strong>Α</strong></span> <span class='ocrx_word' id='word_1_18' title='bbox 1987 350 2133 406; x_wconf 75' lang='lat' dir='ltr'>debis</span> <span class='ocrx_word' id='word_1_19' title='bbox 2158 365 2322 422; x_wconf 82' lang='lat' dir='ltr'>quem</span> <span class='ocrx_word' id='word_1_20' title='bbox 2346 347 2673 419; x_wconf 75' lang='lat' dir='ltr'>exspectasti</span> <span class='ocrx_word' id='word_1_21' title='bbox 2698 345 2891 412; x_wconf 85' lang='lat' dir='ltr'>Deum,</span> <span class='ocrx_word' id='word_1_22' title='bbox 2923 360 3023 417; x_wconf 88' lang='lat' dir='ltr'>pro</span> <span class='ocrx_word' id='word_1_23' title='bbox 3048 363 3154 417; x_wconf 87' lang='lat' dir='ltr'>qua</span> <span class='ocrx_word' id='word_1_24' title='bbox 3179 345 3392 401; x_wconf 72' lang='lat' dir='ltr'>visione</span> <span class='ocrx_word' id='word_1_25' title='bbox 3420 345 3569 402; x_wconf 70' lang='lat' dir='ltr'>viam</span> 
     </span>
    </p>
   </div>
   <div class='ocr_carea' id='block_1_5' title="bbox 306 436 1884 512">
    <p class='ocr_par' dir='ltr' id='par_1_5' title="bbox 306 436 1884 512">
     <span class='ocr_line' id='line_1_5' title="bbox 306 436 1884 512; baseline -0.002 -14"><span class='ocrx_word' id='word_1_26' title='bbox 306 451 385 509; x_wconf 86' lang='lat' dir='ltr'>ta,</span> <span class='ocrx_word' id='word_1_27' title='bbox 411 439 716 510; x_wconf 78' lang='lat' dir='ltr'>spiritualia</span> <span class='ocrx_word' id='word_1_28' title='bbox 742 445 924 505; x_wconf 89' lang='lat' dir='ltr'>erunt,</span> <span class='ocrx_word' id='word_1_29' title='bbox 976 448 1031 496; x_wconf 88' lang='lat' dir='ltr'>et</span> <span class='ocrx_word' id='word_1_30' title='bbox 1079 455 1187 495; x_wconf 89' lang='lat' dir='ltr'>non</span> <span class='ocrx_word' id='word_1_31' title='bbox 1231 436 1384 512; x_wconf 57' lang='lat' dir='ltr'>gravi</span> <span class='ocrx_word' id='word_1_32' title='bbox 1412 440 1555 496; x_wconf 88' lang='lat' dir='ltr'>mole</span> <span class='ocrx_word' id='word_1_33' title='bbox 1580 483 1595 507; x_wconf 90' lang='lat'>‚</span> <span class='ocrx_word' id='word_1_34' title='bbox 1626 442 1688 495; x_wconf 79' lang='lat' dir='ltr'>ut&#39;</span> <span class='ocrx_word' id='word_1_35' title='bbox 1715 456 1884 507; x_wconf 86' lang='lat' dir='ltr'>nunc,</span> 
     </span>
    </p>
   </div>
   <div class='ocr_carea' id='block_1_6' title="bbox 1989 426 3575 511">
    <p class='ocr_par' dir='ltr' id='par_1_6' title="bbox 1989 426 3575 511">
     <span class='ocr_line' id='line_1_6' title="bbox 1989 426 3575 511; baseline -0.005 -13"><span class='ocrx_word' id='word_1_36' title='bbox 1989 440 2112 511; x_wconf 84' lang='lat' dir='ltr'>ejus</span> <span class='ocrx_word' id='word_1_37' title='bbox 2131 438 2693 506; x_wconf 83' lang='lat' dir='ltr'>custodisti,&#39;adversa</span> <span class='ocrx_word' id='word_1_38' title='bbox 2724 437 3055 493; x_wconf 75' lang='lat' dir='ltr'>sustinuisti.</span> <span class='ocrx_word' id='word_1_39' title='bbox 3074 433 3230 504; x_wconf 86' lang='lat' dir='ltr'>Quod</span> <span class='ocrx_word' id='word_1_40' title='bbox 3258 426 3438 491; x_wconf 72' lang='lat' dir='ltr'>antem</span> <span class='ocrx_word' id='word_1_41' title='bbox 3463 435 3575 491; x_wconf 86' lang='lat' dir='ltr'>im-</span> 
     </span>
    </p>
   </div>
   <div class='ocr_carea' id='block_1_7' title="bbox 306 528 2727 605">
    <p class='ocr_par' dir='ltr' id='par_1_7' title="bbox 306 528 2727 605">
     <span class='ocr_line' id='line_1_7' title="bbox 306 528 2727 605; baseline -0.001 -17"><span class='ocrx_word' id='word_1_42' title='bbox 306 542 468 589; x_wconf 85' lang='lat' dir='ltr'>terrae</span> <span class='ocrx_word' id='word_1_43' title='bbox 492 531 863 587; x_wconf 81' lang='lat' dir='ltr'>inhaerebunt.</span> <span class='ocrx_word' id='word_1_44' title='bbox 911 528 1054 597; x_wconf 88' lang='lat' dir='ltr'>Quid</span> <span class='ocrx_word' id='word_1_45' title='bbox 1091 530 1265 586; x_wconf 89' lang='lat' dir='ltr'>sancti</span> <span class='ocrx_word' id='word_1_46' title='bbox 1303 530 1360 586; x_wconf 91' lang='lat' dir='ltr'>in</span> <span class='ocrx_word' id='word_1_47' title='bbox 1392 529 1483 588; x_wconf 89' lang='lat' dir='ltr'>illa</span> <span class='ocrx_word' id='word_1_48' title='bbox 1517 539 1668 586; x_wconf 86' lang='lat' dir='ltr'>terra</span> <span class='ocrx_word' id='word_1_49' title='bbox 1707 530 1885 586; x_wconf 89' lang='lat' dir='ltr'>acturi</span> <span class='ocrx_word' id='word_1_50' title='bbox 1989 528 2319 605; x_wconf 74' lang='lat' dir='ltr'>pii&#39;peritnri</span> <span class='ocrx_word' id='word_1_51' title='bbox 2348 533 2479 598; x_wconf 84' lang='lat' dir='ltr'>sint,</span> <span class='ocrx_word' id='word_1_52' title='bbox 2513 532 2727 602; x_wconf 88' lang='lat' dir='ltr'>probat.</span> 
     </span>
    </p>
   </div>
   <div class='ocr_carea' id='block_1_8' title="bbox 304 623 1896 1712">
    <p class='ocr_par' dir='ltr' id='par_1_8' title="bbox 304 623 757 695">
     <span class='ocr_line' id='line_1_8' title="bbox 304 623 757 695; baseline -0.007 -13"><span class='ocrx_word' id='word_1_53' title='bbox 304 624 438 691; x_wconf 75' lang='lat' dir='ltr'>siut,</span> <span class='ocrx_word' id='word_1_54' title='bbox 461 623 712 695; x_wconf 82' lang='lat' dir='ltr'>sequitur</span> <span class='ocrx_word' id='word_1_55' title='bbox 742 640 757 679; x_wconf 78' lang='lat' dir='ltr'><strong><em>z</em></strong></span> 
     </span>
    </p>

    <p class='ocr_par' dir='ltr' id='par_1_9' title="bbox 307 711 1896 1712">
     <span class='ocr_line' id='line_1_9' title="bbox 380 711 1887 786; baseline -0.002 -17"><span class='ocrx_word' id='word_1_56' title='bbox 380 715 548 772; x_wconf 72' lang='lat' dir='ltr'>Vens.</span> <span class='ocrx_word' id='word_1_57' title='bbox 605 714 697 776; x_wconf 79' lang='lat'>50.</span> <span class='ocrx_word' id='word_1_58' title='bbox 755 714 827 770; x_wconf 80' lang='lat' dir='ltr'>Os</span> <span class='ocrx_word' id='word_1_59' title='bbox 857 713 999 786; x_wconf 72' lang='lat' dir='ltr'>Just&#39;t&#39;</span> <span class='ocrx_word' id='word_1_60' title='bbox 1028 715 1373 773; x_wconf 78' lang='lat' dir='ltr'>meditabitur</span> <span class='ocrx_word' id='word_1_61' title='bbox 1401 715 1743 785; x_wconf 72' lang='lat' dir='ltr'>sapientiam.</span> <span class='ocrx_word' id='word_1_62' title='bbox 1781 711 1887 780; x_wconf 77' lang='lat' dir='ltr'>Os,</span> 
     </span>
     <span class='ocr_line' id='line_1_10' title="bbox 309 805 1886 878; baseline -0.003 -13"><span class='ocrx_word' id='word_1_63' title='bbox 309 806 498 865; x_wconf 72' lang='lat' dir='ltr'>cordis</span> <span class='ocrx_word' id='word_1_64' title='bbox 517 806 781 878; x_wconf 77' lang='lat' dir='ltr'>cogitatio</span> <span class='ocrx_word' id='word_1_65' title='bbox 812 805 902 861; x_wconf 85' lang='lat' dir='ltr'>hic</span> <span class='ocrx_word' id='word_1_66' title='bbox 928 807 1195 877; x_wconf 78' lang='lat' dir='ltr'>accipitur</span> <span class='ocrx_word' id='word_1_67' title='bbox 1239 824 1254 862; x_wconf 74' lang='grc' dir='ltr'><strong>ε</strong></span> <span class='ocrx_word' id='word_1_68' title='bbox 1299 823 1411 862; x_wconf 90' lang='lat' dir='ltr'>non</span> <span class='ocrx_word' id='word_1_69' title='bbox 1457 807 1603 863; x_wconf 88' lang='lat' dir='ltr'>enim</span> <span class='ocrx_word' id='word_1_70' title='bbox 1634 807 1886 874; x_wconf 80' lang='lat' dir='ltr'>lectione,</span> 
     </span>
     <span class='ocr_line' id='line_1_11' title="bbox 307 895 1889 971; baseline -0.002 -16"><span class='ocrx_word' id='word_1_71' title='bbox 307 898 406 956; x_wconf 88' lang='lat' dir='ltr'>sed</span> <span class='ocrx_word' id='word_1_72' title='bbox 433 898 732 969; x_wconf 84' lang='lat' dir='ltr'>purissima</span> <span class='ocrx_word' id='word_1_73' title='bbox 754 895 941 967; x_wconf 80' lang='lat' dir='ltr'>coi-dis</span> <span class='ocrx_word' id='word_1_74' title='bbox 964 897 1176 954; x_wconf 82' lang='lat' dir='ltr'>visione</span> <span class='ocrx_word' id='word_1_75' title='bbox 1198 898 1465 971; x_wconf 74' lang='lat' dir='ltr'>sapientia</span> <span class='ocrx_word' id='word_1_76' title='bbox 1488 897 1563 953; x_wconf 90' lang='lat' dir='ltr'>ibi</span> <span class='ocrx_word' id='word_1_77' title='bbox 1591 898 1889 970; x_wconf 81' lang='lat' dir='ltr'>colligitur,</span> 
     </span>
     <span class='ocr_line' id='line_1_12' title="bbox 309 989 1892 1061; baseline -0.003 -11"><span class='ocrx_word' id='word_1_78' title='bbox 309 1000 364 1050; x_wconf 85' lang='lat' dir='ltr'>et</span> <span class='ocrx_word' id='word_1_79' title='bbox 387 992 571 1049; x_wconf 89' lang='lat' dir='ltr'>omnia</span> <span class='ocrx_word' id='word_1_80' title='bbox 604 990 776 1046; x_wconf 88' lang='lat' dir='ltr'>Deum</span> <span class='ocrx_word' id='word_1_81' title='bbox 813 990 867 1044; x_wconf 88' lang='lat' dir='ltr'>in</span> <span class='ocrx_word' id='word_1_82' title='bbox 902 990 1174 1061; x_wconf 78' lang='lat' dir='ltr'>sapientia</span> <span class='ocrx_word' id='word_1_83' title='bbox 1225 990 1426 1048; x_wconf 79' lang='lat' dir='ltr'>fecisse</span> <span class='ocrx_word' id='word_1_84' title='bbox 1465 989 1758 1047; x_wconf 83' lang='lat' dir='ltr'>manifeste</span> <span class='ocrx_word' id='word_1_85' title='bbox 1797 1005 1892 1046; x_wconf 77' lang='lat' dir='ltr'>co·-</span> 
     </span>
     <span class='ocr_line' id='line_1_13' title="bbox 310 1078 1894 1154; baseline -0.003 -16"><span class='ocrx_word' id='word_1_86' title='bbox 310 1082 619 1154; x_wconf 78' lang='lat' dir='ltr'>gnoscitur.</span> <span class='ocrx_word' id='word_1_87' title='bbox 653 1080 723 1139; x_wconf 80' lang='lat' dir='ltr'>Et</span> <span class='ocrx_word' id='word_1_88' title='bbox 763 1081 950 1153; x_wconf 71' lang='lat' dir='ltr'>linqua</span> <span class='ocrx_word' id='word_1_89' title='bbox 984 1082 1100 1151; x_wconf 73' lang='lat' dir='ltr'>ejus</span> <span class='ocrx_word' id='word_1_90' title='bbox 1122 1081 1370 1153; x_wconf 75' lang='lat' dir='ltr'>loquetur</span> <span class='ocrx_word' id='word_1_91' title='bbox 1392 1081 1684 1151; x_wconf 76' lang='lat' dir='ltr'>judicium.</span> <span class='ocrx_word' id='word_1_92' title='bbox 1731 1078 1894 1134; x_wconf 76' lang='lat' dir='ltr'>Iudi-</span> 
     </span>
     <span class='ocr_line' id='line_1_14' title="bbox 309 1164 1890 1242; baseline 0.001 -15"><span class='ocrx_word' id='word_1_93' title='bbox 309 1172 452 1227; x_wconf 78' lang='lat' dir='ltr'>ct‘um</span> <span class='ocrx_word' id='word_1_94' title='bbox 480 1172 682 1227; x_wconf 62' lang='lat' dir='ltr'>dicitnr</span> <span class='ocrx_word' id='word_1_95' title='bbox 710 1174 867 1242; x_wconf 56' lang='lat' dir='ltr'>qnasi</span> <span class='ocrx_word' id='word_1_96' title='bbox 887 1171 1230 1239; x_wconf 66' lang='lat' dir='ltr'>juridicium,</span> <span class='ocrx_word' id='word_1_97' title='bbox 1268 1171 1324 1227; x_wconf 65' lang='lat' dir='ltr'>id</span> <span class='ocrx_word' id='word_1_98' title='bbox 1363 1179 1450 1227; x_wconf 74' lang='lat' dir='ltr'>est</span> <span class='ocrx_word' id='word_1_99' title='bbox 1476 1171 1628 1242; x_wconf 75' lang='lat' dir='ltr'>juste</span> <span class='ocrx_word' id='word_1_100' title='bbox 1660 1164 1890 1229; x_wconf 88' lang='lat' dir='ltr'>dictum.</span> 
     </span>
     <span class='ocr_line' id='line_1_15' title="bbox 308 1263 1892 1340; baseline 0 -20"><span class='ocrx_word' id='word_1_101' title='bbox 308 1265 458 1324; x_wconf 70' lang='lat' dir='ltr'>«lusti</span> <span class='ocrx_word' id='word_1_102' title='bbox 487 1264 674 1334; x_wconf 52' lang='lat' dir='ltr'>lingitur</span> <span class='ocrx_word' id='word_1_103' title='bbox 706 1278 833 1340; x_wconf 52' lang='lat' dir='ltr'>tnnc</span> <span class='ocrx_word' id='word_1_104' title='bbox 851 1266 1120 1334; x_wconf 55' lang='grc' dir='ltr'>ιξῑωῑίΓὲτ-ῑηι</span> <span class='ocrx_word' id='word_1_105' title='bbox 1146 1263 1411 1336; x_wconf 75' lang='lat' dir='ltr'>loquetur,</span> <span class='ocrx_word' id='word_1_106' title='bbox 1434 1263 1561 1334; x_wconf 77' lang='lat' dir='ltr'>quia</span> <span class='ocrx_word' id='word_1_107' title='bbox 1585 1279 1682 1334; x_wconf 79' lang='lat' dir='ltr'>per</span> <span class='ocrx_word' id='word_1_108' title='bbox 1706 1264 1892 1320; x_wconf 79' lang='lat' dir='ltr'>omnia</span> 
     </span>
     <span class='ocr_line' id='line_1_16' title="bbox 310 1352 1894 1425; baseline 0.002 -18"><span class='ocrx_word' id='word_1_109' title='bbox 310 1352 578 1423; x_wconf 82' lang='lat' dir='ltr'>iustitiam</span> <span class='ocrx_word' id='word_1_110' title='bbox 610 1358 662 1406; x_wconf 83' lang='lat' dir='ltr'>in</span> <span class='ocrx_word' id='word_1_111' title='bbox 694 1358 919 1422; x_wconf 57' lang='lat' dir='ltr'>jtniiuiis.</span> <span class='ocrx_word' id='word_1_112' title='bbox 955 1354 1043 1406; x_wconf 67' lang='lat' dir='ltr'>itui</span> <span class='ocrx_word' id='word_1_113' title='bbox 1089 1353 1460 1424; x_wconf 85' lang='lat' dir='ltr'>comprobans</span> <span class='ocrx_word' id='word_1_114' title='bbox 1509 1369 1634 1409; x_wconf 88' lang='lat' dir='ltr'>cum</span> <span class='ocrx_word' id='word_1_115' title='bbox 1688 1352 1894 1425; x_wconf 81' lang='lat' dir='ltr'>angelis</span> 
     </span>
     <span class='ocr_line' id='line_1_17' title="bbox 310 1443 1892 1518; baseline 0.001 -20"><span class='ocrx_word' id='word_1_116' title='bbox 310 1460 438 1506; x_wconf 63' lang='lat' dir='ltr'>etun</span> <span class='ocrx_word' id='word_1_117' title='bbox 469 1445 702 1511; x_wconf 57' lang='lat' dir='ltr'>laudans</span> <span class='ocrx_word' id='word_1_118' title='bbox 738 1446 1064 1503; x_wconf 53' lang='lat' dir='ltr'>colluantur.</span> <span class='ocrx_word' id='word_1_119' title='bbox 1085 1443 1241 1501; x_wconf 83' lang='lat' dir='ltr'>Tunc</span> <span class='ocrx_word' id='word_1_120' title='bbox 1263 1445 1409 1518; x_wconf 69' lang='lat' dir='ltr'>enim</span> <span class='ocrx_word' id='word_1_121' title='bbox 1437 1444 1585 1501; x_wconf 77' lang='lat' dir='ltr'>clare</span> <span class='ocrx_word' id='word_1_122' title='bbox 1607 1444 1892 1511; x_wconf 74' lang='lat' dir='ltr'>videbunt,</span> 
     </span>
     <span class='ocr_line' id='line_1_18' title="bbox 312 1536 1891 1609; baseline 0.001 -19"><span class='ocrx_word' id='word_1_123' title='bbox 312 1536 650 1608; x_wconf 65' lang='lat' dir='ltr'>quamjnsnr</span> <span class='ocrx_word' id='word_1_124' title='bbox 694 1539 959 1607; x_wconf 64' lang='lat' dir='ltr'>qntffizlant</span> <span class='ocrx_word' id='word_1_125' title='bbox 999 1539 1088 1593; x_wconf 79' lang='lat' dir='ltr'>hic</span> <span class='ocrx_word' id='word_1_126' title='bbox 1118 1536 1263 1599; x_wconf 85' lang='lat' dir='ltr'>Deus</span> <span class='ocrx_word' id='word_1_127' title='bbox 1311 1537 1593 1605; x_wconf 76' lang='lat' dir='ltr'>exaltavit,</span> <span class='ocrx_word' id='word_1_128' title='bbox 1624 1537 1891 1609; x_wconf 86' lang='lat' dir='ltr'>quosdam</span> 
     </span>
     <span class='ocr_line' id='line_1_19' title="bbox 314 1628 1896 1712; baseline 0 -28"><span class='ocrx_word' id='word_1_129' title='bbox 314 1629 626 1685; x_wconf 68' lang='lat' dir='ltr'>humiliat-it</span> <span class='ocrx_word' id='word_1_130' title='bbox 658 1671 670 1692; x_wconf 77' lang='lat'>,</span> <span class='ocrx_word' id='word_1_131' title='bbox 742 1631 1011 1699; x_wconf 57' lang='lat' dir='ltr'>statuellam</span> <span class='ocrx_word' id='word_1_132' title='bbox 1070 1628 1262 1712; x_wconf 62' lang='lat' dir='ltr'>ditavit</span> <span class='ocrx_word' id='word_1_133' title='bbox 1288 1670 1304 1696; x_wconf 90' lang='lat'>,</span> <span class='ocrx_word' id='word_1_134' title='bbox 1366 1631 1634 1701; x_wconf 82' lang='lat' dir='ltr'>quosdam</span> <span class='ocrx_word' id='word_1_135' title='bbox 1686 1644 1896 1701; x_wconf 76' lang='lat' dir='ltr'>paupe·</span> 
     </span>
    </p>
   </div>
   <div class='ocr_carea' id='block_1_9' title="bbox 2062 620 3576 696">
    <p class='ocr_par' dir='ltr' id='par_1_10' title="bbox 2062 620 3576 696">
     <span class='ocr_line' id='line_1_20' title="bbox 2062 620 3576 696; baseline -0.003 -16"><span class='ocrx_word' id='word_1_136' title='bbox 2062 626 2227 682; x_wconf 69' lang='lat' dir='ltr'>Vens.</span> <span class='ocrx_word' id='word_1_137' title='bbox 2261 627 2331 682; x_wconf 82' lang='lat'>55</span> <span class='ocrx_word' id='word_1_138' title='bbox 2356 636 2413 682; x_wconf 87' lang='lat' dir='ltr'>et</span> <span class='ocrx_word' id='word_1_139' title='bbox 2438 626 2527 680; x_wconf 79' lang='lat'>56.</span> <span class='ocrx_word' id='word_1_140' title='bbox 2568 623 2689 679; x_wconf 73' lang='lat' dir='ltr'>t&#39;nti</span> <span class='ocrx_word' id='word_1_141' title='bbox 2717 624 2938 696; x_wconf 77' lang='lat' dir='ltr'>impium</span> <span class='ocrx_word' id='word_1_142' title='bbox 2983 623 3466 696; x_wconf 71' lang='lat' dir='ltr'>superexaltatum,</span> <span class='ocrx_word' id='word_1_143' title='bbox 3511 620 3576 675; x_wconf 80' lang='lat' dir='ltr'>id</span> 
     </span>
    </p>
   </div>
   <div class='ocr_carea' id='block_1_10' title="bbox 1990 700 3576 784">
    <p class='ocr_par' dir='ltr' id='par_1_11' title="bbox 1990 700 3576 784">
     <span class='ocr_line' id='line_1_21' title="bbox 1990 700 3576 784; baseline -0.003 -12"><span class='ocrx_word' id='word_1_144' title='bbox 1990 725 2076 773; x_wconf 84' lang='lat' dir='ltr'>est</span> <span class='ocrx_word' id='word_1_145' title='bbox 2105 718 2335 776; x_wconf 87' lang='lat' dir='ltr'>multum</span> <span class='ocrx_word' id='word_1_146' title='bbox 2358 717 2678 784; x_wconf 69' lang='lat' dir='ltr'>exaltatum,</span> <span class='ocrx_word' id='word_1_147' title='bbox 2708 725 2766 771; x_wconf 84' lang='lat' dir='ltr'>nt</span> <span class='ocrx_word' id='word_1_148' title='bbox 2787 714 3079 781; x_wconf 84' lang='lat' dir='ltr'>Neronem,</span> <span class='ocrx_word' id='word_1_149' title='bbox 3106 725 3157 770; x_wconf 82' lang='lat' dir='ltr'>et</span> <span class='ocrx_word' id='word_1_150' title='bbox 3178 700 3434 770; x_wconf 53' lang='lat' dir='ltr'>elebatum</span> <span class='ocrx_word' id='word_1_151' title='bbox 3458 712 3576 769; x_wconf 64' lang='lat' dir='ltr'>sic-</span> 
     </span>
    </p>
   </div>
   <div class='ocr_carea' id='block_1_11' title="bbox 1994 801 3583 1706">
    <p class='ocr_par' dir='ltr' id='par_1_12' title="bbox 1994 801 3583 1706">
     <span class='ocr_line' id='line_1_22' title="bbox 1994 801 3579 882; baseline -0.003 -18"><span class='ocrx_word' id='word_1_152' title='bbox 1994 819 2052 864; x_wconf 84' lang='lat' dir='ltr'>ut</span> <span class='ocrx_word' id='word_1_153' title='bbox 2093 810 2274 864; x_wconf 79' lang='lat' dir='ltr'>cedros</span> <span class='ocrx_word' id='word_1_154' title='bbox 2307 809 2500 864; x_wconf 80' lang='lat' dir='ltr'>Libani</span> <span class='ocrx_word' id='word_1_155' title='bbox 2529 851 2544 877; x_wconf 95' lang='lat'>,</span> <span class='ocrx_word' id='word_1_156' title='bbox 2586 809 2640 864; x_wconf 90' lang='lat' dir='ltr'>id</span> <span class='ocrx_word' id='word_1_157' title='bbox 2677 801 2767 866; x_wconf 83' lang='lat' dir='ltr'>est</span> <span class='ocrx_word' id='word_1_158' title='bbox 2802 824 2967 879; x_wconf 87' lang='lat' dir='ltr'>super</span> <span class='ocrx_word' id='word_1_159' title='bbox 2998 801 3136 864; x_wconf 84' lang='lat' dir='ltr'>alios</span> <span class='ocrx_word' id='word_1_160' title='bbox 3162 807 3360 879; x_wconf 89' lang='lat' dir='ltr'>impios</span> <span class='ocrx_word' id='word_1_161' title='bbox 3387 809 3579 882; x_wconf 66' lang='lat' dir='ltr'>eleva-7</span> 
     </span>
     <span class='ocr_line' id='line_1_23' title="bbox 1998 886 3577 969; baseline -0.002 -11"><span class='ocrx_word' id='word_1_162' title='bbox 1998 912 2137 969; x_wconf 84' lang='lat' dir='ltr'>tum,</span> <span class='ocrx_word' id='word_1_163' title='bbox 2186 911 2247 965; x_wconf 80' lang='lat' dir='ltr'>ut</span> <span class='ocrx_word' id='word_1_164' title='bbox 2292 901 2648 961; x_wconf 83' lang='lat' dir='ltr'>Antiochum.</span> <span class='ocrx_word' id='word_1_165' title='bbox 2687 886 2770 955; x_wconf 75' lang='lat' dir='ltr'>&#39;Ee</span> <span class='ocrx_word' id='word_1_166' title='bbox 2805 902 3034 956; x_wconf 76' lang='lat' dir='ltr'>transivi</span> <span class='ocrx_word' id='word_1_167' title='bbox 3064 891 3244 956; x_wconf 84' lang='lat' dir='ltr'>mente</span> <span class='ocrx_word' id='word_1_168' title='bbox 3280 901 3345 956; x_wconf 86' lang='lat' dir='ltr'>ad</span> <span class='ocrx_word' id='word_1_169' title='bbox 3379 887 3577 956; x_wconf 82' lang='lat' dir='ltr'>ultima</span> 
     </span>
     <span class='ocr_line' id='line_1_24' title="bbox 1994 982 3575 1063; baseline -0.004 -14"><span class='ocrx_word' id='word_1_170' title='bbox 1994 991 2116 1063; x_wconf 85' lang='lat' dir='ltr'>ejus</span> <span class='ocrx_word' id='word_1_171' title='bbox 2143 1033 2159 1059; x_wconf 94' lang='lat'>,</span> <span class='ocrx_word' id='word_1_172' title='bbox 2214 1002 2266 1047; x_wconf 84' lang='lat' dir='ltr'>et</span> <span class='ocrx_word' id='word_1_173' title='bbox 2305 1009 2421 1048; x_wconf 83' lang='lat' dir='ltr'>ecce</span> <span class='ocrx_word' id='word_1_174' title='bbox 2476 997 2581 1046; x_wconf 79' lang='lat' dir='ltr'>non</span> <span class='ocrx_word' id='word_1_175' title='bbox 2637 1000 2753 1047; x_wconf 82' lang='lat' dir='ltr'>erat</span> <span class='ocrx_word' id='word_1_176' title='bbox 2792 982 3085 1048; x_wconf 79' lang='lat' dir='ltr'>exaltatuS.</span> <span class='ocrx_word' id='word_1_177' title='bbox 3134 989 3203 1044; x_wconf 82' lang='lat' dir='ltr'>Et</span> <span class='ocrx_word' id='word_1_178' title='bbox 3226 991 3273 1046; x_wconf 93' lang='lat' dir='ltr'>si</span> <span class='ocrx_word' id='word_1_179' title='bbox 3296 993 3399 1046; x_wconf 82' lang='lat' dir='ltr'>iste</span> <span class='ocrx_word' id='word_1_180' title='bbox 3438 1006 3575 1056; x_wconf 88' lang='lat' dir='ltr'>non,</span> 
     </span>
     <span class='ocr_line' id='line_1_25' title="bbox 1994 1083 3581 1151; baseline -0.002 -10"><span class='ocrx_word' id='word_1_181' title='bbox 1994 1084 2170 1142; x_wconf 88' lang='lat' dir='ltr'>multo</span> <span class='ocrx_word' id='word_1_182' title='bbox 2202 1086 2387 1142; x_wconf 89' lang='lat' dir='ltr'>minus</span> <span class='ocrx_word' id='word_1_183' title='bbox 2437 1085 2553 1140; x_wconf 90' lang='lat' dir='ltr'>alii.</span> <span class='ocrx_word' id='word_1_184' title='bbox 2581 1083 2815 1151; x_wconf 73' lang='lat' dir='ltr'>Quoeaivi</span> <span class='ocrx_word' id='word_1_185' title='bbox 2839 1101 2959 1140; x_wconf 85' lang='lat' dir='ltr'>eum</span> <span class='ocrx_word' id='word_1_186' title='bbox 2999 1084 3240 1151; x_wconf 89' lang='lat' dir='ltr'>ratione,</span> <span class='ocrx_word' id='word_1_187' title='bbox 3269 1084 3315 1140; x_wconf 91' lang='lat' dir='ltr'>si</span> <span class='ocrx_word' id='word_1_188' title='bbox 3348 1083 3581 1138; x_wconf 80' lang='lat' dir='ltr'>baberet</span> 
     </span>
     <span class='ocr_line' id='line_1_26' title="bbox 1997 1164 3576 1245; baseline -0.001 -16"><span class='ocrx_word' id='word_1_189' title='bbox 1997 1175 2177 1230; x_wconf 86' lang='lat' dir='ltr'>locum</span> <span class='ocrx_word' id='word_1_190' title='bbox 2199 1175 2496 1245; x_wconf 77' lang='lat' dir='ltr'>exaltandi,</span> <span class='ocrx_word' id='word_1_191' title='bbox 2520 1185 2569 1230; x_wconf 86' lang='lat' dir='ltr'>et</span> <span class='ocrx_word' id='word_1_192' title='bbox 2601 1191 2705 1230; x_wconf 83' lang='lat' dir='ltr'>non</span> <span class='ocrx_word' id='word_1_193' title='bbox 2728 1184 2802 1230; x_wconf 74' lang='lat' dir='ltr'>est</span> <span class='ocrx_word' id='word_1_194' title='bbox 2829 1177 3068 1230; x_wconf 80' lang='lat' dir='ltr'>inventus</span> <span class='ocrx_word' id='word_1_195' title='bbox 3098 1174 3245 1229; x_wconf 74' lang='lat' dir='ltr'>locus</span> <span class='ocrx_word' id='word_1_196' title='bbox 3270 1164 3382 1244; x_wconf 67' lang='lat' dir='ltr'>ejus</span> <span class='ocrx_word' id='word_1_197' title='bbox 3417 1164 3576 1229; x_wconf 51' lang='lat' dir='ltr'>exalss</span> 
     </span>
     <span class='ocr_line' id='line_1_27' title="bbox 1998 1259 3581 1338; baseline -0.001 -15"><span class='ocrx_word' id='word_1_198' title='bbox 1998 1268 2244 1324; x_wconf 84' lang='lat' dir='ltr'>tationis.</span> <span class='ocrx_word' id='word_1_199' title='bbox 2278 1267 2518 1323; x_wconf 77' lang='lat' dir='ltr'>Libamts</span> <span class='ocrx_word' id='word_1_200' title='bbox 2549 1267 2752 1323; x_wconf 88' lang='lat' dir='ltr'>dicitur</span> <span class='ocrx_word' id='word_1_201' title='bbox 2778 1268 2938 1322; x_wconf 79' lang='lat' dir='ltr'>nitor.</span> <span class='ocrx_word' id='word_1_202' title='bbox 2970 1266 3127 1323; x_wconf 78' lang='lat' dir='ltr'>Cedri</span> <span class='ocrx_word' id='word_1_203' title='bbox 3170 1259 3310 1324; x_wconf 84' lang='lat' dir='ltr'>sunt&#39;</span> <span class='ocrx_word' id='word_1_204' title='bbox 3337 1281 3581 1338; x_wconf 75' lang='lat' dir='ltr'>procerae</span> 
     </span>
     <span class='ocr_line' id='line_1_28' title="bbox 1998 1357 3580 1431; baseline -0.001 -17"><span class='ocrx_word' id='word_1_205' title='bbox 1998 1360 2245 1428; x_wconf 81' lang='lat' dir='ltr'>arboreS,</span> <span class='ocrx_word' id='word_1_206' title='bbox 2268 1375 2408 1431; x_wconf 83' lang='lat' dir='ltr'>quas</span> <span class='ocrx_word' id='word_1_207' title='bbox 2429 1370 2627 1415; x_wconf 82' lang='lat' dir='ltr'>ventus</span> <span class='ocrx_word' id='word_1_208' title='bbox 2651 1358 2807 1415; x_wconf 74' lang='lat' dir='ltr'>facile</span> <span class='ocrx_word' id='word_1_209' title='bbox 2827 1359 3034 1430; x_wconf 82' lang='lat' dir='ltr'>dejicit.</span> <span class='ocrx_word' id='word_1_210' title='bbox 3052 1358 3211 1415; x_wconf 83' lang='lat' dir='ltr'>Cedri</span> <span class='ocrx_word' id='word_1_211' title='bbox 3236 1357 3425 1412; x_wconf 76' lang='lat' dir='ltr'>Libani</span> <span class='ocrx_word' id='word_1_212' title='bbox 3446 1367 3580 1414; x_wconf 87' lang='lat' dir='ltr'>sunt</span> 
     </span>
     <span class='ocr_line' id='line_1_29' title="bbox 1998 1449 3583 1524; baseline -0.004 -16"><span class='ocrx_word' id='word_1_213' title='bbox 1998 1452 2181 1508; x_wconf 79' lang='lat' dir='ltr'>saeculi</span> <span class='ocrx_word' id='word_1_214' title='bbox 2211 1459 2480 1523; x_wconf 89' lang='lat' dir='ltr'>potentes,</span> <span class='ocrx_word' id='word_1_215' title='bbox 2506 1451 2675 1522; x_wconf 86' lang='lat' dir='ltr'>gloria</span> <span class='ocrx_word' id='word_1_216' title='bbox 2702 1459 2757 1507; x_wconf 92' lang='lat' dir='ltr'>et</span> <span class='ocrx_word' id='word_1_217' title='bbox 2782 1450 2987 1506; x_wconf 87' lang='lat' dir='ltr'>divitiis</span> <span class='ocrx_word' id='word_1_218' title='bbox 3010 1449 3099 1506; x_wconf 87' lang='lat' dir='ltr'>bic</span> <span class='ocrx_word' id='word_1_219' title='bbox 3129 1450 3385 1512; x_wconf 73' lang='lat' dir='ltr'>nitentes».</span> <span class='ocrx_word' id='word_1_220' title='bbox 3436 1463 3583 1524; x_wconf 70' lang='lat' dir='ltr'>quos</span> 
     </span>
     <span class='ocr_line' id='line_1_30' title="bbox 1996 1540 3578 1617; baseline -0.004 -19"><span class='ocrx_word' id='word_1_221' title='bbox 1996 1552 2194 1600; x_wconf 80' lang='lat' dir='ltr'>ventus</span> <span class='ocrx_word' id='word_1_222' title='bbox 2223 1543 2541 1617; x_wconf 83' lang='lat' dir='ltr'>tentationis</span> <span class='ocrx_word' id='word_1_223' title='bbox 2575 1540 2736 1598; x_wconf 76' lang='lat' dir='ltr'>facile</span> <span class='ocrx_word' id='word_1_224' title='bbox 2770 1542 2838 1598; x_wconf 86' lang='lat' dir='ltr'>de</span> <span class='ocrx_word' id='word_1_225' title='bbox 2875 1551 3062 1597; x_wconf 89' lang='lat' dir='ltr'>monte</span> <span class='ocrx_word' id='word_1_226' title='bbox 3089 1541 3349 1599; x_wconf 76' lang='lat' dir='ltr'>virtutum</span> <span class='ocrx_word' id='word_1_227' title='bbox 3374 1540 3578 1604; x_wconf 81' lang='lat' dir='ltr'>evellit,</span> 
     </span>
     <span class='ocr_line' id='line_1_31' title="bbox 1998 1632 3580 1706; baseline -0.004 -13"><span class='ocrx_word' id='word_1_228' title='bbox 1998 1645 2052 1693; x_wconf 90' lang='lat' dir='ltr'>et</span> <span class='ocrx_word' id='word_1_229' title='bbox 2081 1636 2150 1692; x_wconf 85' lang='lat' dir='ltr'>ad</span> <span class='ocrx_word' id='word_1_230' title='bbox 2178 1646 2377 1692; x_wconf 89' lang='lat' dir='ltr'>terram</span> <span class='ocrx_word' id='word_1_231' title='bbox 2403 1635 2763 1706; x_wconf 87' lang='lat' dir='ltr'>cupiditatum</span> <span class='ocrx_word' id='word_1_232' title='bbox 2792 1634 3108 1705; x_wconf 74' lang='lat' dir='ltr'>prosternit.</span> <span class='ocrx_word' id='word_1_233' title='bbox 3156 1632 3269 1689; x_wconf 78' lang='lat' dir='ltr'>llos</span> <span class='ocrx_word' id='word_1_234' title='bbox 3298 1633 3580 1700; x_wconf 81' lang='lat' dir='ltr'>transibit,</span> 
     </span>
    </p>
   </div>
   <div class='ocr_carea' id='block_1_12' title="bbox 314 1719 3585 1802">
    <p class='ocr_par' dir='ltr' id='par_1_13' title="bbox 314 1719 3585 1802">
     <span class='ocr_line' id='line_1_32' title="bbox 314 1719 3585 1802; baseline -0.002 -18"><span class='ocrx_word' id='word_1_235' title='bbox 314 1720 400 1790; x_wconf 68' lang='lat' dir='ltr'>rie</span> <span class='ocrx_word' id='word_1_236' title='bbox 433 1723 722 1795; x_wconf 63' lang='lat' dir='ltr'>castigat-it.</span> <span class='ocrx_word' id='word_1_237' title='bbox 746 1763 762 1791; x_wconf 44' lang='grc' dir='ltr'>,ι</span> <span class='ocrx_word' id='word_1_238' title='bbox 799 1723 1065 1791; x_wconf 55' lang='lat' dir='ltr'>qiu-isaiam</span> <span class='ocrx_word' id='word_1_239' title='bbox 1099 1721 1358 1790; x_wconf 71' lang='lat' dir='ltr'>vocavit,</span> <span class='ocrx_word' id='word_1_240' title='bbox 1401 1722 1670 1795; x_wconf 71' lang='lat' dir='ltr'>quosdam</span> <span class='ocrx_word' id='word_1_241' title='bbox 1710 1737 1898 1793; x_wconf 86' lang='lat' dir='ltr'>repro·</span> <span class='ocrx_word' id='word_1_242' title='bbox 1929 1719 1973 1774; x_wconf 84' lang='lat' dir='ltr'>B</span> <span class='ocrx_word' id='word_1_243' title='bbox 2000 1728 2095 1802; x_wconf 90' lang='lat' dir='ltr'>qui</span> <span class='ocrx_word' id='word_1_244' title='bbox 2132 1728 2200 1784; x_wconf 89' lang='lat' dir='ltr'>ad</span> <span class='ocrx_word' id='word_1_245' title='bbox 2231 1728 2447 1784; x_wconf 86' lang='lat' dir='ltr'>culmen</span> <span class='ocrx_word' id='word_1_246' title='bbox 2479 1728 2743 1783; x_wconf 83' lang='lat' dir='ltr'>virtutum</span> <span class='ocrx_word' id='word_1_247' title='bbox 2779 1727 2973 1783; x_wconf 87' lang='lat' dir='ltr'>tendit.</span> <span class='ocrx_word' id='word_1_248' title='bbox 3015 1723 3124 1782; x_wconf 84' lang='lat' dir='ltr'>Hos</span> <span class='ocrx_word' id='word_1_249' title='bbox 3153 1741 3374 1798; x_wconf 87' lang='lat' dir='ltr'>quoque</span> <span class='ocrx_word' id='word_1_250' title='bbox 3399 1727 3452 1780; x_wconf 90' lang='lat' dir='ltr'>in</span> <span class='ocrx_word' id='word_1_251' title='bbox 3492 1726 3585 1781; x_wconf 86' lang='lat' dir='ltr'>iti·</span> 
     </span>
    </p>
   </div>
   <div class='ocr_carea' id='block_1_13' title="bbox 313 1814 1904 2815">
    <p class='ocr_par' dir='ltr' id='par_1_14' title="bbox 313 1814 487 1878">
     <span class='ocr_line' id='line_1_33' title="bbox 313 1814 487 1878; baseline 0 -10"><span class='ocrx_word' id='word_1_252' title='bbox 313 1814 487 1878; x_wconf 81' lang='lat' dir='ltr'>bavit.</span> 
     </span>
    </p>

    <p class='ocr_par' dir='ltr' id='par_1_15' title="bbox 315 1905 1904 2815">
     <span class='ocr_line' id='line_1_34' title="bbox 388 1905 1897 1984; baseline 0.001 -22"><span class='ocrx_word' id='word_1_253' title='bbox 388 1905 555 1984; x_wconf 75' lang='lat' dir='ltr'>Vens.</span> <span class='ocrx_word' id='word_1_254' title='bbox 583 1907 674 1968; x_wconf 76' lang='lat'>51.</span> <span class='ocrx_word' id='word_1_255' title='bbox 723 1905 837 1965; x_wconf 76' lang='lat' dir='ltr'>Lex</span> <span class='ocrx_word' id='word_1_256' title='bbox 870 1907 970 1966; x_wconf 79' lang='lat' dir='ltr'>Dei</span> <span class='ocrx_word' id='word_1_257' title='bbox 998 1907 1114 1978; x_wconf 76' lang='lat' dir='ltr'>ejus</span> <span class='ocrx_word' id='word_1_258' title='bbox 1152 1908 1207 1963; x_wconf 78' lang='lat' dir='ltr'>in</span> <span class='ocrx_word' id='word_1_259' title='bbox 1246 1909 1404 1963; x_wconf 83' lang='lat' dir='ltr'>corde</span> <span class='ocrx_word' id='word_1_260' title='bbox 1432 1909 1620 1978; x_wconf 72' lang='lat' dir='ltr'>ipsius.</span> <span class='ocrx_word' id='word_1_261' title='bbox 1655 1906 1756 1963; x_wconf 83' lang='lat' dir='ltr'>Dei</span> <span class='ocrx_word' id='word_1_262' title='bbox 1783 1907 1897 1978; x_wconf 76' lang='lat' dir='ltr'>ejus</span> 
     </span>
     <span class='ocr_line' id='line_1_35' title="bbox 319 1997 1896 2069; baseline 0.001 -16"><span class='ocrx_word' id='word_1_263' title='bbox 319 1997 481 2067; x_wconf 88' lang='lat' dir='ltr'>dicit,</span> <span class='ocrx_word' id='word_1_264' title='bbox 529 1998 661 2069; x_wconf 88' lang='lat' dir='ltr'>quia</span> <span class='ocrx_word' id='word_1_265' title='bbox 696 2014 821 2054; x_wconf 89' lang='lat' dir='ltr'>enm</span> <span class='ocrx_word' id='word_1_266' title='bbox 873 1998 942 2054; x_wconf 87' lang='lat' dir='ltr'>de</span> <span class='ocrx_word' id='word_1_267' title='bbox 988 1999 1177 2055; x_wconf 89' lang='lat' dir='ltr'>mundi</span> <span class='ocrx_word' id='word_1_268' title='bbox 1208 1999 1367 2056; x_wconf 89' lang='lat' dir='ltr'>istius</span> <span class='ocrx_word' id='word_1_269' title='bbox 1420 2000 1573 2056; x_wconf 83' lang='lat' dir='ltr'>clade</span> <span class='ocrx_word' id='word_1_270' title='bbox 1628 1997 1896 2059; x_wconf 84' lang='lat' dir='ltr'>liberavit.</span> 
     </span>
     <span class='ocr_line' id='line_1_36' title="bbox 321 2091 1900 2160; baseline 0.002 -14"><span class='ocrx_word' id='word_1_271' title='bbox 321 2091 430 2146; x_wconf 80' lang='lat' dir='ltr'>Lea:</span> <span class='ocrx_word' id='word_1_272' title='bbox 463 2091 563 2147; x_wconf 81' lang='lat' dir='ltr'>Dei</span> <span class='ocrx_word' id='word_1_273' title='bbox 582 2101 666 2148; x_wconf 91' lang='lat' dir='ltr'>est</span> <span class='ocrx_word' id='word_1_274' title='bbox 690 2092 929 2149; x_wconf 88' lang='lat' dir='ltr'>dilectio.</span> <span class='ocrx_word' id='word_1_275' title='bbox 954 2091 1081 2151; x_wconf 80' lang='lat' dir='ltr'>ttaee</span> <span class='ocrx_word' id='word_1_276' title='bbox 1107 2095 1164 2147; x_wconf 81' lang='lat' dir='ltr'>in</span> <span class='ocrx_word' id='word_1_277' title='bbox 1198 2093 1382 2160; x_wconf 82' lang='lat' dir='ltr'>corde,</span> <span class='ocrx_word' id='word_1_278' title='bbox 1413 2092 1467 2148; x_wconf 91' lang='lat' dir='ltr'>id</span> <span class='ocrx_word' id='word_1_279' title='bbox 1504 2101 1590 2150; x_wconf 90' lang='lat' dir='ltr'>est</span> <span class='ocrx_word' id='word_1_280' title='bbox 1615 2093 1671 2148; x_wconf 91' lang='lat' dir='ltr'>in</span> <span class='ocrx_word' id='word_1_281' title='bbox 1717 2093 1900 2149; x_wconf 88' lang='lat' dir='ltr'>anima</span> 
     </span>
     <span class='ocr_line' id='line_1_37' title="bbox 315 2183 1900 2258; baseline 0.003 -20"><span class='ocrx_word' id='word_1_282' title='bbox 315 2183 453 2256; x_wconf 86' lang='lat' dir='ltr'>justi</span> <span class='ocrx_word' id='word_1_283' title='bbox 493 2200 708 2255; x_wconf 84' lang='lat' dir='ltr'>semper</span> <span class='ocrx_word' id='word_1_284' title='bbox 751 2185 877 2253; x_wconf 89' lang='lat' dir='ltr'>erit,</span> <span class='ocrx_word' id='word_1_285' title='bbox 927 2187 1026 2258; x_wconf 88' lang='lat' dir='ltr'>qui</span> <span class='ocrx_word' id='word_1_286' title='bbox 1057 2185 1230 2242; x_wconf 90' lang='lat' dir='ltr'>Deum</span> <span class='ocrx_word' id='word_1_287' title='bbox 1262 2200 1365 2257; x_wconf 91' lang='lat' dir='ltr'>pro</span> <span class='ocrx_word' id='word_1_288' title='bbox 1396 2186 1656 2242; x_wconf 87' lang='lat' dir='ltr'>omnibns</span> <span class='ocrx_word' id='word_1_289' title='bbox 1675 2185 1900 2257; x_wconf 83' lang='lat' dir='ltr'>judiciis</span> 
     </span>
     <span class='ocr_line' id='line_1_38' title="bbox 319 2278 1903 2352; baseline 0.001 -20"><span class='ocrx_word' id='word_1_290' title='bbox 319 2287 377 2336; x_wconf 88' lang='lat' dir='ltr'>et</span> <span class='ocrx_word' id='word_1_291' title='bbox 401 2278 683 2335; x_wconf 80' lang='lat' dir='ltr'>beneflciis</span> <span class='ocrx_word' id='word_1_292' title='bbox 718 2289 832 2336; x_wconf 82' lang='lat' dir='ltr'>tota</span> <span class='ocrx_word' id='word_1_293' title='bbox 862 2279 1168 2336; x_wconf 88' lang='lat' dir='ltr'>intentione</span> <span class='ocrx_word' id='word_1_294' title='bbox 1209 2279 1417 2352; x_wconf 80' lang='lat' dir='ltr'>diligit,</span> <span class='ocrx_word' id='word_1_295' title='bbox 1469 2288 1523 2335; x_wconf 87' lang='lat' dir='ltr'>et</span> <span class='ocrx_word' id='word_1_296' title='bbox 1552 2279 1605 2334; x_wconf 90' lang='lat' dir='ltr'>in</span> <span class='ocrx_word' id='word_1_297' title='bbox 1638 2279 1742 2334; x_wconf 84' lang='lat' dir='ltr'>bac</span> <span class='ocrx_word' id='word_1_298' title='bbox 1767 2279 1903 2334; x_wconf 87' lang='lat' dir='ltr'>dilc-</span> 
     </span>
     <span class='ocr_line' id='line_1_39' title="bbox 321 2371 1904 2449; baseline -0.002 -22"><span class='ocrx_word' id='word_1_299' title='bbox 321 2371 504 2449; x_wconf 70' lang='lat' dir='ltr'>et‘ione</span> <span class='ocrx_word' id='word_1_300' title='bbox 545 2371 779 2430; x_wconf 82' lang='lat' dir='ltr'>dulciter</span> <span class='ocrx_word' id='word_1_301' title='bbox 824 2373 1102 2444; x_wconf 80' lang='lat' dir='ltr'>gaudebit.</span> <span class='ocrx_word' id='word_1_302' title='bbox 1167 2371 1239 2427; x_wconf 83' lang='lat' dir='ltr'>Et</span> <span class='ocrx_word' id='word_1_303' title='bbox 1277 2389 1383 2428; x_wconf 83' lang='lat' dir='ltr'>non</span> <span class='ocrx_word' id='word_1_304' title='bbox 1418 2371 1904 2442; x_wconf 73' lang='lat' dir='ltr'>supplantabuntur</span> 
     </span>
     <span class='ocr_line' id='line_1_40' title="bbox 322 2464 1894 2540; baseline 0.004 -25"><span class='ocrx_word' id='word_1_305' title='bbox 322 2481 528 2536; x_wconf 64' lang='lat' dir='ltr'>gressus</span> <span class='ocrx_word' id='word_1_306' title='bbox 548 2465 685 2535; x_wconf 74' lang='lat' dir='ltr'>ejus.</span> <span class='ocrx_word' id='word_1_307' title='bbox 704 2464 1060 2536; x_wconf 73' lang='lat' dir='ltr'>supplantare</span> <span class='ocrx_word' id='word_1_308' title='bbox 1077 2476 1161 2525; x_wconf 90' lang='lat' dir='ltr'>est</span> <span class='ocrx_word' id='word_1_309' title='bbox 1173 2468 1372 2538; x_wconf 86' lang='lat' dir='ltr'>plantis</span> <span class='ocrx_word' id='word_1_310' title='bbox 1391 2467 1577 2524; x_wconf 78' lang='lat' dir='ltr'>foveas</span> <span class='ocrx_word' id='word_1_311' title='bbox 1596 2467 1894 2540; x_wconf 85' lang='lat' dir='ltr'>praetende-</span> 
     </span>
     <span class='ocr_line' id='line_1_41' title="bbox 322 2553 1901 2629; baseline -0.001 -19"><span class='ocrx_word' id='word_1_312' title='bbox 322 2570 406 2610; x_wconf 89' lang='lat' dir='ltr'>re.</span> <span class='ocrx_word' id='word_1_313' title='bbox 441 2553 518 2610; x_wconf 86' lang='lat' dir='ltr'>lbi</span> <span class='ocrx_word' id='word_1_314' title='bbox 549 2570 771 2625; x_wconf 80' lang='lat' dir='ltr'>gressus</span> <span class='ocrx_word' id='word_1_315' title='bbox 798 2555 933 2627; x_wconf 82' lang='lat' dir='ltr'>justi</span> <span class='ocrx_word' id='word_1_316' title='bbox 978 2572 1142 2613; x_wconf 87' lang='lat' dir='ltr'>nemo</span> <span class='ocrx_word' id='word_1_317' title='bbox 1169 2556 1524 2629; x_wconf 85' lang='lat' dir='ltr'>supplantare</span> <span class='ocrx_word' id='word_1_318' title='bbox 1568 2554 1901 2628; x_wconf 65' lang='lat' dir='ltr'>praevalebit,</span> 
     </span>
     <span class='ocr_line' id='line_1_42' title="bbox 322 2648 1904 2735; baseline 0.002 -33"><span class='ocrx_word' id='word_1_319' title='bbox 322 2648 551 2735; x_wconf 71' lang='lat' dir='ltr'>quando</span> <span class='ocrx_word' id='word_1_320' title='bbox 583 2653 639 2705; x_wconf 87' lang='lat' dir='ltr'>et</span> <span class='ocrx_word' id='word_1_321' title='bbox 668 2650 937 2720; x_wconf 84' lang='lat' dir='ltr'>originale</span> <span class='ocrx_word' id='word_1_322' title='bbox 961 2660 1246 2722; x_wconf 84' lang='lat' dir='ltr'>peccatum</span> <span class='ocrx_word' id='word_1_323' title='bbox 1287 2650 1521 2717; x_wconf 86' lang='lat' dir='ltr'>desinet,</span> <span class='ocrx_word' id='word_1_324' title='bbox 1567 2659 1623 2706; x_wconf 90' lang='lat' dir='ltr'>et</span> <span class='ocrx_word' id='word_1_325' title='bbox 1651 2649 1904 2707; x_wconf 84' lang='lat' dir='ltr'>diabolus</span> 
     </span>
     <span class='ocr_line' id='line_1_43' title="bbox 325 2740 1904 2815; baseline 0 -18"><span class='ocrx_word' id='word_1_326' title='bbox 325 2740 633 2812; x_wconf 81' lang='lat' dir='ltr'>decipiendi</span> <span class='ocrx_word' id='word_1_327' title='bbox 679 2742 956 2800; x_wconf 83' lang='lat' dir='ltr'>licentiam</span> <span class='ocrx_word' id='word_1_328' title='bbox 1000 2758 1112 2800; x_wconf 90' lang='lat' dir='ltr'>non</span> <span class='ocrx_word' id='word_1_329' title='bbox 1138 2742 1381 2800; x_wconf 86' lang='lat' dir='ltr'>habebit.</span> <span class='ocrx_word' id='word_1_330' title='bbox 1417 2743 1560 2815; x_wconf 89' lang='lat' dir='ltr'>Ergo</span> <span class='ocrx_word' id='word_1_331' title='bbox 1603 2744 1762 2815; x_wconf 77' lang='lat' dir='ltr'>justi,</span> <span class='ocrx_word' id='word_1_332' title='bbox 1808 2742 1904 2814; x_wconf 86' lang='lat' dir='ltr'>qui</span> 
     </span>
    </p>
   </div>
   <div class='ocr_carea' id='block_1_14' title="bbox 217 2834 1903 2907">
    <p class='ocr_par' dir='ltr' id='par_1_16' title="bbox 217 2834 1903 2907">
     <span class='ocr_line' id='line_1_44' title="bbox 217 2834 1903 2907; baseline 0 -17"><span class='ocrx_word' id='word_1_333' title='bbox 217 2838 238 2850; x_wconf 78' lang='grc'><strong>”</strong></span> <span class='ocrx_word' id='word_1_334' title='bbox 324 2835 420 2891; x_wconf 82' lang='lat' dir='ltr'>hie</span> <span class='ocrx_word' id='word_1_335' title='bbox 448 2834 763 2905; x_wconf 72' lang='lat' dir='ltr'>sapientiam</span> <span class='ocrx_word' id='word_1_336' title='bbox 794 2837 959 2892; x_wconf 86' lang='lat' dir='ltr'>corde</span> <span class='ocrx_word' id='word_1_337' title='bbox 1003 2836 1356 2899; x_wconf 84' lang='lat' dir='ltr'>meditantur.</span> <span class='ocrx_word' id='word_1_338' title='bbox 1393 2837 1664 2907; x_wconf 72' lang='lat' dir='ltr'>judic-ium</span> <span class='ocrx_word' id='word_1_339' title='bbox 1693 2845 1903 2899; x_wconf 84' lang='lat' dir='ltr'>rectum</span> 
     </span>
    </p>
   </div>
   <div class='ocr_carea' id='block_1_15' title="bbox 326 2925 1911 4388">
    <p class='ocr_par' dir='ltr' id='par_1_17' title="bbox 326 2925 1908 3284">
     <span class='ocr_line' id='line_1_45' title="bbox 326 2925 1905 3005; baseline 0.001 -25"><span class='ocrx_word' id='word_1_340' title='bbox 326 2941 421 3005; x_wconf 82' lang='lat' dir='ltr'>ore.</span> <span class='ocrx_word' id='word_1_341' title='bbox 456 2926 775 2997; x_wconf 82' lang='lat' dir='ltr'>loquuntur,</span> <span class='ocrx_word' id='word_1_342' title='bbox 803 2935 858 2987; x_wconf 86' lang='lat' dir='ltr'>et</span> <span class='ocrx_word' id='word_1_343' title='bbox 879 2942 1114 2999; x_wconf 83' lang='lat' dir='ltr'>quorum</span> <span class='ocrx_word' id='word_1_344' title='bbox 1147 2943 1379 2999; x_wconf 65' lang='lat' dir='ltr'>gressus,</span> <span class='ocrx_word' id='word_1_345' title='bbox 1407 2925 1567 2982; x_wconf 82' lang='lat' dir='ltr'>idest</span> <span class='ocrx_word' id='word_1_346' title='bbox 1592 2925 1905 2981; x_wconf 78' lang='lat' dir='ltr'>affectiones</span> 
     </span>
     <span class='ocr_line' id='line_1_46' title="bbox 329 3020 1908 3091; baseline 0.001 -17"><span class='ocrx_word' id='word_1_347' title='bbox 329 3037 359 3074; x_wconf 92' lang='lat' dir='ltr'>a</span> <span class='ocrx_word' id='word_1_348' title='bbox 385 3020 535 3075; x_wconf 89' lang='lat' dir='ltr'>vitiis</span> <span class='ocrx_word' id='word_1_349' title='bbox 558 3035 666 3075; x_wconf 88' lang='lat' dir='ltr'>non</span> <span class='ocrx_word' id='word_1_350' title='bbox 685 3020 1127 3091; x_wconf 80' lang='lat' dir='ltr'>supplantantur,</span> <span class='ocrx_word' id='word_1_351' title='bbox 1145 3021 1200 3076; x_wconf 93' lang='lat' dir='ltr'>bi</span> <span class='ocrx_word' id='word_1_352' title='bbox 1224 3030 1422 3076; x_wconf 89' lang='lat' dir='ltr'>terram</span> <span class='ocrx_word' id='word_1_353' title='bbox 1440 3036 1636 3087; x_wconf 82' lang='lat' dir='ltr'>novam</span> <span class='ocrx_word' id='word_1_354' title='bbox 1661 3021 1714 3076; x_wconf 90' lang='lat' dir='ltr'>in</span> <span class='ocrx_word' id='word_1_355' title='bbox 1741 3036 1908 3077; x_wconf 81' lang='lat' dir='ltr'>saeeu·</span> 
     </span>
     <span class='ocr_line' id='line_1_47' title="bbox 326 3111 1908 3186; baseline -0.001 -16"><span class='ocrx_word' id='word_1_356' title='bbox 326 3114 438 3170; x_wconf 86' lang='lat' dir='ltr'>lum</span> <span class='ocrx_word' id='word_1_357' title='bbox 469 3114 651 3170; x_wconf 79' lang='lat' dir='ltr'>saeculi</span> <span class='ocrx_word' id='word_1_358' title='bbox 683 3113 1032 3170; x_wconf 85' lang='lat' dir='ltr'>habitabunt.</span> <span class='ocrx_word' id='word_1_359' title='bbox 1062 3111 1171 3170; x_wconf 88' lang='lat' dir='ltr'>Sed</span> <span class='ocrx_word' id='word_1_360' title='bbox 1209 3113 1305 3185; x_wconf 90' lang='lat' dir='ltr'>qui</span> <span class='ocrx_word' id='word_1_361' title='bbox 1327 3113 1497 3169; x_wconf 78' lang='lat' dir='ltr'>velint</span> <span class='ocrx_word' id='word_1_362' title='bbox 1525 3128 1623 3169; x_wconf 90' lang='lat' dir='ltr'>eos</span> <span class='ocrx_word' id='word_1_363' title='bbox 1646 3115 1908 3186; x_wconf 81' lang='lat' dir='ltr'>supplan-</span> 
     </span>
     <span class='ocr_line' id='line_1_48' title="bbox 327 3206 795 3284; baseline 0.004 -25"><span class='ocrx_word' id='word_1_364' title='bbox 327 3216 470 3284; x_wconf 83' lang='lat' dir='ltr'>tare,</span> <span class='ocrx_word' id='word_1_365' title='bbox 502 3206 795 3261; x_wconf 88' lang='lat' dir='ltr'>subditur:</span> 
     </span>
    </p>

    <p class='ocr_par' dir='ltr' id='par_1_18' title="bbox 329 3294 1908 3735">
     <span class='ocr_line' id='line_1_49' title="bbox 404 3294 1906 3369; baseline 0.002 -21"><span class='ocrx_word' id='word_1_366' title='bbox 404 3294 576 3352; x_wconf 72' lang='lat' dir='ltr'>VertS.</span> <span class='ocrx_word' id='word_1_367' title='bbox 604 3296 695 3369; x_wconf 63' lang='lat'>32,</span> <span class='ocrx_word' id='word_1_368' title='bbox 729 3295 1047 3352; x_wconf 70' lang='lat' dir='ltr'>Considera:</span> <span class='ocrx_word' id='word_1_369' title='bbox 1073 3305 1319 3367; x_wconf 81' lang='lat' dir='ltr'>peccator</span> <span class='ocrx_word' id='word_1_370' title='bbox 1340 3295 1553 3368; x_wconf 77' lang='lat' dir='ltr'>justum</span> <span class='ocrx_word' id='word_1_371' title='bbox 1576 3338 1592 3365; x_wconf 96' lang='lat'>,</span> <span class='ocrx_word' id='word_1_372' title='bbox 1620 3295 1674 3352; x_wconf 87' lang='lat' dir='ltr'>id</span> <span class='ocrx_word' id='word_1_373' title='bbox 1708 3303 1793 3352; x_wconf 88' lang='lat' dir='ltr'>est</span> <span class='ocrx_word' id='word_1_374' title='bbox 1819 3295 1906 3351; x_wconf 85' lang='lat' dir='ltr'>in-</span> 
     </span>
     <span class='ocr_line' id='line_1_50' title="bbox 329 3385 1907 3462; baseline 0 -19"><span class='ocrx_word' id='word_1_375' title='bbox 329 3388 494 3462; x_wconf 83' lang='lat' dir='ltr'>spicit</span> <span class='ocrx_word' id='word_1_376' title='bbox 519 3385 722 3444; x_wconf 81' lang='lat' dir='ltr'>bonam</span> <span class='ocrx_word' id='word_1_377' title='bbox 750 3389 919 3444; x_wconf 73' lang='lat' dir='ltr'>vitam</span> <span class='ocrx_word' id='word_1_378' title='bbox 944 3389 1085 3458; x_wconf 83' lang='lat' dir='ltr'>ejus,</span> <span class='ocrx_word' id='word_1_379' title='bbox 1131 3397 1186 3445; x_wconf 87' lang='lat' dir='ltr'>et</span> <span class='ocrx_word' id='word_1_380' title='bbox 1224 3404 1293 3445; x_wconf 84' lang='lat' dir='ltr'>ex</span> <span class='ocrx_word' id='word_1_381' title='bbox 1323 3388 1514 3455; x_wconf 83' lang='lat' dir='ltr'>dolore</span> <span class='ocrx_word' id='word_1_382' title='bbox 1537 3430 1552 3457; x_wconf 94' lang='lat'>,</span> <span class='ocrx_word' id='word_1_383' title='bbox 1606 3397 1662 3458; x_wconf 80' lang='lat' dir='ltr'>et</span> <span class='ocrx_word' id='word_1_384' title='bbox 1702 3388 1907 3445; x_wconf 80' lang='lat' dir='ltr'>invidia</span> 
     </span>
     <span class='ocr_line' id='line_1_51' title="bbox 329 3480 1908 3554; baseline 0.002 -20"><span class='ocrx_word' id='word_1_385' title='bbox 329 3480 544 3551; x_wconf 83' lang='lat' dir='ltr'>qnoerit,</span> <span class='ocrx_word' id='word_1_386' title='bbox 573 3485 630 3534; x_wconf 77' lang='lat' dir='ltr'>ut</span> <span class='ocrx_word' id='word_1_387' title='bbox 656 3481 934 3552; x_wconf 76' lang='lat' dir='ltr'>ntortificet</span> <span class='ocrx_word' id='word_1_388' title='bbox 952 3480 1066 3552; x_wconf 70' lang='lat'>(57)</span> <span class='ocrx_word' id='word_1_389' title='bbox 1080 3496 1221 3549; x_wconf 85' lang='lat' dir='ltr'>enm,</span> <span class='ocrx_word' id='word_1_390' title='bbox 1240 3480 1291 3537; x_wconf 88' lang='lat' dir='ltr'>id</span> <span class='ocrx_word' id='word_1_391' title='bbox 1314 3489 1399 3536; x_wconf 87' lang='lat' dir='ltr'>est</span> <span class='ocrx_word' id='word_1_392' title='bbox 1418 3480 1618 3554; x_wconf 86' lang='lat' dir='ltr'>cogitat</span> <span class='ocrx_word' id='word_1_393' title='bbox 1632 3480 1908 3553; x_wconf 85' lang='lat' dir='ltr'>quomodo</span> 
     </span>
     <span class='ocr_line' id='line_1_52' title="bbox 330 3569 1904 3639; baseline -0.002 -9"><span class='ocrx_word' id='word_1_394' title='bbox 330 3571 543 3630; x_wconf 84' lang='lat' dir='ltr'>occidat</span> <span class='ocrx_word' id='word_1_395' title='bbox 573 3586 698 3628; x_wconf 86' lang='lat' dir='ltr'>eum</span> <span class='ocrx_word' id='word_1_396' title='bbox 728 3572 962 3627; x_wconf 87' lang='lat' dir='ltr'>interius</span> <span class='ocrx_word' id='word_1_397' title='bbox 993 3569 1049 3626; x_wconf 88' lang='lat' dir='ltr'>in</span> <span class='ocrx_word' id='word_1_398' title='bbox 1076 3571 1280 3639; x_wconf 87' lang='lat' dir='ltr'>anima,</span> <span class='ocrx_word' id='word_1_399' title='bbox 1311 3571 1399 3638; x_wconf 76' lang='lat' dir='ltr'>vel</span> <span class='ocrx_word' id='word_1_400' title='bbox 1423 3572 1666 3636; x_wconf 78' lang='lat' dir='ltr'>exterius</span> <span class='ocrx_word' id='word_1_401' title='bbox 1697 3571 1751 3626; x_wconf 90' lang='lat' dir='ltr'>in</span> <span class='ocrx_word' id='word_1_402' title='bbox 1779 3586 1904 3627; x_wconf 87' lang='lat' dir='ltr'>cor-</span> 
     </span>
     <span class='ocr_line' id='line_1_53' title="bbox 329 3681 484 3735; baseline 0 -14"><span class='ocrx_word' id='word_1_403' title='bbox 329 3681 484 3735; x_wconf 89' lang='lat' dir='ltr'>pore.</span> 
     </span>
    </p>

    <p class='ocr_par' dir='ltr' id='par_1_19' title="bbox 326 3755 1911 4388">
     <span class='ocr_line' id='line_1_54' title="bbox 401 3755 1909 3832; baseline 0.003 -23"><span class='ocrx_word' id='word_1_404' title='bbox 401 3755 570 3815; x_wconf 70' lang='lat' dir='ltr'>Vens.</span> <span class='ocrx_word' id='word_1_405' title='bbox 614 3758 704 3814; x_wconf 78' lang='lat'>35.</span> <span class='ocrx_word' id='word_1_406' title='bbox 740 3757 999 3816; x_wconf 78' lang='lat' dir='ltr'>Dominus</span> <span class='ocrx_word' id='word_1_407' title='bbox 1026 3769 1202 3814; x_wconf 81' lang='lat' dir='ltr'>autem</span> <span class='ocrx_word' id='word_1_408' title='bbox 1228 3776 1330 3815; x_wconf 77' lang='lat' dir='ltr'>non</span> <span class='ocrx_word' id='word_1_409' title='bbox 1365 3760 1686 3832; x_wconf 80' lang='lat' dir='ltr'>derelinquet</span> <span class='ocrx_word' id='word_1_410' title='bbox 1714 3776 1830 3813; x_wconf 85' lang='lat' dir='ltr'>eum</span> <span class='ocrx_word' id='word_1_411' title='bbox 1852 3760 1909 3813; x_wconf 76' lang='lat' dir='ltr'>in</span> 
     </span>
     <span class='ocr_line' id='line_1_55' title="bbox 330 3851 1911 3924; baseline 0.001 -19"><span class='ocrx_word' id='word_1_412' title='bbox 330 3851 579 3907; x_wconf 72' lang='lat' dir='ltr'>manibus</span> <span class='ocrx_word' id='word_1_413' title='bbox 621 3852 737 3922; x_wconf 74' lang='lat' dir='ltr'>ejus</span> <span class='ocrx_word' id='word_1_414' title='bbox 761 3894 777 3921; x_wconf 96' lang='lat'>,</span> <span class='ocrx_word' id='word_1_415' title='bbox 810 3853 863 3909; x_wconf 92' lang='lat' dir='ltr'>id</span> <span class='ocrx_word' id='word_1_416' title='bbox 895 3862 980 3910; x_wconf 91' lang='lat' dir='ltr'>est</span> <span class='ocrx_word' id='word_1_417' title='bbox 1019 3869 1129 3909; x_wconf 91' lang='lat' dir='ltr'>non</span> <span class='ocrx_word' id='word_1_418' title='bbox 1161 3854 1440 3924; x_wconf 83' lang='lat' dir='ltr'>permittet</span> <span class='ocrx_word' id='word_1_419' title='bbox 1472 3868 1597 3908; x_wconf 90' lang='lat' dir='ltr'>eum</span> <span class='ocrx_word' id='word_1_420' title='bbox 1651 3853 1706 3907; x_wconf 88' lang='lat' dir='ltr'>in</span> <span class='ocrx_word' id='word_1_421' title='bbox 1755 3860 1911 3922; x_wconf 90' lang='lat' dir='ltr'>pote-</span> 
     </span>
     <span class='ocr_line' id='line_1_56' title="bbox 331 3940 1910 4022; baseline -0.003 -24"><span class='ocrx_word' id='word_1_422' title='bbox 331 3950 474 4022; x_wconf 77' lang='lat' dir='ltr'>state</span> <span class='ocrx_word' id='word_1_423' title='bbox 521 3958 620 4001; x_wconf 87' lang='lat' dir='ltr'>sua</span> <span class='ocrx_word' id='word_1_424' title='bbox 648 3985 665 4012; x_wconf 96' lang='lat'>,</span> <span class='ocrx_word' id='word_1_425' title='bbox 716 3953 778 4000; x_wconf 91' lang='lat' dir='ltr'>ut</span> <span class='ocrx_word' id='word_1_426' title='bbox 823 3945 1133 4002; x_wconf 77' lang='lat' dir='ltr'>conformet</span> <span class='ocrx_word' id='word_1_427' title='bbox 1157 3960 1284 4001; x_wconf 88' lang='lat' dir='ltr'>eum</span> <span class='ocrx_word' id='word_1_428' title='bbox 1333 3944 1468 4011; x_wconf 89' lang='lat' dir='ltr'>sibi;</span> <span class='ocrx_word' id='word_1_429' title='bbox 1501 3960 1592 3999; x_wconf 83' lang='lat' dir='ltr'>nec</span> <span class='ocrx_word' id='word_1_430' title='bbox 1630 3940 1910 3999; x_wconf 75' lang='lat' dir='ltr'>daunnabit</span> 
     </span>
     <span class='ocr_line' id='line_1_57' title="bbox 330 4032 1911 4109; baseline -0.002 -18"><span class='ocrx_word' id='word_1_431' title='bbox 330 4052 472 4106; x_wconf 83' lang='lat' dir='ltr'>eum,</span> <span class='ocrx_word' id='word_1_432' title='bbox 517 4053 636 4097; x_wconf 83' lang='lat' dir='ltr'>cum</span> <span class='ocrx_word' id='word_1_433' title='bbox 674 4037 1013 4109; x_wconf 77' lang='lat' dir='ltr'>judicabitur</span> <span class='ocrx_word' id='word_1_434' title='bbox 1041 4036 1146 4092; x_wconf 72' lang='lat' dir='ltr'>itti.</span> <span class='ocrx_word' id='word_1_435' title='bbox 1205 4035 1368 4093; x_wconf 89' lang='lat' dir='ltr'>Stulti</span> <span class='ocrx_word' id='word_1_436' title='bbox 1420 4042 1616 4107; x_wconf 89' lang='lat' dir='ltr'>putant</span> <span class='ocrx_word' id='word_1_437' title='bbox 1654 4033 1801 4105; x_wconf 90' lang='lat' dir='ltr'>quod</span> <span class='ocrx_word' id='word_1_438' title='bbox 1850 4032 1911 4089; x_wconf 85' lang='lat' dir='ltr'>bi</span> 
     </span>
     <span class='ocr_line' id='line_1_58' title="bbox 331 4118 1908 4203; baseline -0.005 -14"><span class='ocrx_word' id='word_1_439' title='bbox 331 4130 698 4197; x_wconf 80' lang='lat' dir='ltr'>damnentur,</span> <span class='ocrx_word' id='word_1_440' title='bbox 731 4130 826 4202; x_wconf 80' lang='lat' dir='ltr'>qu&#39;i</span> <span class='ocrx_word' id='word_1_441' title='bbox 862 4130 954 4186; x_wconf 89' lang='lat' dir='ltr'>hic</span> <span class='ocrx_word' id='word_1_442' title='bbox 981 4127 1351 4203; x_wconf 84' lang='lat' dir='ltr'>flagellantur.</span> <span class='ocrx_word' id='word_1_443' title='bbox 1405 4127 1510 4185; x_wconf 86' lang='lat' dir='ltr'>Sed</span> <span class='ocrx_word' id='word_1_444' title='bbox 1555 4126 1821 4183; x_wconf 72' lang='lat' dir='ltr'>Dominus</span> <span class='ocrx_word' id='word_1_445' title='bbox 1852 4118 1908 4181; x_wconf 86' lang='lat' dir='ltr'>iu</span> 
     </span>
     <span class='ocr_line' id='line_1_59' title="bbox 326 4213 1910 4296; baseline -0.003 -18"><span class='ocrx_word' id='word_1_446' title='bbox 326 4221 535 4294; x_wconf 82' lang='lat' dir='ltr'>judicio</span> <span class='ocrx_word' id='word_1_447' title='bbox 577 4240 682 4280; x_wconf 83' lang='lat' dir='ltr'>non</span> <span class='ocrx_word' id='word_1_448' title='bbox 724 4222 1004 4278; x_wconf 71' lang='lat' dir='ltr'>domitabit</span> <span class='ocrx_word' id='word_1_449' title='bbox 1037 4238 1179 4290; x_wconf 83' lang='lat' dir='ltr'>eum,</span> <span class='ocrx_word' id='word_1_450' title='bbox 1209 4222 1305 4296; x_wconf 84' lang='lat' dir='ltr'>qui</span> <span class='ocrx_word' id='word_1_451' title='bbox 1335 4220 1426 4278; x_wconf 86' lang='lat' dir='ltr'>hic</span> <span class='ocrx_word' id='word_1_452' title='bbox 1459 4219 1824 4291; x_wconf 74' lang='lat' dir='ltr'>judicabitur,</span> <span class='ocrx_word' id='word_1_453' title='bbox 1853 4213 1910 4273; x_wconf 87' lang='lat' dir='ltr'>id</span> 
     </span>
     <span class='ocr_line' id='line_1_60' title="bbox 331 4303 1906 4388; baseline -0.006 -15"><span class='ocrx_word' id='word_1_454' title='bbox 331 4326 440 4384; x_wconf 80' lang='lat' dir='ltr'>est,</span> <span class='ocrx_word' id='word_1_455' title='bbox 461 4313 559 4388; x_wconf 74' lang='lat' dir='ltr'>&#39;qui</span> <span class='ocrx_word' id='word_1_456' title='bbox 582 4331 651 4372; x_wconf 84' lang='lat' dir='ltr'>ex</span> <span class='ocrx_word' id='word_1_457' title='bbox 675 4303 886 4385; x_wconf 69' lang='lat' dir='ltr'>¹Judicio</span> <span class='ocrx_word' id='word_1_458' title='bbox 928 4312 1024 4369; x_wconf 86' lang='lat' dir='ltr'>Dei</span> <span class='ocrx_word' id='word_1_459' title='bbox 1051 4312 1140 4370; x_wconf 90' lang='lat' dir='ltr'>hic</span> <span class='ocrx_word' id='word_1_460' title='bbox 1169 4311 1552 4385; x_wconf 80' lang='lat' dir='ltr'>flagellabitur.</span> <span class='ocrx_word' id='word_1_461' title='bbox 1581 4309 1674 4366; x_wconf 79' lang='lat' dir='ltr'>Vel</span> <span class='ocrx_word' id='word_1_462' title='bbox 1695 4309 1906 4380; x_wconf 83' lang='lat' dir='ltr'>justum</span> 
     </span>
    </p>
   </div>
   <div class='ocr_carea' id='block_1_16' title="bbox 2002 1819 3603 4384">
    <p class='ocr_par' dir='ltr' id='par_1_20' title="bbox 2002 1819 3587 3000">
     <span class='ocr_line' id='line_1_61' title="bbox 2003 1819 3571 1892; baseline -0.004 -15"><span class='ocrx_word' id='word_1_463' title='bbox 2003 1837 2133 1889; x_wconf 84' lang='lat' dir='ltr'>nere</span> <span class='ocrx_word' id='word_1_464' title='bbox 2154 1821 2319 1891; x_wconf 82' lang='lat' dir='ltr'>hujus</span> <span class='ocrx_word' id='word_1_465' title='bbox 2345 1821 2468 1876; x_wconf 78' lang='lat' dir='ltr'>vitae</span> <span class='ocrx_word' id='word_1_466' title='bbox 2498 1820 2776 1876; x_wconf 72' lang='lat' dir='ltr'>deviantes</span> <span class='ocrx_word' id='word_1_467' title='bbox 2793 1820 2979 1892; x_wconf 83' lang='lat' dir='ltr'>justus</span> <span class='ocrx_word' id='word_1_468' title='bbox 3015 1819 3292 1886; x_wconf 84' lang='lat' dir='ltr'>transibit,</span> <span class='ocrx_word' id='word_1_469' title='bbox 3317 1835 3444 1874; x_wconf 88' lang='lat' dir='ltr'>cum</span> <span class='ocrx_word' id='word_1_470' title='bbox 3473 1833 3571 1889; x_wconf 91' lang='lat' dir='ltr'>pe-</span> 
     </span>
     <span class='ocr_line' id='line_1_62' title="bbox 2002 1911 3580 1985; baseline -0.002 -15"><span class='ocrx_word' id='word_1_471' title='bbox 2002 1916 2158 1985; x_wconf 79' lang='lat' dir='ltr'>lagus</span> <span class='ocrx_word' id='word_1_472' title='bbox 2186 1913 2376 1972; x_wconf 87' lang='lat' dir='ltr'>mundi</span> <span class='ocrx_word' id='word_1_473' title='bbox 2410 1915 2683 1971; x_wconf 87' lang='lat' dir='ltr'>transiens</span> <span class='ocrx_word' id='word_1_474' title='bbox 2714 1913 2781 1970; x_wconf 88' lang='lat' dir='ltr'>ad</span> <span class='ocrx_word' id='word_1_475' title='bbox 2821 1912 3090 1984; x_wconf 66' lang='lat' dir='ltr'>¹judicium</span> <span class='ocrx_word' id='word_1_476' title='bbox 3133 1911 3226 1968; x_wconf 89' lang='lat' dir='ltr'>Dei</span> <span class='ocrx_word' id='word_1_477' title='bbox 3252 1913 3580 1985; x_wconf 82' lang='lat' dir='ltr'>pervenerit.</span> 
     </span>
     <span class='ocr_line' id='line_1_63' title="bbox 2002 2008 3582 2081; baseline -0.002 -17"><span class='ocrx_word' id='word_1_478' title='bbox 2002 2009 2079 2067; x_wconf 80' lang='lat' dir='ltr'>tbi</span> <span class='ocrx_word' id='word_1_479' title='bbox 2107 2019 2363 2081; x_wconf 83' lang='lat' dir='ltr'>peccator</span> <span class='ocrx_word' id='word_1_480' title='bbox 2392 2026 2496 2076; x_wconf 86' lang='lat' dir='ltr'>non</span> <span class='ocrx_word' id='word_1_481' title='bbox 2536 2012 2636 2065; x_wconf 75' lang='lat' dir='ltr'>erit</span> <span class='ocrx_word' id='word_1_482' title='bbox 2676 2010 2728 2066; x_wconf 92' lang='lat' dir='ltr'>in</span> <span class='ocrx_word' id='word_1_483' title='bbox 2764 2009 2952 2081; x_wconf 84' lang='lat' dir='ltr'>gloriae</span> <span class='ocrx_word' id='word_1_484' title='bbox 2977 2009 3189 2075; x_wconf 78' lang='lat' dir='ltr'>bravio,</span> <span class='ocrx_word' id='word_1_485' title='bbox 3227 2009 3320 2080; x_wconf 87' lang='lat' dir='ltr'>qni</span> <span class='ocrx_word' id='word_1_486' title='bbox 3354 2008 3442 2063; x_wconf 88' lang='lat' dir='ltr'>hic</span> <span class='ocrx_word' id='word_1_487' title='bbox 3470 2022 3582 2062; x_wconf 88' lang='lat' dir='ltr'>non</span> 
     </span>
     <span class='ocr_line' id='line_1_64' title="bbox 2004 2100 3579 2173; baseline -0.004 -14"><span class='ocrx_word' id='word_1_488' title='bbox 2004 2102 2246 2159; x_wconf 86' lang='lat' dir='ltr'>cucurrit</span> <span class='ocrx_word' id='word_1_489' title='bbox 2287 2101 2341 2157; x_wconf 91' lang='lat' dir='ltr'>in</span> <span class='ocrx_word' id='word_1_490' title='bbox 2371 2101 2572 2158; x_wconf 84' lang='lat' dir='ltr'>stadio.</span> <span class='ocrx_word' id='word_1_491' title='bbox 2615 2100 2691 2158; x_wconf 84' lang='lat' dir='ltr'>lbi</span> <span class='ocrx_word' id='word_1_492' title='bbox 2717 2111 3016 2173; x_wconf 64' lang='lat' dir='ltr'>quaeretur,</span> <span class='ocrx_word' id='word_1_493' title='bbox 3067 2101 3118 2157; x_wconf 90' lang='lat' dir='ltr'>id</span> <span class='ocrx_word' id='word_1_494' title='bbox 3148 2100 3327 2156; x_wconf 80' lang='lat' dir='ltr'>estad</span> <span class='ocrx_word' id='word_1_495' title='bbox 3373 2114 3579 2155; x_wconf 88' lang='lat' dir='ltr'>memo·</span> 
     </span>
     <span class='ocr_line' id='line_1_65' title="bbox 2004 2179 3585 2264; baseline -0.003 -13"><span class='ocrx_word' id='word_1_496' title='bbox 2004 2195 2140 2251; x_wconf 89' lang='lat' dir='ltr'>riam</span> <span class='ocrx_word' id='word_1_497' title='bbox 2177 2179 2503 2263; x_wconf 36' lang='lat' dir='ltr'>reducetu&#39;r3</span> <span class='ocrx_word' id='word_1_498' title='bbox 2535 2180 2588 2251; x_wconf 82' lang='lat' dir='ltr'>et</span> <span class='ocrx_word' id='word_1_499' title='bbox 2624 2193 2774 2248; x_wconf 74' lang='lat' dir='ltr'>locus</span> <span class='ocrx_word' id='word_1_500' title='bbox 2803 2193 2920 2264; x_wconf 73' lang='lat' dir='ltr'>ejus</span> <span class='ocrx_word' id='word_1_501' title='bbox 2961 2186 3071 2249; x_wconf 86' lang='lat' dir='ltr'>non</span> <span class='ocrx_word' id='word_1_502' title='bbox 3103 2183 3446 2260; x_wconf 79' lang='lat' dir='ltr'>invenietur,</span> <span class='ocrx_word' id='word_1_503' title='bbox 3474 2191 3585 2246; x_wconf 82' lang='lat' dir='ltr'>boc</span> 
     </span>
     <span class='ocr_line' id='line_1_66' title="bbox 2003 2283 3581 2359; baseline -0.004 -16"><span class='ocrx_word' id='word_1_504' title='bbox 2003 2298 2108 2355; x_wconf 87' lang='lat' dir='ltr'>est,</span> <span class='ocrx_word' id='word_1_505' title='bbox 2137 2287 2275 2343; x_wconf 87' lang='lat' dir='ltr'>ordo</span> <span class='ocrx_word' id='word_1_506' title='bbox 2294 2329 2309 2354; x_wconf 90' lang='lat'>,</span> <span class='ocrx_word' id='word_1_507' title='bbox 2331 2302 2496 2359; x_wconf 89' lang='lat' dir='ltr'>quem</span> <span class='ocrx_word' id='word_1_508' title='bbox 2527 2286 2691 2342; x_wconf 86' lang='lat' dir='ltr'>babet</span> <span class='ocrx_word' id='word_1_509' title='bbox 2725 2286 2780 2341; x_wconf 86' lang='lat' dir='ltr'>in</span> <span class='ocrx_word' id='word_1_510' title='bbox 2813 2286 2979 2343; x_wconf 82' lang='lat' dir='ltr'>rebus</span> <span class='ocrx_word' id='word_1_511' title='bbox 3006 2284 3288 2352; x_wconf 86' lang='lat' dir='ltr'>humanis,</span> <span class='ocrx_word' id='word_1_512' title='bbox 3311 2283 3581 2348; x_wconf 83' lang='lat' dir='ltr'>videlicet,</span> 
     </span>
     <span class='ocr_line' id='line_1_67' title="bbox 2006 2376 3581 2449; baseline -0.006 -14"><span class='ocrx_word' id='word_1_513' title='bbox 2006 2389 2065 2436; x_wconf 89' lang='lat' dir='ltr'>nt</span> <span class='ocrx_word' id='word_1_514' title='bbox 2101 2380 2258 2436; x_wconf 89' lang='lat' dir='ltr'>multi</span> <span class='ocrx_word' id='word_1_515' title='bbox 2289 2380 2341 2436; x_wconf 89' lang='lat' dir='ltr'>ei</span> <span class='ocrx_word' id='word_1_516' title='bbox 2390 2379 2803 2449; x_wconf 86' lang='lat' dir='ltr'>obsequantur,</span> <span class='ocrx_word' id='word_1_517' title='bbox 2834 2387 2896 2433; x_wconf 87' lang='lat' dir='ltr'>ut</span> <span class='ocrx_word' id='word_1_518' title='bbox 2921 2376 3145 2448; x_wconf 83' lang='lat' dir='ltr'>jubeat,</span> <span class='ocrx_word' id='word_1_519' title='bbox 3195 2389 3255 2432; x_wconf 87' lang='lat' dir='ltr'>ut</span> <span class='ocrx_word' id='word_1_520' title='bbox 3289 2376 3581 2439; x_wconf 81' lang='lat' dir='ltr'>audiatur;</span> 
     </span>
     <span class='ocr_line' id='line_1_68' title="bbox 2006 2464 3584 2549; baseline -0.006 -21"><span class='ocrx_word' id='word_1_521' title='bbox 2006 2472 2102 2528; x_wconf 83' lang='lat' dir='ltr'>sed</span> <span class='ocrx_word' id='word_1_522' title='bbox 2127 2470 2243 2527; x_wconf 80' lang='lat' dir='ltr'>haec</span> <span class='ocrx_word' id='word_1_523' title='bbox 2273 2479 2519 2541; x_wconf 89' lang='lat' dir='ltr'>potestas</span> <span class='ocrx_word' id='word_1_524' title='bbox 2548 2469 2642 2525; x_wconf 90' lang='lat' dir='ltr'>illo</span> <span class='ocrx_word' id='word_1_525' title='bbox 2664 2477 2928 2540; x_wconf 85' lang='lat' dir='ltr'>pereunte</span> <span class='ocrx_word' id='word_1_526' title='bbox 2967 2483 3079 2524; x_wconf 88' lang='lat' dir='ltr'>non</span> <span class='ocrx_word' id='word_1_527' title='bbox 3124 2467 3453 2549; x_wconf 56' lang='lat' dir='ltr'>inuenietur.</span> <span class='ocrx_word' id='word_1_528' title='bbox 3484 2464 3584 2520; x_wconf 71' lang='lat' dir='ltr'>Vel</span> 
     </span>
     <span class='ocr_line' id='line_1_69' title="bbox 2005 2560 3584 2633; baseline -0.001 -17"><span class='ocrx_word' id='word_1_529' title='bbox 2005 2563 2152 2618; x_wconf 72' lang='lat' dir='ltr'>Locus</span> <span class='ocrx_word' id='word_1_530' title='bbox 2183 2571 2532 2633; x_wconf 87' lang='lat' dir='ltr'>peccatorum</span> <span class='ocrx_word' id='word_1_531' title='bbox 2563 2569 2648 2618; x_wconf 90' lang='lat' dir='ltr'>est</span> <span class='ocrx_word' id='word_1_532' title='bbox 2677 2561 2780 2617; x_wconf 90' lang='lat' dir='ltr'>iste</span> <span class='ocrx_word' id='word_1_533' title='bbox 2806 2561 3077 2627; x_wconf 89' lang='lat' dir='ltr'>mundus,</span> <span class='ocrx_word' id='word_1_534' title='bbox 3124 2561 3178 2616; x_wconf 90' lang='lat' dir='ltr'>in</span> <span class='ocrx_word' id='word_1_535' title='bbox 3212 2575 3324 2631; x_wconf 88' lang='lat' dir='ltr'>quo</span> <span class='ocrx_word' id='word_1_536' title='bbox 3376 2560 3584 2615; x_wconf 87' lang='lat' dir='ltr'>scelera</span> 
     </span>
     <span class='ocr_line' id='line_1_70' title="bbox 2006 2651 3587 2727; baseline -0.003 -17"><span class='ocrx_word' id='word_1_537' title='bbox 2006 2655 2318 2726; x_wconf 80' lang='lat' dir='ltr'>perficiunt,</span> <span class='ocrx_word' id='word_1_538' title='bbox 2352 2655 2408 2710; x_wconf 89' lang='lat' dir='ltr'>in</span> <span class='ocrx_word' id='word_1_539' title='bbox 2429 2669 2542 2727; x_wconf 86' lang='lat' dir='ltr'>quo</span> <span class='ocrx_word' id='word_1_540' title='bbox 2572 2653 2783 2709; x_wconf 83' lang='lat' dir='ltr'>divitiis</span> <span class='ocrx_word' id='word_1_541' title='bbox 2832 2652 3082 2710; x_wconf 84' lang='lat' dir='ltr'>affluunt.</span> <span class='ocrx_word' id='word_1_542' title='bbox 3140 2652 3249 2708; x_wconf 85' lang='lat' dir='ltr'>Sed</span> <span class='ocrx_word' id='word_1_543' title='bbox 3302 2652 3448 2707; x_wconf 67' lang='lat' dir='ltr'>locus</span> <span class='ocrx_word' id='word_1_544' title='bbox 3480 2651 3587 2706; x_wconf 81' lang='lat' dir='ltr'>iste</span> 
     </span>
     <span class='ocr_line' id='line_1_71' title="bbox 2007 2745 3586 2816; baseline -0.003 -14"><span class='ocrx_word' id='word_1_545' title='bbox 2007 2762 2132 2802; x_wconf 88' lang='lat' dir='ltr'>cum</span> <span class='ocrx_word' id='word_1_546' title='bbox 2164 2760 2358 2802; x_wconf 90' lang='lat' dir='ltr'>eorum</span> <span class='ocrx_word' id='word_1_547' title='bbox 2389 2745 2753 2816; x_wconf 86' lang='lat' dir='ltr'>prosperitate</span> <span class='ocrx_word' id='word_1_548' title='bbox 2776 2745 3098 2802; x_wconf 75' lang='lat' dir='ltr'>dissolvitur</span> <span class='ocrx_word' id='word_1_549' title='bbox 3118 2784 3136 2811; x_wconf 94' lang='lat'>,</span> <span class='ocrx_word' id='word_1_550' title='bbox 3165 2745 3388 2814; x_wconf 83' lang='lat' dir='ltr'>quando</span> <span class='ocrx_word' id='word_1_551' title='bbox 3415 2745 3586 2798; x_wconf 87' lang='lat' dir='ltr'>totius</span> 
     </span>
     <span class='ocr_line' id='line_1_72' title="bbox 2008 2834 3583 2909; baseline -0.002 -15"><span class='ocrx_word' id='word_1_552' title='bbox 2008 2836 2160 2894; x_wconf 89' lang='lat' dir='ltr'>orbis</span> <span class='ocrx_word' id='word_1_553' title='bbox 2182 2836 2552 2909; x_wconf 85' lang='lat' dir='ltr'>corruptibilis</span> <span class='ocrx_word' id='word_1_554' title='bbox 2575 2837 2751 2909; x_wconf 88' lang='lat' dir='ltr'>gloria</span> <span class='ocrx_word' id='word_1_555' title='bbox 2775 2835 3122 2893; x_wconf 87' lang='lat' dir='ltr'>terminatur.</span> <span class='ocrx_word' id='word_1_556' title='bbox 3146 2835 3285 2892; x_wconf 89' lang='lat' dir='ltr'>Cum</span> <span class='ocrx_word' id='word_1_557' title='bbox 3312 2835 3385 2890; x_wconf 81' lang='lat' dir='ltr'>ita</span> <span class='ocrx_word' id='word_1_558' title='bbox 3409 2834 3583 2906; x_wconf 88' lang='lat' dir='ltr'>impio</span> 
     </span>
     <span class='ocr_line' id='line_1_73' title="bbox 2009 2929 2380 3000; baseline -0.005 -14"><span class='ocrx_word' id='word_1_559' title='bbox 2009 2931 2082 2987; x_wconf 87' lang='lat' dir='ltr'>sit</span> <span class='ocrx_word' id='word_1_560' title='bbox 2114 2929 2380 3000; x_wconf 73' lang='lat' dir='ltr'>futurum,</span> 
     </span>
    </p>

    <p class='ocr_par' dir='ltr' id='par_1_21' title="bbox 2010 3018 3603 4291">
     <span class='ocr_line' id='line_1_74' title="bbox 2084 3018 3587 3099; baseline -0.004 -20"><span class='ocrx_word' id='word_1_561' title='bbox 2084 3021 2248 3079; x_wconf 58' lang='grc' dir='ltr'>Ὺειιε.</span> <span class='ocrx_word' id='word_1_562' title='bbox 2279 3022 2369 3078; x_wconf 78' lang='grc'>57.</span> <span class='ocrx_word' id='word_1_563' title='bbox 2429 3021 2656 3078; x_wconf 70' lang='lat' dir='ltr'>Custodi</span> <span class='ocrx_word' id='word_1_564' title='bbox 2685 3022 3062 3089; x_wconf 77' lang='lat' dir='ltr'>innocentiam,</span> <span class='ocrx_word' id='word_1_565' title='bbox 3087 3020 3142 3076; x_wconf 87' lang='lat' dir='ltr'>id</span> <span class='ocrx_word' id='word_1_566' title='bbox 3169 3028 3256 3077; x_wconf 84' lang='lat' dir='ltr'>est</span> <span class='ocrx_word' id='word_1_567' title='bbox 3280 3034 3349 3075; x_wconf 86' lang='lat' dir='ltr'>ne</span> <span class='ocrx_word' id='word_1_568' title='bbox 3379 3018 3587 3099; x_wconf 65' lang='lat' dir='ltr'>irasca-</span> 
     </span>
     <span class='ocr_line' id='line_1_75' title="bbox 2010 3109 3586 3180; baseline -0.003 -14"><span class='ocrx_word' id='word_1_569' title='bbox 2010 3110 2089 3167; x_wconf 87' lang='lat' dir='ltr'>ris</span> <span class='ocrx_word' id='word_1_570' title='bbox 2128 3121 2324 3168; x_wconf 86' lang='lat' dir='ltr'>contra</span> <span class='ocrx_word' id='word_1_571' title='bbox 2364 3119 2419 3168; x_wconf 92' lang='lat' dir='ltr'>te</span> <span class='ocrx_word' id='word_1_572' title='bbox 2460 3111 2809 3180; x_wconf 75' lang='lat' dir='ltr'>tribulanteS,</span> <span class='ocrx_word' id='word_1_573' title='bbox 2841 3127 2910 3167; x_wconf 89' lang='lat' dir='ltr'>ne</span> <span class='ocrx_word' id='word_1_574' title='bbox 2933 3110 3062 3166; x_wconf 89' lang='lat' dir='ltr'>odio</span> <span class='ocrx_word' id='word_1_575' title='bbox 3097 3109 3323 3176; x_wconf 86' lang='lat' dir='ltr'>babeas,</span> <span class='ocrx_word' id='word_1_576' title='bbox 3355 3124 3465 3164; x_wconf 87' lang='lat' dir='ltr'>non</span> <span class='ocrx_word' id='word_1_577' title='bbox 3498 3109 3586 3163; x_wconf 89' lang='lat' dir='ltr'>in-</span> 
     </span>
     <span class='ocr_line' id='line_1_76' title="bbox 2011 3200 3591 3276; baseline -0.004 -14"><span class='ocrx_word' id='word_1_578' title='bbox 2011 3204 2160 3262; x_wconf 78' lang='lat' dir='ltr'>vitus</span> <span class='ocrx_word' id='word_1_579' title='bbox 2204 3204 2452 3275; x_wconf 84' lang='lat' dir='ltr'>patiaris,</span> <span class='ocrx_word' id='word_1_580' title='bbox 2480 3214 2532 3259; x_wconf 84' lang='lat' dir='ltr'>et</span> <span class='ocrx_word' id='word_1_581' title='bbox 2564 3205 2681 3259; x_wconf 77' lang='lat' dir='ltr'>vide</span> <span class='ocrx_word' id='word_1_582' title='bbox 2709 3205 3035 3276; x_wconf 79' lang='lat' dir='ltr'>oequitatem,</span> <span class='ocrx_word' id='word_1_583' title='bbox 3068 3202 3173 3258; x_wconf 86' lang='lat' dir='ltr'>boc</span> <span class='ocrx_word' id='word_1_584' title='bbox 3197 3210 3311 3269; x_wconf 88' lang='lat' dir='ltr'>est,</span> <span class='ocrx_word' id='word_1_585' title='bbox 3344 3201 3458 3256; x_wconf 79' lang='lat' dir='ltr'>uide</span> <span class='ocrx_word' id='word_1_586' title='bbox 3482 3200 3591 3255; x_wconf 87' lang='lat' dir='ltr'>hoc</span> 
     </span>
     <span class='ocr_line' id='line_1_77' title="bbox 2012 3293 3592 3369; baseline -0.003 -17"><span class='ocrx_word' id='word_1_587' title='bbox 2012 3313 2229 3369; x_wconf 81' lang='lat' dir='ltr'>aequum</span> <span class='ocrx_word' id='word_1_588' title='bbox 2259 3313 2402 3364; x_wconf 87' lang='lat' dir='ltr'>esse,</span> <span class='ocrx_word' id='word_1_589' title='bbox 2430 3312 2570 3354; x_wconf 80' lang='lat' dir='ltr'>cum·</span> <span class='ocrx_word' id='word_1_590' title='bbox 2595 3296 2865 3353; x_wconf 88' lang='lat' dir='ltr'>Dominus</span> <span class='ocrx_word' id='word_1_591' title='bbox 2892 3294 3083 3366; x_wconf 83' lang='lat' dir='ltr'>jubeat</span> <span class='ocrx_word' id='word_1_592' title='bbox 3116 3295 3343 3367; x_wconf 90' lang='lat' dir='ltr'>diligere</span> <span class='ocrx_word' id='word_1_593' title='bbox 3399 3293 3592 3362; x_wconf 64' lang='lat' dir='ltr'>inimi-3·</span> 
     </span>
     <span class='ocr_line' id='line_1_78' title="bbox 2012 3385 3584 3461; baseline -0.004 -16"><span class='ocrx_word' id='word_1_594' title='bbox 2012 3404 2127 3447; x_wconf 73' lang='lat'>008.</span> <span class='ocrx_word' id='word_1_595' title='bbox 2184 3387 2280 3461; x_wconf 81' lang='lat' dir='ltr'>Vel</span> <span class='ocrx_word' id='word_1_596' title='bbox 2331 3389 2447 3459; x_wconf 67' lang='lat' dir='ltr'>vide</span> <span class='ocrx_word' id='word_1_597' title='bbox 2498 3391 2802 3461; x_wconf 69' lang='lat' dir='ltr'>aequitatem</span> <span class='ocrx_word' id='word_1_598' title='bbox 2841 3388 2938 3444; x_wconf 81' lang='lat' dir='ltr'>Dei</span> <span class='ocrx_word' id='word_1_599' title='bbox 2963 3429 2979 3456; x_wconf 93' lang='lat'>,</span> <span class='ocrx_word' id='word_1_600' title='bbox 3018 3388 3116 3459; x_wconf 85' lang='lat' dir='ltr'>qui</span> <span class='ocrx_word' id='word_1_601' title='bbox 3155 3386 3323 3458; x_wconf 86' lang='lat' dir='ltr'>justis</span> <span class='ocrx_word' id='word_1_602' title='bbox 3361 3385 3584 3458; x_wconf 84' lang='lat' dir='ltr'>gaudia,</span> 
     </span>
     <span class='ocr_line' id='line_1_79' title="bbox 2012 3479 3593 3554; baseline -0.002 -17"><span class='ocrx_word' id='word_1_603' title='bbox 2012 3481 2198 3554; x_wconf 88' lang='lat' dir='ltr'>impiis</span> <span class='ocrx_word' id='word_1_604' title='bbox 2235 3482 2500 3553; x_wconf 84' lang='lat' dir='ltr'>irrogabit</span> <span class='ocrx_word' id='word_1_605' title='bbox 2539 3481 2827 3553; x_wconf 87' lang='lat' dir='ltr'>supplicia.</span> <span class='ocrx_word' id='word_1_606' title='bbox 2877 3480 3144 3548; x_wconf 77' lang='lat' dir='ltr'>Quoniam</span> <span class='ocrx_word' id='word_1_607' title='bbox 3181 3489 3305 3535; x_wconf 76' lang='lat' dir='ltr'>sunt</span> <span class='ocrx_word' id='word_1_608' title='bbox 3353 3479 3593 3550; x_wconf 64' lang='lat' dir='ltr'>reliquiar</span> 
     </span>
     <span class='ocr_line' id='line_1_80' title="bbox 2012 3560 3598 3646; baseline -0.002 -16"><span class='ocrx_word' id='word_1_609' title='bbox 2012 3576 2213 3644; x_wconf 70' lang='lat' dir='ltr'>laomim·</span> <span class='ocrx_word' id='word_1_610' title='bbox 2252 3577 2517 3646; x_wconf 79' lang='lat' dir='ltr'>pacifico,</span> <span class='ocrx_word' id='word_1_611' title='bbox 2558 3576 2668 3646; x_wconf 57' lang='lat' dir='ltr'>boc⁴</span> <span class='ocrx_word' id='word_1_612' title='bbox 2696 3560 2823 3644; x_wconf 86' lang='lat' dir='ltr'>est,</span> <span class='ocrx_word' id='word_1_613' title='bbox 2877 3576 3159 3638; x_wconf 81' lang='lat' dir='ltr'>inimicum</span> <span class='ocrx_word' id='word_1_614' title='bbox 3201 3575 3447 3646; x_wconf 83' lang='lat' dir='ltr'>diligenti</span> <span class='ocrx_word' id='word_1_615' title='bbox 3484 3566 3598 3628; x_wconf 74' lang='lat' dir='ltr'>erit&#39;</span> 
     </span>
     <span class='ocr_line' id='line_1_81' title="bbox 2011 3663 3599 3746; baseline -0.001 -22"><span class='ocrx_word' id='word_1_616' title='bbox 2011 3668 2122 3731; x_wconf 77' lang='lat' dir='ltr'>vita</span> <span class='ocrx_word' id='word_1_617' title='bbox 2145 3677 2371 3724; x_wconf 68' lang='lat' dir='ltr'>aeterna.</span> <span class='ocrx_word' id='word_1_618' title='bbox 2398 3666 2655 3739; x_wconf 69' lang='lat' dir='ltr'>Reliquiae</span> <span class='ocrx_word' id='word_1_619' title='bbox 2681 3668 2947 3724; x_wconf 78' lang='lat' dir='ltr'>vocantur</span> <span class='ocrx_word' id='word_1_620' title='bbox 2970 3682 3201 3738; x_wconf 87' lang='lat' dir='ltr'>corpora</span> <span class='ocrx_word' id='word_1_621' title='bbox 3244 3663 3298 3723; x_wconf 84' lang='lat' dir='ltr'>et</span> <span class='ocrx_word' id='word_1_622' title='bbox 3336 3666 3599 3746; x_wconf 25' lang='lat' dir='ltr'>&#39;corporis&#39;</span> 
     </span>
     <span class='ocr_line' id='line_1_82' title="bbox 2012 3755 3587 3832; baseline 0.001 -17"><span class='ocrx_word' id='word_1_623' title='bbox 2012 3760 2186 3828; x_wconf 72' lang='lat' dir='ltr'>bona:</span> <span class='ocrx_word' id='word_1_624' title='bbox 2213 3776 2336 3831; x_wconf 84' lang='lat' dir='ltr'>quae</span> <span class='ocrx_word' id='word_1_625' title='bbox 2361 3761 2430 3816; x_wconf 88' lang='lat' dir='ltr'>ab</span> <span class='ocrx_word' id='word_1_626' title='bbox 2460 3761 2643 3815; x_wconf 89' lang='lat' dir='ltr'>anima</span> <span class='ocrx_word' id='word_1_627' title='bbox 2684 3755 3094 3832; x_wconf 67' lang='lat' dir='ltr'>relinquentur-J</span> <span class='ocrx_word' id='word_1_628' title='bbox 3152 3760 3420 3830; x_wconf 72' lang='lat' dir='ltr'>Pacificas</span> <span class='ocrx_word' id='word_1_629' title='bbox 3464 3771 3587 3826; x_wconf 87' lang='lat' dir='ltr'>est,</span> 
     </span>
     <span class='ocr_line' id='line_1_83' title="bbox 2013 3850 3603 3923; baseline -0.002 -15"><span class='ocrx_word' id='word_1_630' title='bbox 2013 3852 2107 3923; x_wconf 88' lang='lat' dir='ltr'>qui</span> <span class='ocrx_word' id='word_1_631' title='bbox 2152 3850 2534 3908; x_wconf 87' lang='lat' dir='ltr'>discordantes</span> <span class='ocrx_word' id='word_1_632' title='bbox 2569 3851 2890 3920; x_wconf 86' lang='lat' dir='ltr'>coneordat,</span> <span class='ocrx_word' id='word_1_633' title='bbox 2930 3865 2984 3908; x_wconf 87' lang='lat' dir='ltr'>et</span> <span class='ocrx_word' id='word_1_634' title='bbox 3029 3868 3155 3909; x_wconf 87' lang='lat' dir='ltr'>cum</span> <span class='ocrx_word' id='word_1_635' title='bbox 3195 3853 3449 3909; x_wconf 88' lang='lat' dir='ltr'>omnibus</span> <span class='ocrx_word' id='word_1_636' title='bbox 3487 3852 3603 3906; x_wconf 57' lang='lat' dir='ltr'>lio-⁸</span> 
     </span>
     <span class='ocr_line' id='line_1_84' title="bbox 2012 3942 3592 4015; baseline -0.001 -16"><span class='ocrx_word' id='word_1_637' title='bbox 2012 3943 2273 4009; x_wconf 86' lang='lat' dir='ltr'>minibus,</span> <span class='ocrx_word' id='word_1_638' title='bbox 2307 3952 2575 4015; x_wconf 79' lang='lat' dir='ltr'>quantum</span> <span class='ocrx_word' id='word_1_639' title='bbox 2605 3943 2657 3999; x_wconf 91' lang='lat' dir='ltr'>in</span> <span class='ocrx_word' id='word_1_640' title='bbox 2688 3944 2809 4015; x_wconf 85' lang='lat' dir='ltr'>ipso</span> <span class='ocrx_word' id='word_1_641' title='bbox 2834 3950 2938 4011; x_wconf 90' lang='lat' dir='ltr'>est,</span> <span class='ocrx_word' id='word_1_642' title='bbox 2980 3960 3170 4015; x_wconf 82' lang='lat' dir='ltr'>pacem</span> <span class='ocrx_word' id='word_1_643' title='bbox 3194 3945 3395 4005; x_wconf 79' lang='lat' dir='ltr'>habere</span> <span class='ocrx_word' id='word_1_644' title='bbox 3438 3942 3592 3999; x_wconf 87' lang='lat' dir='ltr'>desi·</span> 
     </span>
     <span class='ocr_line' id='line_1_85' title="bbox 2013 4034 3592 4108; baseline 0.001 -17"><span class='ocrx_word' id='word_1_645' title='bbox 2013 4035 2189 4091; x_wconf 85' lang='lat' dir='ltr'>derat.</span> <span class='ocrx_word' id='word_1_646' title='bbox 2228 4034 2325 4091; x_wconf 83' lang='lat' dir='ltr'>uis</span> <span class='ocrx_word' id='word_1_647' title='bbox 2356 4037 2614 4105; x_wconf 59' lang='lat' dir='ltr'>reliquia),</span> <span class='ocrx_word' id='word_1_648' title='bbox 2643 4036 2693 4091; x_wconf 90' lang='lat' dir='ltr'>id</span> <span class='ocrx_word' id='word_1_649' title='bbox 2716 4046 2798 4091; x_wconf 90' lang='lat' dir='ltr'>est</span> <span class='ocrx_word' id='word_1_650' title='bbox 2828 4036 2973 4092; x_wconf 87' lang='lat' dir='ltr'>bona</span> <span class='ocrx_word' id='word_1_651' title='bbox 3001 4037 3255 4108; x_wconf 71' lang='lat' dir='ltr'>‘corporis</span> <span class='ocrx_word' id='word_1_652' title='bbox 3295 4044 3347 4091; x_wconf 92' lang='lat' dir='ltr'>et</span> <span class='ocrx_word' id='word_1_653' title='bbox 3392 4036 3592 4092; x_wconf 68' lang='lat' dir='ltr'>animae</span> 
     </span>
     <span class='ocr_line' id='line_1_86' title="bbox 2012 4125 3592 4202; baseline -0.001 -20"><span class='ocrx_word' id='word_1_654' title='bbox 2012 4142 2136 4202; x_wconf 72' lang='lat' dir='ltr'>esse</span> <span class='ocrx_word' id='word_1_655' title='bbox 2163 4126 2443 4193; x_wconf 86' lang='lat' dir='ltr'>dicuntur,</span> <span class='ocrx_word' id='word_1_656' title='bbox 2471 4129 2735 4199; x_wconf 86' lang='lat' dir='ltr'>quoniam</span> <span class='ocrx_word' id='word_1_657' title='bbox 2753 4128 2970 4198; x_wconf 70' lang='lat' dir='ltr'>pacifici</span> <span class='ocrx_word' id='word_1_658' title='bbox 2996 4126 3101 4200; x_wconf 67' lang='lat' dir='ltr'>titii</span> <span class='ocrx_word' id='word_1_659' title='bbox 3123 4125 3235 4182; x_wconf 59' lang='lat' dir='ltr'>”Dei</span> <span class='ocrx_word' id='word_1_660' title='bbox 3263 4126 3592 4181; x_wconf 83' lang='lat' dir='ltr'>vocabuntur</span> 
     </span>
     <span class='ocr_line' id='line_1_87' title="bbox 2014 4212 3592 4291; baseline -0.003 -14"><span class='ocrx_word' id='word_1_661' title='bbox 2014 4218 2235 4290; x_wconf 68' lang='lat' dir='ltr'>(Manli.</span> <span class='ocrx_word' id='word_1_662' title='bbox 2282 4235 2340 4287; x_wconf 74' lang='lat' dir='ltr'>v,</span> <span class='ocrx_word' id='word_1_663' title='bbox 2380 4220 2460 4291; x_wconf 81' lang='lat'>9).</span> <span class='ocrx_word' id='word_1_664' title='bbox 2506 4234 2510 4241; x_wconf 84' lang='lat'><strong>·</strong></span> <span class='ocrx_word' id='word_1_665' title='bbox 3586 4212 3592 4216; x_wconf 77' lang='grc'><strong>’</strong></span> 
     </span>
    </p>

    <p class='ocr_par' dir='ltr' id='par_1_22' title="bbox 2082 4310 3590 4384">
     <span class='ocr_line' id='line_1_88' title="bbox 2082 4310 3590 4384; baseline -0.003 -14"><span class='ocrx_word' id='word_1_666' title='bbox 2082 4310 2249 4371; x_wconf 56' lang='lat' dir='ltr'>Vens</span> <span class='ocrx_word' id='word_1_667' title='bbox 2287 4311 2379 4367; x_wconf 77' lang='lat'>58.</span> <span class='ocrx_word' id='word_1_668' title='bbox 2416 4311 2620 4382; x_wconf 76' lang='lat' dir='ltr'>Injusti</span> <span class='ocrx_word' id='word_1_669' title='bbox 2654 4320 2831 4378; x_wconf 80' lang='lat' dir='ltr'>autem</span> <span class='ocrx_word' id='word_1_670' title='bbox 2870 4312 3202 4384; x_wconf 80' lang='lat' dir='ltr'>disperibunt</span> <span class='ocrx_word' id='word_1_671' title='bbox 3264 4312 3319 4367; x_wconf 90' lang='lat' dir='ltr'>in</span> <span class='ocrx_word' id='word_1_672' title='bbox 3362 4326 3590 4383; x_wconf 88' lang='lat' dir='ltr'>corporo</span> 
     </span>
    </p>
   </div>
   <div class='ocr_carea' id='block_1_17' title="bbox 331 4401 3589 4477">
    <p class='ocr_par' dir='ltr' id='par_1_23' title="bbox 331 4401 3589 4477">
     <span class='ocr_line' id='line_1_89' title="bbox 331 4401 3589 4477; baseline -0.002 -12"><span class='ocrx_word' id='word_1_673' title='bbox 331 4403 602 4466; x_wconf 76' lang='lat' dir='ltr'>Dominus</span> <span class='ocrx_word' id='word_1_674' title='bbox 644 4406 700 4462; x_wconf 87' lang='lat' dir='ltr'>in</span> <span class='ocrx_word' id='word_1_675' title='bbox 746 4405 959 4475; x_wconf 81' lang='lat' dir='ltr'>judicio</span> <span class='ocrx_word' id='word_1_676' title='bbox 1006 4421 1118 4461; x_wconf 88' lang='lat' dir='ltr'>non</span> <span class='ocrx_word' id='word_1_677' title='bbox 1165 4404 1489 4471; x_wconf 83' lang='lat' dir='ltr'>damnabit,</span> <span class='ocrx_word' id='word_1_678' title='bbox 1542 4419 1667 4459; x_wconf 89' lang='lat' dir='ltr'>eum</span> <span class='ocrx_word' id='word_1_679' title='bbox 1712 4402 1790 4457; x_wconf 91' lang='lat' dir='ltr'>illi</span> <span class='ocrx_word' id='word_1_680' title='bbox 1839 4401 1908 4458; x_wconf 88' lang='lat' dir='ltr'>de</span> <span class='ocrx_word' id='word_1_681' title='bbox 1939 4407 1984 4463; x_wconf 84' lang='grc' dir='ltr'>Ι)</span> <span class='ocrx_word' id='word_1_682' title='bbox 2010 4413 2067 4462; x_wconf 89' lang='lat' dir='ltr'>et</span> <span class='ocrx_word' id='word_1_683' title='bbox 2090 4405 2274 4464; x_wconf 84' lang='lat' dir='ltr'>anima</span> <span class='ocrx_word' id='word_1_684' title='bbox 2312 4405 2510 4468; x_wconf 73' lang='lat' dir='ltr'>simut.-</span> <span class='ocrx_word' id='word_1_685' title='bbox 2557 4405 2794 4477; x_wconf 76' lang='lat' dir='ltr'>retiquioe</span> <span class='ocrx_word' id='word_1_686' title='bbox 2836 4405 3116 4477; x_wconf 80' lang='lat' dir='ltr'>impiorum</span> <span class='ocrx_word' id='word_1_687' title='bbox 3143 4404 3434 4460; x_wconf 77' lang='lat' dir='ltr'>interibunt</span> <span class='ocrx_word' id='word_1_688' title='bbox 3461 4420 3589 4461; x_wconf 79' lang='lat' dir='ltr'>curn</span> 
     </span>
    </p>
   </div>
   <div class='ocr_carea' id='block_1_18' title="bbox 331 4488 1913 5488">
    <p class='ocr_par' dir='ltr' id='par_1_24' title="bbox 331 4488 1913 4832">
     <span class='ocr_line' id='line_1_90' title="bbox 333 4488 1910 4577; baseline -0.003 -23"><span class='ocrx_word' id='word_1_689' title='bbox 333 4498 508 4577; x_wconf 68' lang='lat' dir='ltr'>impio</span> <span class='ocrx_word' id='word_1_690' title='bbox 553 4495 929 4567; x_wconf 82' lang='lat' dir='ltr'>judicabitur;</span> <span class='ocrx_word' id='word_1_691' title='bbox 989 4497 1120 4568; x_wconf 82' lang='lat' dir='ltr'>quia</span> <span class='ocrx_word' id='word_1_692' title='bbox 1174 4488 1386 4568; x_wconf 81' lang='lat' dir='ltr'>justum</span> <span class='ocrx_word' id='word_1_693' title='bbox 1454 4494 1736 4551; x_wconf 84' lang='lat' dir='ltr'>beatitudo</span> <span class='ocrx_word' id='word_1_694' title='bbox 1783 4509 1910 4552; x_wconf 88' lang='lat' dir='ltr'>sus-</span> 
     </span>
     <span class='ocr_line' id='line_1_91' title="bbox 332 4586 1908 4663; baseline -0.004 -16"><span class='ocrx_word' id='word_1_695' title='bbox 332 4591 538 4663; x_wconf 82' lang='lat' dir='ltr'>cipiet,</span> <span class='ocrx_word' id='word_1_696' title='bbox 594 4589 825 4659; x_wconf 86' lang='lat' dir='ltr'>impium</span> <span class='ocrx_word' id='word_1_697' title='bbox 878 4588 1063 4645; x_wconf 87' lang='lat' dir='ltr'>debita</span> <span class='ocrx_word' id='word_1_698' title='bbox 1109 4604 1278 4660; x_wconf 70' lang='lat' dir='ltr'>poena</span> <span class='ocrx_word' id='word_1_699' title='bbox 1330 4586 1623 4659; x_wconf 83' lang='lat' dir='ltr'>torquebit.</span> <span class='ocrx_word' id='word_1_700' title='bbox 1672 4586 1739 4641; x_wconf 85' lang='lat' dir='ltr'>Et</span> <span class='ocrx_word' id='word_1_701' title='bbox 1779 4586 1908 4657; x_wconf 87' lang='lat' dir='ltr'>quia</span> 
     </span>
     <span class='ocr_line' id='line_1_92' title="bbox 331 4676 1913 4751; baseline -0.003 -15"><span class='ocrx_word' id='word_1_702' title='bbox 331 4682 550 4738; x_wconf 79' lang='lat' dir='ltr'>videtur</span> <span class='ocrx_word' id='word_1_703' title='bbox 599 4681 827 4751; x_wconf 86' lang='lat' dir='ltr'>longum</span> <span class='ocrx_word' id='word_1_704' title='bbox 879 4688 1004 4736; x_wconf 87' lang='lat' dir='ltr'>esse</span> <span class='ocrx_word' id='word_1_705' title='bbox 1064 4678 1121 4735; x_wconf 89' lang='lat' dir='ltr'>in</span> <span class='ocrx_word' id='word_1_706' title='bbox 1188 4677 1582 4746; x_wconf 82' lang='lat' dir='ltr'>tribulatione,</span> <span class='ocrx_word' id='word_1_707' title='bbox 1637 4676 1913 4733; x_wconf 79' lang='lat' dir='ltr'>confortat</span> 
     </span>
     <span class='ocr_line' id='line_1_93' title="bbox 331 4770 1122 4832; baseline -0.006 0"><span class='ocrx_word' id='word_1_708' title='bbox 331 4790 458 4832; x_wconf 88' lang='lat' dir='ltr'>eum</span> <span class='ocrx_word' id='word_1_709' title='bbox 495 4792 510 4830; x_wconf 72' lang='grc' dir='ltr'>ε</span> <span class='ocrx_word' id='word_1_710' title='bbox 1117 4770 1122 4775; x_wconf 79' lang='grc'><em>’</em></span> 
     </span>
    </p>

    <p class='ocr_par' dir='ltr' id='par_1_25' title="bbox 331 4862 1913 5488">
     <span class='ocr_line' id='line_1_94' title="bbox 362 4862 1913 4939; baseline -0.003 -17"><span class='ocrx_word' id='word_1_711' title='bbox 362 4865 573 4939; x_wconf 58' lang='lat' dir='ltr'>“Yenffl</span> <span class='ocrx_word' id='word_1_712' title='bbox 606 4867 696 4924; x_wconf 73' lang='lat' dir='ltr'>at.</span> <span class='ocrx_word' id='word_1_713' title='bbox 722 4865 985 4937; x_wconf 74' lang='lat' dir='ltr'>Exspecta</span> <span class='ocrx_word' id='word_1_714' title='bbox 1014 4864 1297 4921; x_wconf 82' lang='lat' dir='ltr'>Dominum</span> <span class='ocrx_word' id='word_1_715' title='bbox 1321 4862 1386 4919; x_wconf 85' lang='lat' dir='ltr'>ad</span> <span class='ocrx_word' id='word_1_716' title='bbox 1411 4863 1679 4936; x_wconf 85' lang='lat' dir='ltr'>judicium</span> <span class='ocrx_word' id='word_1_717' title='bbox 1716 4869 1913 4919; x_wconf 80' lang='lat' dir='ltr'>ventu-</span> 
     </span>
     <span class='ocr_line' id='line_1_95' title="bbox 333 4953 1910 5036; baseline -0.004 -20"><span class='ocrx_word' id='word_1_718' title='bbox 333 4976 458 5036; x_wconf 84' lang='lat' dir='ltr'>rum</span> <span class='ocrx_word' id='word_1_719' title='bbox 485 4958 783 5031; x_wconf 58' lang='lat' dir='ltr'>patientem</span> <span class='ocrx_word' id='word_1_720' title='bbox 808 4967 860 5013; x_wconf 86' lang='lat' dir='ltr'>et</span> <span class='ocrx_word' id='word_1_721' title='bbox 893 4958 1100 5013; x_wconf 77' lang='lat' dir='ltr'>custodi</span> <span class='ocrx_word' id='word_1_722' title='bbox 1124 4958 1264 5014; x_wconf 77' lang='lat' dir='ltr'>viam</span> <span class='ocrx_word' id='word_1_723' title='bbox 1300 4953 1441 5028; x_wconf 76' lang='lat' dir='ltr'>ejus,</span> <span class='ocrx_word' id='word_1_724' title='bbox 1478 4956 1531 5011; x_wconf 90' lang='lat' dir='ltr'>id</span> <span class='ocrx_word' id='word_1_725' title='bbox 1559 4963 1646 5013; x_wconf 85' lang='lat' dir='ltr'>est</span> <span class='ocrx_word' id='word_1_726' title='bbox 1679 4954 1910 5012; x_wconf 82' lang='lat' dir='ltr'>observa</span> 
     </span>
     <span class='ocr_line' id='line_1_96' title="bbox 334 5045 1911 5135; baseline -0.003 -31"><span class='ocrx_word' id='word_1_727' title='bbox 334 5047 606 5135; x_wconf 67' lang='lat' dir='ltr'>praecepta</span> <span class='ocrx_word' id='word_1_728' title='bbox 668 5049 790 5121; x_wconf 74' lang='lat' dir='ltr'>eius</span> <span class='ocrx_word' id='word_1_729' title='bbox 837 5067 851 5103; x_wconf 79' lang='lat' dir='ltr'>z</span> <span class='ocrx_word' id='word_1_730' title='bbox 904 5046 976 5119; x_wconf 74' lang='lat' dir='ltr'>Et</span> <span class='ocrx_word' id='word_1_731' title='bbox 1004 5048 1230 5103; x_wconf 77' lang='lat' dir='ltr'>veniens</span> <span class='ocrx_word' id='word_1_732' title='bbox 1281 5045 1543 5103; x_wconf 74' lang='lat' dir='ltr'>exaltabit</span> <span class='ocrx_word' id='word_1_733' title='bbox 1602 5057 1652 5100; x_wconf 81' lang='lat' dir='ltr'>te</span> <span class='ocrx_word' id='word_1_734' title='bbox 1681 5060 1711 5099; x_wconf 84' lang='lat' dir='ltr'>a</span> <span class='ocrx_word' id='word_1_735' title='bbox 1766 5054 1911 5111; x_wconf 82' lang='lat' dir='ltr'>terra</span> 
     </span>
     <span class='ocr_line' id='line_1_97' title="bbox 335 5136 1906 5209; baseline -0.006 -10"><span class='ocrx_word' id='word_1_736' title='bbox 335 5138 403 5199; x_wconf 79' lang='lat' dir='ltr'>ad</span> <span class='ocrx_word' id='word_1_737' title='bbox 439 5142 663 5209; x_wconf 66' lang='lat' dir='ltr'>eoelum,</span> <span class='ocrx_word' id='word_1_738' title='bbox 690 5150 747 5196; x_wconf 80' lang='lat' dir='ltr'>ut</span> <span class='ocrx_word' id='word_1_739' title='bbox 777 5140 1086 5200; x_wconf 72' lang='lat' dir='ltr'>haereditate</span> <span class='ocrx_word' id='word_1_740' title='bbox 1129 5140 1311 5209; x_wconf 75' lang='lat' dir='ltr'>capias</span> <span class='ocrx_word' id='word_1_741' title='bbox 1350 5148 1548 5193; x_wconf 82' lang='lat' dir='ltr'>terram</span> <span class='ocrx_word' id='word_1_742' title='bbox 1584 5136 1906 5193; x_wconf 76' lang='lat' dir='ltr'>viventium.</span> 
     </span>
     <span class='ocr_line' id='line_1_98' title="bbox 335 5230 1913 5305; baseline -0.006 -14"><span class='ocrx_word' id='word_1_743' title='bbox 335 5232 471 5291; x_wconf 85' lang='lat' dir='ltr'>Cum</span> <span class='ocrx_word' id='word_1_744' title='bbox 500 5235 756 5305; x_wconf 73' lang='lat' dir='ltr'>perierint</span> <span class='ocrx_word' id='word_1_745' title='bbox 796 5230 1120 5305; x_wconf 75' lang='lat' dir='ltr'>peccatores,</span> <span class='ocrx_word' id='word_1_746' title='bbox 1158 5230 1356 5288; x_wconf 73' lang='lat' dir='ltr'>videbis</span> <span class='ocrx_word' id='word_1_747' title='bbox 1406 5231 1551 5285; x_wconf 88' lang='lat' dir='ltr'>illam</span> <span class='ocrx_word' id='word_1_748' title='bbox 1605 5239 1805 5284; x_wconf 87' lang='lat' dir='ltr'>terram</span> <span class='ocrx_word' id='word_1_749' title='bbox 1857 5238 1913 5298; x_wconf 79' lang='lat' dir='ltr'>et</span> 
     </span>
     <span class='ocr_line' id='line_1_99' title="bbox 333 5321 1909 5406; baseline -0.005 -23"><span class='ocrx_word' id='word_1_750' title='bbox 333 5336 487 5383; x_wconf 88' lang='lat' dir='ltr'>tuam</span> <span class='ocrx_word' id='word_1_751' title='bbox 511 5326 896 5399; x_wconf 80' lang='lat' dir='ltr'>exaltationem</span> <span class='ocrx_word' id='word_1_752' title='bbox 918 5334 974 5382; x_wconf 88' lang='lat' dir='ltr'>et</span> <span class='ocrx_word' id='word_1_753' title='bbox 993 5324 1433 5406; x_wconf 80' lang='lat' dir='ltr'>adversariorum</span> <span class='ocrx_word' id='word_1_754' title='bbox 1473 5331 1692 5378; x_wconf 86' lang='lat' dir='ltr'>tuorum</span> <span class='ocrx_word' id='word_1_755' title='bbox 1723 5321 1909 5392; x_wconf 87' lang='lat' dir='ltr'>perdi·</span> 
     </span>
     <span class='ocr_line' id='line_1_100' title="bbox 331 5407 1909 5488; baseline -0.003 -13"><span class='ocrx_word' id='word_1_756' title='bbox 331 5418 562 5475; x_wconf 88' lang='lat' dir='ltr'>tionem.</span> <span class='ocrx_word' id='word_1_757' title='bbox 590 5416 688 5474; x_wconf 82' lang='lat' dir='ltr'>Vel</span> <span class='ocrx_word' id='word_1_758' title='bbox 719 5416 940 5486; x_wconf 71' lang='lat' dir='ltr'>videbit,</span> <span class='ocrx_word' id='word_1_759' title='bbox 966 5407 1112 5488; x_wconf 82' lang='lat' dir='ltr'>quod</span> <span class='ocrx_word' id='word_1_760' title='bbox 1146 5414 1240 5469; x_wconf 88' lang='lat' dir='ltr'>tibi</span> <span class='ocrx_word' id='word_1_761' title='bbox 1277 5414 1474 5485; x_wconf 83' lang='lat' dir='ltr'>placet,</span> <span class='ocrx_word' id='word_1_762' title='bbox 1514 5421 1565 5469; x_wconf 84' lang='lat' dir='ltr'>tc</span> <span class='ocrx_word' id='word_1_763' title='bbox 1603 5420 1851 5483; x_wconf 89' lang='lat' dir='ltr'>ereptum</span> <span class='ocrx_word' id='word_1_764' title='bbox 1877 5428 1909 5470; x_wconf 83' lang='lat' dir='ltr'>a</span> 
     </span>
    </p>
   </div>
   <div class='ocr_carea' id='block_1_19' title="bbox 335 5503 1919 5579">
    <p class='ocr_par' dir='ltr' id='par_1_26' title="bbox 335 5503 1919 5579">
     <span class='ocr_line' id='line_1_101' title="bbox 335 5503 1919 5579; baseline 0 -16"><span class='ocrx_word' id='word_1_765' title='bbox 335 5507 641 5577; x_wconf 81' lang='lat' dir='ltr'>suppliciis,</span> <span class='ocrx_word' id='word_1_766' title='bbox 666 5507 766 5563; x_wconf 81' lang='lat' dir='ltr'>vel</span> <span class='ocrx_word' id='word_1_767' title='bbox 789 5523 917 5568; x_wconf 82' lang='lat' dir='ltr'>cum</span> <span class='ocrx_word' id='word_1_768' title='bbox 943 5515 1266 5579; x_wconf 81' lang='lat' dir='ltr'>peccatores</span> <span class='ocrx_word' id='word_1_769' title='bbox 1297 5504 1540 5564; x_wconf 84' lang='lat' dir='ltr'>damnati</span> <span class='ocrx_word' id='word_1_770' title='bbox 1568 5503 1772 5564; x_wconf 82' lang='lat' dir='ltr'>suerint</span> <span class='ocrx_word' id='word_1_771' title='bbox 1790 5544 1806 5575; x_wconf 87' lang='lat'>,</span> <span class='ocrx_word' id='word_1_772' title='bbox 1833 5505 1919 5563; x_wconf 79' lang='lat' dir='ltr'>vi-.</span> 
     </span>
    </p>
   </div>
   <div class='ocr_carea' id='block_1_20' title="bbox 416 5674 1163 5758">
    <p class='ocr_par' dir='ltr' id='par_1_27' title="bbox 416 5674 1163 5758">
     <span class='ocr_line' id='line_1_102' title="bbox 416 5674 1163 5758; baseline 0.016 -33"><span class='ocrx_word' id='word_1_773' title='bbox 416 5674 530 5758; x_wconf 73' lang='grc'>(67)</span> <span class='ocrx_word' id='word_1_774' title='bbox 560 5676 789 5753; x_wconf 70' lang='lat' dir='ltr'>Vulgata</span> <span class='ocrx_word' id='word_1_775' title='bbox 819 5680 1163 5752; x_wconf 64' lang='lat' dir='ltr'>Mortificate.</span> 
     </span>
    </p>
   </div>
   <div class='ocr_carea' id='block_1_21' title="bbox 2012 4495 3596 5586">
    <p class='ocr_par' dir='ltr' id='par_1_28' title="bbox 2012 4495 3591 5109">
     <span class='ocr_line' id='line_1_103' title="bbox 2013 4495 3588 4568; baseline -0.001 -16"><span class='ocrx_word' id='word_1_776' title='bbox 2013 4495 2116 4564; x_wconf 91' lang='lat' dir='ltr'>eis,</span> <span class='ocrx_word' id='word_1_777' title='bbox 2149 4497 2473 4568; x_wconf 85' lang='lat' dir='ltr'>temporalia</span> <span class='ocrx_word' id='word_1_778' title='bbox 2496 4496 2660 4559; x_wconf 84' lang='lat' dir='ltr'>bona,</span> <span class='ocrx_word' id='word_1_779' title='bbox 2701 4511 2825 4566; x_wconf 69' lang='lat' dir='ltr'>qua»,</span> <span class='ocrx_word' id='word_1_780' title='bbox 2866 4495 3163 4551; x_wconf 88' lang='lat' dir='ltr'>noluerunt</span> <span class='ocrx_word' id='word_1_781' title='bbox 3209 4496 3497 4565; x_wconf 86' lang='lat' dir='ltr'>spernere,</span> <span class='ocrx_word' id='word_1_782' title='bbox 3530 4504 3588 4550; x_wconf 91' lang='lat' dir='ltr'>ut</span> 
     </span>
     <span class='ocr_line' id='line_1_104' title="bbox 2012 4588 3591 4663; baseline -0.003 -19"><span class='ocrx_word' id='word_1_783' title='bbox 2012 4588 2320 4663; x_wconf 81' lang='lat' dir='ltr'>reciperent</span> <span class='ocrx_word' id='word_1_784' title='bbox 2346 4599 2571 4647; x_wconf 82' lang='lat' dir='ltr'>aeterna.</span> <span class='ocrx_word' id='word_1_785' title='bbox 2601 4588 2854 4660; x_wconf 63' lang='lat' dir='ltr'>Reliquiae</span> <span class='ocrx_word' id='word_1_786' title='bbox 2880 4589 3045 4643; x_wconf 86' lang='lat' dir='ltr'>etiam</span> <span class='ocrx_word' id='word_1_787' title='bbox 3076 4598 3207 4643; x_wconf 89' lang='lat' dir='ltr'>sunt</span> <span class='ocrx_word' id='word_1_788' title='bbox 3230 4589 3496 4643; x_wconf 87' lang='lat' dir='ltr'>memoria</span> <span class='ocrx_word' id='word_1_789' title='bbox 3535 4596 3591 4641; x_wconf 88' lang='lat' dir='ltr'>et</span> 
     </span>
     <span class='ocr_line' id='line_1_105' title="bbox 2014 4676 3590 4752; baseline -0.008 -11"><span class='ocrx_word' id='word_1_790' title='bbox 2014 4683 2135 4741; x_wconf 86' lang='lat' dir='ltr'>laus</span> <span class='ocrx_word' id='word_1_791' title='bbox 2165 4689 2289 4752; x_wconf 89' lang='lat' dir='ltr'>post</span> <span class='ocrx_word' id='word_1_792' title='bbox 2313 4690 2547 4738; x_wconf 87' lang='lat' dir='ltr'>mortem</span> <span class='ocrx_word' id='word_1_793' title='bbox 2574 4679 2849 4751; x_wconf 89' lang='lat' dir='ltr'>posterius</span> <span class='ocrx_word' id='word_1_794' title='bbox 2879 4678 3098 4734; x_wconf 69' lang='lat' dir='ltr'>relictae.</span> <span class='ocrx_word' id='word_1_795' title='bbox 3128 4676 3254 4733; x_wconf 66' lang='lat' dir='ltr'>llaec</span> <span class='ocrx_word' id='word_1_796' title='bbox 3279 4677 3444 4747; x_wconf 85' lang='lat' dir='ltr'>justis</span> <span class='ocrx_word' id='word_1_797' title='bbox 3464 4692 3590 4747; x_wconf 81' lang='lat' dir='ltr'>per-</span> 
     </span>
     <span class='ocr_line' id='line_1_106' title="bbox 2013 4769 3591 4845; baseline -0.005 -15"><span class='ocrx_word' id='word_1_798' title='bbox 2013 4775 2337 4842; x_wconf 74' lang='lat' dir='ltr'>manebunt,</span> <span class='ocrx_word' id='word_1_799' title='bbox 2359 4774 2453 4845; x_wconf 87' lang='lat' dir='ltr'>qui</span> <span class='ocrx_word' id='word_1_800' title='bbox 2473 4774 2528 4832; x_wconf 88' lang='lat' dir='ltr'>in</span> <span class='ocrx_word' id='word_1_801' title='bbox 2557 4770 2823 4843; x_wconf 69' lang='lat' dir='ltr'>memoria</span> <span class='ocrx_word' id='word_1_802' title='bbox 2852 4771 3237 4827; x_wconf 86' lang='lat' dir='ltr'>aeternaerunt</span> <span class='ocrx_word' id='word_1_803' title='bbox 3261 4788 3276 4835; x_wconf 82' lang='lat'><em>3</em></span> <span class='ocrx_word' id='word_1_804' title='bbox 3306 4769 3460 4839; x_wconf 87' lang='lat' dir='ltr'>impii</span> <span class='ocrx_word' id='word_1_805' title='bbox 3497 4784 3591 4823; x_wconf 91' lang='lat' dir='ltr'>au-</span> 
     </span>
     <span class='ocr_line' id='line_1_107' title="bbox 2015 4860 3585 4937; baseline -0.003 -15"><span class='ocrx_word' id='word_1_806' title='bbox 2015 4875 2124 4924; x_wconf 86' lang='lat' dir='ltr'>tem</span> <span class='ocrx_word' id='word_1_807' title='bbox 2154 4867 2431 4937; x_wconf 83' lang='lat' dir='ltr'>peribunt.</span> <span class='ocrx_word' id='word_1_808' title='bbox 2456 4881 2581 4922; x_wconf 88' lang='lat' dir='ltr'>cum</span> <span class='ocrx_word' id='word_1_809' title='bbox 2607 4872 2866 4919; x_wconf 86' lang='lat' dir='ltr'>aeternam</span> <span class='ocrx_word' id='word_1_810' title='bbox 2895 4860 3276 4919; x_wconf 75' lang='lat' dir='ltr'>confusionem</span> <span class='ocrx_word' id='word_1_811' title='bbox 3303 4862 3585 4918; x_wconf 86' lang='lat' dir='ltr'>subibunt.</span> 
     </span>
     <span class='ocr_line' id='line_1_108' title="bbox 2015 4948 3586 5025; baseline -0.007 -8"><span class='ocrx_word' id='word_1_812' title='bbox 2015 4960 2173 5017; x_wconf 85' lang='lat' dir='ltr'>Unde</span> <span class='ocrx_word' id='word_1_813' title='bbox 2201 4961 2255 5015; x_wconf 89' lang='lat' dir='ltr'>in</span> <span class='ocrx_word' id='word_1_814' title='bbox 2279 4959 2504 5016; x_wconf 70' lang='lat' dir='ltr'>Hebrrco</span> <span class='ocrx_word' id='word_1_815' title='bbox 2534 4959 2764 5014; x_wconf 86' lang='lat' dir='ltr'>habetur</span> <span class='ocrx_word' id='word_1_816' title='bbox 2791 4976 2805 5012; x_wconf 84' lang='lat'>:</span> <span class='ocrx_word' id='word_1_817' title='bbox 2839 4955 3148 5015; x_wconf 75' lang='lat' dir='ltr'>Novissima</span> <span class='ocrx_word' id='word_1_818' title='bbox 3178 4948 3414 5024; x_wconf 71' lang='lat' dir='ltr'>ipsorum</span> <span class='ocrx_word' id='word_1_819' title='bbox 3442 4953 3586 5025; x_wconf 74' lang='lat' dir='ltr'>pert·-</span> 
     </span>
     <span class='ocr_line' id='line_1_109' title="bbox 2015 5054 2167 5109; baseline 0.007 -2"><span class='ocrx_word' id='word_1_820' title='bbox 2015 5054 2167 5109; x_wconf 82' lang='lat' dir='ltr'>bunt.</span> 
     </span>
    </p>

    <p class='ocr_par' dir='ltr' id='par_1_29' title="bbox 2013 5139 3596 5586">
     <span class='ocr_line' id='line_1_110' title="bbox 2091 5139 3588 5213; baseline -0.005 -16"><span class='ocrx_word' id='word_1_821' title='bbox 2091 5145 2253 5201; x_wconf 69' lang='lat' dir='ltr'>Vens.</span> <span class='ocrx_word' id='word_1_822' title='bbox 2288 5144 2379 5199; x_wconf 80' lang='lat'>59.</span> <span class='ocrx_word' id='word_1_823' title='bbox 2406 5176 2475 5188; x_wconf 84' lang='lat'>—-</span> <span class='ocrx_word' id='word_1_824' title='bbox 2507 5143 2666 5199; x_wconf 74' lang='lat' dir='ltr'>Salus</span> <span class='ocrx_word' id='word_1_825' title='bbox 2698 5152 2875 5198; x_wconf 79' lang='lat' dir='ltr'>autent</span> <span class='ocrx_word' id='word_1_826' title='bbox 2911 5141 3183 5213; x_wconf 73' lang='lat' dir='ltr'>justorum</span> <span class='ocrx_word' id='word_1_827' title='bbox 3214 5158 3247 5195; x_wconf 87' lang='lat' dir='ltr'>a</span> <span class='ocrx_word' id='word_1_828' title='bbox 3283 5139 3510 5196; x_wconf 78' lang='lat' dir='ltr'>Domino</span> <span class='ocrx_word' id='word_1_829' title='bbox 3533 5144 3588 5191; x_wconf 85' lang='lat' dir='ltr'>et</span> 
     </span>
     <span class='ocr_line' id='line_1_111' title="bbox 2014 5221 3584 5309; baseline -0.005 -16"><span class='ocrx_word' id='word_1_830' title='bbox 2014 5254 2163 5300; x_wconf 87' lang='lat' dir='ltr'>nunc</span> <span class='ocrx_word' id='word_1_831' title='bbox 2202 5254 2299 5309; x_wconf 89' lang='lat' dir='ltr'>per</span> <span class='ocrx_word' id='word_1_832' title='bbox 2323 5236 2767 5308; x_wconf 82' lang='lat' dir='ltr'>Redemptionem</span> <span class='ocrx_word' id='word_1_833' title='bbox 2805 5221 3052 5307; x_wconf 86' lang='lat' dir='ltr'>corporis</span> <span class='ocrx_word' id='word_1_834' title='bbox 3080 5243 3136 5290; x_wconf 89' lang='lat' dir='ltr'>et</span> <span class='ocrx_word' id='word_1_835' title='bbox 3164 5227 3446 5305; x_wconf 78' lang='lat' dir='ltr'>sanguinis</span> <span class='ocrx_word' id='word_1_836' title='bbox 3479 5230 3584 5296; x_wconf 82' lang='lat' dir='ltr'>sui,</span> 
     </span>
     <span class='ocr_line' id='line_1_112' title="bbox 2015 5321 3587 5404; baseline -0.006 -17"><span class='ocrx_word' id='word_1_837' title='bbox 2015 5339 2071 5387; x_wconf 90' lang='lat' dir='ltr'>et</span> <span class='ocrx_word' id='word_1_838' title='bbox 2096 5332 2402 5404; x_wconf 86' lang='lat' dir='ltr'>generalem</span> <span class='ocrx_word' id='word_1_839' title='bbox 2437 5324 2945 5395; x_wconf 65' lang='lat' dir='ltr'>resurrectionem,</span> <span class='ocrx_word' id='word_1_840' title='bbox 2972 5344 3097 5385; x_wconf 90' lang='lat' dir='ltr'>cum</span> <span class='ocrx_word' id='word_1_841' title='bbox 3144 5338 3376 5397; x_wconf 79' lang='lat' dir='ltr'>corpora</span> <span class='ocrx_word' id='word_1_842' title='bbox 3424 5321 3587 5379; x_wconf 71' lang='lat' dir='ltr'>vesti-</span> 
     </span>
     <span class='ocr_line' id='line_1_113' title="bbox 2014 5414 3596 5485; baseline -0.008 -4"><span class='ocrx_word' id='word_1_843' title='bbox 2014 5431 2203 5481; x_wconf 87' lang='lat' dir='ltr'>mento</span> <span class='ocrx_word' id='word_1_844' title='bbox 2227 5422 2419 5479; x_wconf 85' lang='lat' dir='ltr'>salutis</span> <span class='ocrx_word' id='word_1_845' title='bbox 2446 5429 2500 5478; x_wconf 90' lang='lat' dir='ltr'>et</span> <span class='ocrx_word' id='word_1_846' title='bbox 2525 5420 2951 5477; x_wconf 85' lang='lat' dir='ltr'>immortalitatis</span> <span class='ocrx_word' id='word_1_847' title='bbox 2977 5419 3291 5485; x_wconf 80' lang='lat' dir='ltr'>vestientur,</span> <span class='ocrx_word' id='word_1_848' title='bbox 3320 5423 3375 5473; x_wconf 90' lang='lat' dir='ltr'>et</span> <span class='ocrx_word' id='word_1_849' title='bbox 3394 5414 3596 5478; x_wconf 65' lang='lat' dir='ltr'>anima¹</span> 
     </span>
     <span class='ocr_line' id='line_1_114' title="bbox 2013 5501 3586 5586; baseline -0.008 -14"><span class='ocrx_word' id='word_1_850' title='bbox 2013 5513 2337 5573; x_wconf 88' lang='lat' dir='ltr'>indumento</span> <span class='ocrx_word' id='word_1_851' title='bbox 2365 5512 2594 5586; x_wconf 66' lang='lat' dir='ltr'>justitiae</span> <span class='ocrx_word' id='word_1_852' title='bbox 2623 5520 2678 5571; x_wconf 89' lang='lat' dir='ltr'>et</span> <span class='ocrx_word' id='word_1_853' title='bbox 2708 5512 2845 5571; x_wconf 86' lang='lat' dir='ltr'>stola</span> <span class='ocrx_word' id='word_1_854' title='bbox 2867 5501 3230 5584; x_wconf 85' lang='lat' dir='ltr'>jucunditatis</span> <span class='ocrx_word' id='word_1_855' title='bbox 3270 5506 3586 5567; x_wconf 80' lang='lat' dir='ltr'>induentur,</span> 
     </span>
    </p>
   </div>
  </div>
 </body>
</html>
