3817 6000
88 249 142 307 903
394 245 673 312 Cultltllttnttttltt
695 247 727 302 tt
748 246 917 309 essenus
940 278 974 287 -
994 243 1085 303 tuns
1109 244 1128 300 1.
1148 276 1185 289 -
1202 245 1301 300 uste.
1321 247 1414 303 tt'tlt.
1665 253 1718 305 tuo

88 381 154 422 rere
168 365 327 437 unigenitus
340 373 380 420 est
399 363 517 420 attane
535 362 668 419 Similiter
683 379 745 418 rere
765 377 883 435 sponsus
898 373 918 428 ,t
935 359 1005 431 ptias
1020 380 1027 415 :
1044 381 1053 412 r
1068 359 1207 418 Turbatur
1220 360 1340 420 llerudes
1356 380 1402 418 rex
1418 374 1444 419 et
1456 364 1725 426 urnnislrrosolrnza

88 454 224 528 processit
236 454 270 509 de
281 463 377 508 matre.
396 451 447 507 Per
457 452 571 508 verbum
590 452 664 525 quod
678 454 804 508 enuntiat
817 469 880 522 pro·
933 469 1000 508 enrn
1016 454 1063 509 illo
1078 454 1190 523 (distri.
1207 472 1237 522 n,
1251 457 1290 528 b),
1307 476 1317 510 r
1331 473 1387 528 quo
1398 460 1526 514 sarriente
1543 460 1569 514 in
1595 430 1723 525 inientes,

87 547 242 612 ursiuneur,
256 546 360 611 cuncti,
376 545 423 616 qui
440 544 568 612 audium,
582 544 616 600 ad
629 545 817 615 spectaculum
833 560 881 598 ro-
931 545 1071 601 cnrreirdu
1095 546 1122 601 in
1136 545 1295 619 AEgyptum,
1316 558 1343 604 et
1367 549 1429 605 irate
1442 562 1503 620 post
1518 551 1622 607 obitum
1640 551 1725 607 liero-

86 648 198 702 eaauu,
211 637 278 708 quia
292 638 362 700 solet
375 637 468 694 rueari
484 637 639 708 processio,
661 636 774 708 qrrando
788 637 880 707 aliqua
933 639 976 695 dis
988 641 1154 696 recurrendo
1172 641 1225 697 iste
1240 642 1317 713 gigas
1340 658 1452 698 cursum
1474 659 1554 698 sumn
1574 643 1723 715 praesigen-

86 730 253 787 rencrabilis
271 737 299 786 et
325 730 485 800 spectabilis
508 745 624 801 persona
637 745 700 786 cum
717 730 798 799 lunga
812 744 882 799 prae·
933 733 981 799 uit,
994 747 1050 803 quo
1061 733 1192 789 derelicto
1205 735 1239 789 ad
1253 735 1531 806 temprrstotoonrm
1548 738 1649 806 pupulo
1660 753 1725 792 enr-

86 820 242 882 oedcntium
256 830 285 878 et
309 821 535 892 subsequentium
562 835 661 892 pompa
675 827 832 877 reverenter
853 829 882 876 et
933 839 1017 880 surus
1035 834 1095 880 erat
1113 824 1140 879 in
1165 826 1250 883 tutius
1264 828 1360 882 mnndi
1383 829 1466 897 lrnjns
1483 828 1642 901 AEqpptum,
1663 840 1724 885 tan-

84 916 221 972 decenter
247 916 399 972 menradum
417 914 539 970 babitum
560 929 618 971 sues
631 914 782 987 dignitatis,
804 914 880 970 verbi
932 917 996 972 dem
1011 932 1174 973 reversuros
1188 918 1221 973 ad
1236 919 1369 990 reliquias
1380 918 1538 975 tntum-mn
1561 932 1623 990 post
1638 920 1725 978 llere·

86 1009 176 1079 pratia
197 1006 402 1077 puntillealibus
424 1016 473 1062 aut
490 1005 628 1078 regalibus
642 1007 813 1062 ornamentis
838 1006 881 1060 in·
931 1006 1103 1072 disubitnm,
1120 1017 1311 1077 postmortem
1328 1010 1637 1068 rirlelieetdntiebristi.

84 1100 165 1166 duta,
179 1099 214 1155 de
240 1100 300 1156 luco
319 1101 353 1155 all
371 1100 461 1156 locum
481 1100 554 1156 radit
569 1099 663 1155 multis
685 1099 880 1156 venerantibus
967 1097 1045 1153 llulti
1073 1110 1215 1156 currentes
1240 1101 1268 1155 in
1294 1102 1383 1157 stadio
1406 1102 1470 1160 ritae
1496 1106 1655 1175 temporalis
1678 1125 1725 1164 ne·

84 1206 119 1248 ac
130 1191 318 1263 spectantibus
327 1192 406 1248 talem
419 1193 632 1262 processionem.
647 1189 748 1247 Verum
761 1192 784 1246 si
796 1207 880 1262 spon-
930 1189 1024 1245 sciunt
1045 1191 1119 1247 unde
1132 1192 1252 1259 reniaut,
1268 1201 1378 1265 autquo
1393 1197 1507 1263 radant,
1526 1197 1587 1252 ideo
1600 1213 1662 1253 eum
1676 1209 1724 1254 tac·

83 1298 147 1352 sus,
160 1298 217 1355 prat
231 1283 325 1339 multis
340 1283 499 1362 bominibus
514 1282 601 1338 lorma
617 1282 770 1353 speciosus,
784 1296 880 1352 proce·
931 1281 979 1337 (lio
992 1292 1018 1338 et
1034 1284 1146 1339 tristitia
1159 1295 1286 1353 currunt,
1310 1287 1376 1357 qnia
1399 1288 1481 1344 tlrrem
1494 1290 1537 1347 sui
1557 1307 1657 1347 cursus
1675 1309 1724 1348 rare·

82 1376 157 1435 dens
186 1377 221 1433 de
247 1376 369 1433 tbalamo
396 1391 448 1433 suo
474 1391 568 1432 seeum
595 1376 722 1431 ducendo
749 1390 878 1444 sponsam
931 1375 1024 1431 sciunt
1050 1376 1150 1446 (lisele.
1173 1394 1212 1444 nr,
1234 1379 1291 1450 li).
1326 1378 1379 1435 Sed
1399 1381 1451 1438 iste
1480 1398 1600 1453 sponsus
1625 1387 1725 1456 plenus

82 1468 167 1525 natue
181 1467 335 1538 speciosam
356 1466 429 1521 iuter
449 1465 507 1536 ipsa
528 1466 684 1536 nuptiarum
705 1464 838 1520 solemnia
850 1479 880 1519 sc
930 1480 1036 1532 amore,
1052 1468 1103 1523 iste
1118 1467 1195 1540 gigas
1220 1469 1317 1538 plenus
1331 1468 1502 1539 tortitudine,
1522 1474 1620 1544 piterius
1636 1477 1738 1546 gratia·

83 1558 114 1613 in
131 1559 244 1629 publico
258 1556 458 1623 marrilestaret‚
474 1566 577 1627 quanta
591 1565 673 1627 putas
687 1572 739 1611 ror
753 1557 879 1611 ,exsulta-
929 1568 958 1614 et
968 1560 1093 1625 veritate,
1104 1561 1191 1632 pratia
1204 1561 1328 1617 videlieet
1343 1564 1449 1618 amoris
1467 1573 1495 1619 et
1512 1566 1627 1621 veritate
1644 1568 1725 1623 lorti·

77 1651 171 1708 donis
192 1662 220 1707 et
230 1665 316 1707 sonus
332 1650 469 1720 epulantis
482 1649 665 1704 multitudinis
682 1649 719 1703 illi
732 1649 880 1719 applaude·
931 1650 1045 1717 tudinis,
1059 1651 1150 1708 sciens
1163 1650 1236 1720 quod
1250 1667 1265 1704 a
1279 1649 1333 1707 Deo
1347 1653 1432 1709 exirit
1449 1662 1477 1709 et
1487 1653 1521 1709 ad
1537 1653 1621 1711 ileum
1639 1658 1722 1724 radit,

81 1744 149 1801 reti
162 1741 201 1799 lta
215 1743 345 1799 nimirum
364 1742 411 1799 llei
427 1741 537 1798 Filius«
553 1742 703 1812 pulclrerct
717 1742 845 1806 decorus,
865 1759 874 1792 r
898 1715 917 1770 Β
931 1742 1090 1798 nullatenus
1115 1742 1247 1798 dubitans
1274 1743 1347 1798 nude
1365 1745 1426 1805 iret.
1451 1755 1499 1800 aut
1518 1760 1573 1816 quo
1588 1747 1651 1815 iret,
1667 1766 1723 1803 nun

80 1837 167 1907 entius
181 1855 191 1890 r
207 1836 325 1892 lectulus
336 1836 451 1892 llurielus
468 1834 561 1908 (Ceut.
573 1851 593 1900 r,
609 1835 670 1904 lblr
693 1843 752 1888 erat
762 1832 878 1906 virginis
929 1844 990 1890 crat
1017 1835 1104 1891 tristis
1129 1850 1218 1905 neque
1241 1835 1429 1902 turbulentus,
1449 1838 1495 1892 sed
1517 1839 1663 1894 caratiae-n
1686 1842 1723 1895 ad

80 1937 195 1993 uterus,
220 1926 254 1982 de
284 1927 337 1982 bue
361 1926 420 1995 ipsu
440 1935 530 1992 utero,
559 1925 593 1980 de
623 1925 675 1979 boe
699 1924 760 1994 ipso
780 1923 878 1981 lectulo
928 1926 1088 1981 currendam
1111 1927 1182 1980 riam
1205 1941 1293 1995 suunt,
1309 1927 1381 1982 riam
1398 1931 1555 1999 temporalis
1579 1932 1723 2002 dispensa·

79 2018 185 2076 ilorltlo
203 2028 331 2090 tmrqucnr
358 2018 392 2072 dc
407 2017 527 2072 tbalunro
552 2031 603 2076 suo
628 2015 762 2087 processit
782 2016 878 2072 elarrsu
928 2017 1024 2081 tionis,
1036 2017 1109 2072 riam
1120 2017 1292 2082 obedieutiae,
1304 2033 1358 2089 qna
1373 2021 1490 2074 cuccurrit
1503 2030 1532 2075 nt
1545 2023 1619 2093 piper
1630 2023 1722 2090 tortis,

80 2110 226 2183 pudicitiae
236 2111 379 2182 signaculo
396 2128 404 2165 r
419 2119 545 2181 tunquam
571 2125 683 2182 sponsus
705 2109 736 2164 de
758 2109 878 2164 tlalamo
930 2108 1173 2180 imperturbabilis,
1190 2109 1390 2179 irrevocabilis,
1415 2112 1611 2182 insuperabilis
1625 2133 1657 2171 es
1674 2133 1723 2185 pu·

79 2225 135 2263 rao
159 2206 304 2278 processit,
333 2206 381 2276 qrri
404 2204 437 2261 ad
461 2204 680 2276 conjungendam
707 2201 759 2260 sibi
788 2202 879 2259 Eeelo
929 2202 1014 2258 tentia
1025 2201 1186 2258 divinitatis.
1207 2200 1331 2273 Namque
1354 2203 1412 2273 ipse
1425 2204 1541 2274 geminae
1566 2204 1723 2277 gigassub-

80 2299 156 2356 siam
173 2299 334 2354 incarnatus
348 2295 420 2353 Dens
434 2298 474 2353 de'
484 2297 644 2366 incorrupto
660 2304 738 2351 utero
754 2293 877 2363 liminis
929 2293 1047 2361 stantia,
1076 2292 1140 2348 lieet
1153 2293 1190 2348 sit
1204 2303 1330 2350 mortuns
1342 2310 1376 2349 ex
1391 2294 1572 2353 humanitatis
1593 2298 1729 2354 volunta*

78 2389 180 2446 exirit.
206 2386 284 2444 llane
295 2401 426 2458 sponsam
442 2385 597 2457 speciosam
621 2385 700 2456 quasi
726 2400 809 2440 manu
827 2399 877 2456 ap·
929 2386 971 2440 ria
982 2385 1150 2453 infrunitate,
1165 2397 1256 2442 tamen
1270 2387 1392 2443 surrexit
1403 2387 1507 2443 etririt
1518 2406 1551 2444 ex
1567 2390 1721 2446 divinitate.

79 2481 269 2554 prebendcrat
281 2495 331 2550 per
342 2493 464 2546 carnem,
480 2491 564 2549 quam
581 2477 639 2548 ipse
650 2475 732 2544 Deus,
745 2476 793 2533 bet
808 2475 876 2532 l'er·
929 2475 987 2532 Etsi
1004 2477 1038 2532 ad
1054 2478 1151 2533 buram
1168 2476 1221 2533 luit
1245 2496 1254 2529 r
1271 2477 1357 2534 tristis
1380 2480 1474 2534 arrima
1496 2501 1506 2534 r
1532 2482 1617 2553 ejus«
1635 2501 1723 2555 usque

80 2578 152 2633 bum
167 2575 221 2631 sibi
245 2573 355 2629 unierat
383 2573 411 2627 in
436 2573 497 2642 ipsa
518 2586 569 2627 suo
585 2571 721 2638 tbalamu,
744 2571 791 2626 nbi
815 2585 876 2625 eam
927 2567 963 2624 ad
977 2578 1093 2626 mortem
1104 2567 1215 2640 (lluttlr.
1229 2585 1303 2638 xxm,
1319 2569 1377 2640 58),
1390 2590 1400 2622 r
1414 2581 1505 2627 tamen
1519 2572 1547 2627 in
1558 2575 1655 2645 spiritu
1669 2593 1723 2632 sno

79 2669 229 2727 osculatus
243 2674 286 2722 est
298 2665 396 2723 osculo
411 2660 469 2720 uris'
482 2663 525 2720 sui
539 2663 688 2734 adimpleto
702 2662 763 2733 elus
774 2661 878 2718 deside
928 2662 1073 2719 exsultarit
1083 2664 1118 2719 ad
1129 2666 1289 2718 currendam
1302 2665 1374 2720 rium
1395 2681 1472 2719 suunt
1482 2681 1526 2735 eo,
1543 2667 1616 2724 unde
1639 2685 1723 2727 reue-

80 2764 139 2830 rio,
168 2777 224 2832 quo
248 2760 357 2816 dixerat
375 2757 471 2815 eadem
491 2771 613 2829 sponsa:
646 2755 878 2812 ‹Oserrleturme
929 2762 983 2810 rat.
995 2753 1064 2810 Nam

79 2854 181 2912 osculo
199 2853 256 2910 uris
270 2852 314 2910 sul
327 2849 418 2924 (Cant.
436 2866 455 2918 r,
469 2851 507 2923 l).
531 2868 541 2902 r
569 2848 780 2905 Processionum
795 2848 876 2905 istam
966 2845 1050 2905 Vsus.
1067 2847 1093 2902 7.
1107 2846 1150 2903 dd
1160 2863 1263 2903 suntote
1274 2848 1349 2918 colo,
1364 2848 1391 2904 id
1405 2857 1475 2906 esta
1489 2847 1580 2917 Patre,
1605 2850 1662 2907 lieu
1682 2856 1723 2908 al·

79 2948 180 3020 sponsi
192 2946 274 3020 longa
289 2960 388 3017 pompa
401 2942 541 3016 precessit
557 2942 820 3015 paranymphorum,
836 2942 878 2996 ri·
929 2941 1048 3008 tissime,
1080 2938 1132 2996 luit
1148 2941 1263 3012 eprerrio
1286 2940 1355 3011 ejus,
1378 2941 1490 3011 quando
1511 2943 1594 3000 exirit
1613 2943 1723 3002 aPatre

79 3042 183 3098 delicet
197 3037 416 3111 patriarcharum
431 3048 458 3093 et
472 3038 685 3108 prophetarum
701 3037 781 3107 longa
794 3035 878 3090 nibil·
890 3075 912 3132 C
928 3042 957 3089 et
969 3032 1043 3089 venit
1054 3033 1082 3088 in
1093 3033 1245 3099 mundum,
1261 3041 1287 3088 ct
1305 3048 1430 3089 occurres
1441 3033 1498 3104 ejus
1510 3051 1592 3107 usque
1605 3036 1641 3091 ad
1649 3054 1723 3091 surn-

80 3134 196 3191 onrinus
219 3144 319 3203 ponrpa
335 3129 513 3201 subsequitur
534 3128 686 3184 amicorum
703 3127 808 3198 sponsi,
830 3127 877 3197 qui
932 3141 1004 3179 mum
1017 3124 1085 3194 eius,
1102 3125 1212 3197 quando
1224 3126 1324 3181 iterum
1337 3126 1448 3197 reliquit
1462 3128 1595 3183 mnndum
1620 3131 1722 3187 radens

78 3234 159 3284 stant
171 3234 199 3282 et
220 3223 336 3279 audium
353 3231 380 3277 et
402 3220 522 3292 gaudem
541 3228 653 3290 propter
667 3233 761 3274 recem
785 3218 879 3289 sponsi
931 3215 966 3271 ael
990 3213 1110 3272 Patrem.
1129 3214 1193 3272 luco
1209 3216 1299 3272 sciens
1324 3216 1389 3287 quia
1415 3217 1491 3272 venit
1505 3218 1573 3273 bora
1596 3201 1679 3289 ejus,
1692 3232 1723 3277 ut

79 3318 178 3394 (loun.
190 3332 233 3384 ru,
243 3316 302 3386 lb),
320 3331 352 3371 er
370 3314 471 3387 quibus
482 3312 610 3369 omnibus
623 3312 692 3381 ipsa,
704 3325 766 3382 quae
777 3325 879 3380 sponsa
931 3308 1062 3363 transiret
1075 3323 1109 3364 ex
1123 3308 1291 3364 boemundo
1304 3309 1339 3366 ad
1357 3308 1477 3377 Patrem,
1491 3319 1563 3366 recte
1577 3313 1665 3366 orarit
1680 3314 1723 3367 di·

78 3412 197 3477 dieitur,
213 3414 323 3465 constat
348 3405 481 3463 Ecclesia.
507 3404 578 3460 Cum
602 3418 668 3473 ergo
697 3401 738 3458 sic
760 3416 879 3471 sponsus
929 3402 998 3456 ee'ns
1014 3415 1021 3453 r
1037 3418 1047 3452 r
1063 3397 1189 3455 Claridca
1205 3413 1259 3467 rue,
1275 3397 1367 3466 Pater,
1383 3400 1455 3471 apud
1473 3401 1647 3473 temetipsum
1665 3404 1722 3459 ela-

80 3506 135 3561 iste
145 3502 280 3575 processit
296 3519 305 3552 r
320 3500 347 3555 in
362 3512 429 3554 roee
439 3495 631 3554 exsultationis
643 3503 670 3551 et
684 3492 878 3557 conlcssionis,
931 3491 1022 3557 ritate,
1034 3506 1118 3563 quam
1131 3491 1227 3560 habui,
1241 3490 1402 3562 priusquam
1417 3493 1537 3550 mundus
1554 3504 1628 3550 esset
1648 3496 1736 3565 apud·

80 3608 173 3653 acutis
195 3591 332 3663 epulantis
360 3588 448 3662 (Psoi.
467 3603 523 3654 xm,
539 3587 567 3659 5)
595 3606 606 3640 r
636 3586 767 3657 angelicae
785 3583 879 3639 multi·
930 3591 958 3638 te
972 3580 1065 3654 (leun.
1082 3597 1151 3646 xrn,
1163 3581 1202 3651 5).
1219 3581 1365 3653 »Angelus
1381 3592 1408 3639 et
1427 3583 1563 3650 homines,
1584 3600 1655 3654 quos
1671 3584 1722 3641 Pa·

82 3685 193 3743 tudinis
215 3683 391 3740 auditusest.
415 3678 484 3735 llam
508 3678 556 3734 nbi
573 3676 776 3748 angelusunus
807 3676 879 3730 banc
930 3682 972 3731 ter
992 3673 1021 3729 in
1044 3671 1115 3728 Filio
1138 3673 1313 3741 clarillearlt,
1338 3674 1391 3731 sub
1413 3677 1562 3746 semetipso
1579 3677 1720 3732 eluritleau

82 3778 176 3850 ipsam
191 3774 395 3849 processionem
411 3769 730 3843 pastoribusnuntiarit,
760 3768 880 3825 ‹sulritn
930 3764 1212 3839 lpsumreroFilium
1230 3764 1351 3821 suumin
1372 3766 1525 3822 divinitatis
1540 3767 1627 3822 lormu
1649 3784 1723 3824 sem-

81 3866 382 3938 laetuesteumanpelo
390 3862 538 3921 multitudo
546 3860 878 3919 militiaeeoelestisrexer
930 3859 1107 3930 perclarum,
1120 3858 1207 3914 sedin
1220 3856 1309 3913 torma
1331 3858 1403 3912 serri
1422 3872 1477 3912 nun
1494 3858 1641 3913 habentem
1660 3874 1723 3930 spe·

80 3962 159 4020 citus
172 3958 364 4015 «laudantium
376 3965 403 4013 et
417 3956 567 4012 dicentium
581 3973 588 4010 :
609 3954 704 4010 Gloria
719 3953 746 4007 iu
763 3950 880 4007 excelsis
930 3952 1001 4009 ciem
1017 3966 1107 4021 neque
1115 3950 1241 4006 decorem
1250 3950 1279 4005 in
1293 3965 1343 4005 sua
1357 3949 1509 4017 Passieno,
1523 3952 1563 4006 sie
1574 3948 1653 4007 Pater
1663 3954 1722 4007 ela-

80 4055 142 4112 beo
151 4051 230 4125 (buc.
247 4050 456 4122 inlatumque
467 4045 878 4104 utbuminibusbunisnnaeunr
930 4045 1140 4116 riliearitgloria
1153 4043 1373 4101 Resurrectionis
1387 4054 1414 4100 et
1426 4044 1614 4112 ascensionis,
1626 4056 1654 4101 ut
1664 4047 1722 4115 jam

82 4148 194 4223 augelis
213 4153 286 4204 esset
296 4143 452 4201 eommunis
467 4141 625 4208 exsultatio,
639 4140 800 4210 adjunctum
814 4144 878 4194 est:
931 4154 986 4195 non
998 4138 1051 4195 sub
1066 4138 1137 4209 ipso,
1157 4137 1204 4193 sed
1228 4136 1301 4208 apud
1314 4139 1484 4208 semetipsum
1504 4137 1541 4193 sit
1562 4152 1617 4191 non
1631 4138 1722 4194 solunt

87 4263 100 4300 r
120 4241 351 4309 corrrumpas
367 4234 622 4292 nomirtnusbona
638 4228 878 4303 voluntatislilid.
932 4232 960 4286 in
983 4230 1126 4286 diuinitate
1149 4229 1252 4296 clarus,
1270 4230 1415 4286 sedetiam
1443 4231 1471 4285 in
1488 4230 1660 4287 humanitate
1677 4247 1725 4287 as·

85 4338 160 4409 xrs).
179 4354 190 4390 r
206 4331 277 4402 Quid
293 4328 411 4386 deinde?
423 4326 452 4382 lu
466 4335 541 4382 tanta
562 4323 758 4381 exsultantium
770 4321 880 4392 angelo-
931 4333 1041 4394 sumpta
1063 4323 1230 4379 clarificatus
1244 4323 1338 4379 eadem
1351 4322 1492 4388 claritate,
1507 4336 1590 4393 qnam
1605 4320 1724 4378 terbum

83 4445 150 4487 rum
164 4438 192 4486 et
212 4427 355 4483 bominum
369 4417 543 4494 jucunditate
560 4417 618 4488 ipsc
632 4430 744 4489 quoque
761 4427 880 4485 sponsus
896 4417 918 4473 lt
934 4415 1040 4482 babuit,
1065 4415 1226 4486 priusquam
1253 4413 1374 4471 mondus
1400 4413 1496 4479 lieret,
1522 4412 1596 4484 apud
1621 4412 1723 4483 ipsum,

78 4519 234 4579 amttam
257 4526 287 4572 ut
310 4517 386 4588 piper
399 4514 434 4569 od
446 4509 603 4569 currendum
615 4509 786 4563 uiumsnmn.
811 4501 880 4559 liam
935 4524 990 4563 nou
1004 4507 1056 4565 sub
1081 4508 1153 4579 ipso,
1174 4506 1309 4577 quianon
1336 4507 1428 4562 minor
1440 4515 1483 4562 est
1498 4505 1555 4575 jam
1577 4510 1726 4576 assumptae

86 4600 185 4674 statim
199 4616 225 4669 in
242 4614 300 4685 ipsa
313 4611 416 4666 Natalis
431 4609 474 4664 sui
500 4616 580 4662 noete
597 4603 720 4659 cucurrit
745 4615 794 4672 per
807 4599 880 4656 indi·
933 4601 1115 4657 humanitatis
1136 4615 1221 4672 qnam
1242 4599 1409 4656 assumentis
1424 4596 1505 4654 Verbi
1520 4598 1592 4669 apud
1615 4597 1725 4656 Patrem

84 4716 164 4774 cium
176 4713 271 4777 stettae,
285 4726 347 4781 qua.
357 4708 417 4779 ipso
431 4713 495 4760 nato
509 4716 573 4756 mox
589 4697 733 4768 apparuit;
745 4693 878 4759 cucurrit,
933 4694 1058 4759 claritas,
1071 4693 1127 4748 imo
1145 4707 1260 4763 prorsus
1270 4693 1385 4760 eadem3
1402 4691 1469 4762 quin
1487 4691 1538 4749 iste
1561 4692 1648 4764 gigas,
1662 4692 1728 4750 lieet

83 4806 214 4879 inquam,
230 4817 318 4874 nsque
338 4803 371 4856 arl
393 4806 514 4854 extrema
536 4803 671 4848 terrarum
703 4787 828 4844 credulus
842 4784 882 4841 la·
936 4786 973 4842 sit
992 4786 1108 4859 geminae
1122 4784 1180 4855 jam
1196 4784 1367 4849 substantiae,
1394 4792 1522 4839 manente
1539 4784 1567 4839 in
1587 4799 1727 4840 coessen-

82 4900 169 4959 clens
181 4896 276 4965 liugos
302 4895 329 4950 in
343 4891 455 4948 Oriente
478 4886 593 4959 positos,
618 4881 691 4954 quod
709 4887 790 4935 uatus
807 4885 881 4935 esset
936 4879 994 4935 tiali
1020 4877 1186 4935 discretione
1200 4876 1368 4932 assumentis
1382 4885 1410 4931 et
1434 4885 1584 4947 assumptae
1608 4885 1726 4943 natura,

84 5007 138 5053 rex
161 4988 332 5052 ludaeorum,
363 4984 510 5054 adimpleta
526 4979 680 5052 proplrctia,
704 4990 787 5048 qnam
815 4974 881 5029 olim
935 4980 1084 5028 tamenest
1098 4968 1504 5025 uniusetindirisaeclaritatis
1522 4968 1595 5039 apud
1617 4966 1728 5022 Patrem

84 5080 257 5159 predixerat
271 5079 383 5136 Balaam
393 5079 515 5148 ipsorum
530 5073 660 5147 propbeta
678 5090 685 5126 ε
704 5088 714 5122 r
733 5067 854 5133 Orietur,
870 5085 880 5119 r
936 5077 1086 5129 summum,
1100 5060 1165 5132 quia
1179 5060 1458 5131 occurauscjusrsque
1473 5060 1508 5113 ad
1518 5057 1726 5125 summumcjns.

84 5173 191 5246 inquit,
219 5171 327 5227 estella
353 5168 496 5233 ealacob,
520 5176 547 5222 et
565 5170 713 5234 consurget
737 5160 820 5215 bomo
847 5158 882 5215 de
937 5153 1081 5212 Summam
1108 5152 1243 5226 siquidem
1260 5153 1393 5225 gloriam,
1419 5166 1501 5222 quam
1533 5150 1560 5205 in
1587 5148 1729 5205 diuinitate

84 5264 187 5330 lsrael,
216 5277 243 5319 et
267 5261 422 5331 conirinpet
448 5274 544 5315 onrnes
563 5258 647 5315 duces
672 5254 761 5321 lloab,
791 5252 884 5309 eterit
937 5241 1728 5320 semperlrabuit,suaequoquebomanitati(lll,plcnis·

84 5358 213 5417 Idumam
237 5354 379 5428 possessio
404 5354 464 5426 ejus
484 5351 580 5424 (alnao.
598 5365 672 5416 stur,
692 5348 725 5403 ll
746 5355 776 5401 et
794 5344 880 5414 ld).r
936 5342 1007 5398 sime
1031 5340 1151 5398 obtinuit
1168 5355 1229 5397 ¹rron
1255 5341 1307 5397 sub
1327 5338 1418 5404 Patre,
1442 5335 1489 5391 sed
1513 5334 1586 5406 apud
1609 5333 1727 5389 Patrem.

85 5448 215 5507 Currum
235 5462 377 5521 ergocnm
394 5444 555 5509 muneribus
571 5441 641 5514 llagi
659 5441 693 5498 ad
708 5439 813 5513 regales
828 5453 883 5492 nu·
936 5433 1013 5493 Unde
1052 5434 1091 5490 illi
1125 5432 1240 5494 fideliter
1272 5431 1413 5505 hymnizat
1448 5426 1569 5485 Ecclesia
1602 5426 1728 5493 dicens:

127 5642 186 5716 (tt)
197 5641 278 5697 Addit
286 5639 342 5695 aliu
351 5656 457 5706 runicus,
465 5638 533 5708 forte
541 5654 591 5694 non
601 5637 668 5693 nillil
681 5634 938 5695 recentior:scilicet
951 5634 1055 5692 lruminl
1072 5643 1223 5721 assumpta,

251 5779 387 5839 Parnes,
406 5774 539 5839 cxtttt.
