3817 6000
168 188 240 244 {725
649 185 801 243 teudulfi
821 184 1018 247 buurcstst
1039 190 1313 252 tttllcttbttst‘ltttc.
1729 202 1799 258 titt

169 301 260 356 fractu
289 297 450 367 fecundati,
476 298 606 357 serdibus
619 312 717 358 eurem
736 311 763 357 et
788 302 958 360 sterilitatem
974 312 997 367 Α
1012 319 1094 377 atque
1122 309 1150 363 in
1174 313 1285 367 niodum
1300 313 1431 370 torrentis
1447 314 1481 369 de
1495 303 1657 369 altomonte
1671 317 1799 387 praecipi-

168 401 276 448 ⁰³le¹¹10
1011 418 1101 465 tanter
1114 409 1259 473 currentis,
1274 417 1301 465 et
1315 424 1430 479 quaeque
1444 407 1555 463 mobilia
1569 407 1596 461 in
1608 425 1638 464 se
1652 409 1798 478 trahentis;

204 480 280 536 liettf
300 496 382 551 qnam
397 480 572 550 multisunt,
595 483 641 554 qni
658 484 725 540 tales
750 484 845 540 dentes
857 484 959 540 haltere
1012 502 1064 572 ψῃ
1079 517 1191 572 quoque
1211 501 1364 572 pfaecppqes
1380 502 1415 556 qq
1429 500 1484 555 3110
1499 499 1625 556 guagonis
1640 498 1667 554 tn
1683 500 1801 571 profan.

87 620 92 631 .
169 574 277 640 nolunt,
292 583 319 628 et
333 574 406 643 quod
421 574 499 645 pejus
511 584 565 641 est,
576 584 658 645 prout
672 575 962 647 raicot,eonfringm.t
1011 593 1076 649 dum
1095 594 1257 664 pemmonis
1279 603 1414 659 cussum,
1433 604 1461 650 eg
1483 610 1555 666 quos
1579 604 1716 665 pomp,
1744 610 1802 651 „m

169 667 253 722 ctiam
270 666 366 723 dentes
391 667 570 736 frojusmotli,
587 677 619 727 ut
643 667 768 723 fecerunt
795 669 961 740 lapidatores
1012 700 1105 742 seeum
1121 686 1242 740 tragum,
1270 683 1522 741 gedeonqemqoenqp
1538 694 1565 740 01
1585 685 1730 756 app-qum
1753 685 1802 740 dg,

170 756 243 811 beati
258 755 400 828 Stephani.
433 756 486 812 Seri
500 773 533 812 ex
549 774 664 811 numero
679 758 774 812 taliom
799 758 959 830 segregatis,
1012 768 1130 834 cqnahgj
1144 787 1210 834 sung
1231 778 1393 849 usquedum
1408 787 1560 846 mmmm,
1584 778 1649 849 quq,
1675 791 1732 832 no„
1753 777 1800 832 qq„

169 856 197 902 et
220 848 368 904 salubriter
390 849 516 909 contritis
538 850 677 920 aliquibus
701 867 749 921 per
777 852 960 922 ignorantiam
1011 870 1122 933 duram·
1139 871 1286 940 imoquasq
1306 878 1443 927 “memes
1457 869 1491 925 (ιθ
1516 872 1597 941 aquis
1619 867 1758 924 „qpqqfflug
1773 877 1801 923 ς,

170 942 362 1009 peccantibus,
374 950 403 995 ut
415 940 527 1007 Satrius,
546 941 614 996 Deus
629 952 743 1001 totelenei.
761 944 850 998 denica
870 959 961 997 current
1013 960 1179 1016 qgemapqffls
1191 961 1405 1016 qmumescenges
1424 961 1479 1015 eqo
1494 960 1803 1030 aesqagepwppnqugnge

171 1035 199 1086 in
214 1049 258 1088 ore
273 1033 401 1103 ipserum,
414 1035 478 1105 quia
490 1036 570 1089 rerba
585 1036 772 1094 rttottiacitutis
784 1037 811 1095 ‘ut
823 1036 886 1093 doio
899 1053 963 1107 pro-
1013 1055 1149 1121 ggchgm,
1165 1064 1193 1110 eg
1215 1055 1250 1109 ag
1272 1056 1385 1109 ,25qu
1410 1054 1557 1110 gegegggm·
1576 1052 1714 1110 ttepgcqef
1725 1054 1802 1107 enim

172 1124 226 1179 ¹³¹²
252 1132 281 1179 0‘
304 1124 433 1181 diniibus
460 1128 632 1192 ³⁵⁸i¹¹¹i¹³¹³r
658 1130 778 1184 cassabit
792 1129 892 1184 liliis
907 1144 963 1183 ⁰⁰¹¹
1014 1147 1103 1202 iricius
1117 1148 1233 1202 transiet
1247 1155 1274 1202 ct
1294 1147 1419 1210 recedet,
1442 1145 1578 1214 floresque
1588 1144 1760 1216 apparebunt
1773 1151 1802 1198 ct

173 1226 329 1287 utcunque,
350 1218 397 1272 seli
412 1221 438 1273 ill
454 1235 497 1272 ore
513 1220 642 1291 ii’iffl'l‘mr
662 1221 687 1279 ill
703 1231 745 1277 ⁰⁵¹
757 1222 880 1292 propriis,
890 1221 963 1291 ipso-
1015 1241 1101 1295 rhaeae
1114 1240 1243 1295 florentes
1258 1238 1370 1294 odorem
1385 1237 1499 1293 dabunt.
1524 1236 1644 1308 Oquam
1660 1236 1725 1291 mali
1740 1251 1803 1290 esse

173 1321 235 1362 rum
249 1308 342 1364 veritis
355 1309 466 1379 capiens
481 1324 529 1366 ecs
543 1329 550 1364 z
565 1312 640 1366 reon
656 1311 758 1380 gratia,
769 1312 897 1366 volebant
915 1309 963 1365 Jo-
1014 1332 1192 1389 qnsqnuamup
1215 1331 1262 1402 quq
1288 1340 1330 1387 ιο,
1346 1330 1427 1386 matis
1442 1338 1647 1400 comparantur,
1663 1329 1729 1383 dum
1744 1343 1803 1383 ser·

172 1400 366 1471 ‹laceratiquarn
382 1402 491 1471 aspides
505 1402 630 1458 mordere
650 1403 791 1460 Christum
808 1403 963 1460 incantato·

173 1504 231 1544 rem
245 1507 326 1546 srrrna
339 1508 354 1547 e
367 1492 469 1547 hortum
482 1493 574 1549 uerbis
584 1493 724 1549 insidiosis
737 1494 854 1550 dicendo
866 1512 893 1549 :r
908 1492 965 1547 ida-

173 1584 267 1652 gister,
280 1585 383 1641 scimus
395 1587 460 1656 quia
474 1603 558 1642 verax
575 1602 618 1652 es,
651 1597 677 1643 ct
695 1588 767 1642 riam
783 1587 829 1643 liei
846 1588 874 1643 in
891 1591 965 1644 reri-

173 1686 230 1733 tate
254 1678 355 1747 doees;
371 1677 435 1735 licet
458 1695 573 1737 cerasum
587 1681 653 1736 dare
676 1680 791 1749 Caesari,
814 1698 848 1737 au
864 1683 964 1737 nont»

176 1769 284 1840 (flatile.
301 1787 378 1839 ιιιι,
400 1771 450 1837 fii,
467 1771 523 1843 ii.)
552 1772 622 1829 Ecce
652 1774 748 1830 detrtcs
776 1790 831 1831 non
855 1775 967 1846 quidem

175 1877 225 1935 per
239 1873 361 1933 apertam
382 1865 533 1937 nequitiam
548 1867 622 1921 velut
642 1868 732 1937 marim
750 1883 783 1923 cx
800 1883 847 1923 ore
860 1868 965 1938 promi·

176 1963 283 2021 ιιειειεε,
299 1963 419 2011 attamen
433 1958 461 2013 in
476 1973 521 2010 ore
536 1957 654 2025 ipecnmt
677 1956 793 2012 latenter
811 1972 873 2012 sese
898 1957 970 2013 inri-

176 2064 235 2104 eem
247 2059 377 2105 acuentes
390 2049 424 2105 ad
439 2064 561 2107 euersum
576 2050 646 2105 inter
660 2052 784 2111 osculum
798 2052 968 2111 simulatum.

177 2140 248 2208 Quid
260 2143 294 2197 ad
313 2144 371 2221 frate
387 2141 512 2198 Veritas?
530 2137 629 2214 Utique
642 2144 841 2199 tlentcscortnn
864 2148 969 2202 eorrtri-

178 2237 218 2290 rit
236 2236 263 2291 iu
275 2250 324 2290 ore
336 2236 470 2306 ipsorum,
486 2235 551 2291 dum
564 2237 653 2307 cmrgit
667 2251 717 2292 eos
732 2245 827 2292 eontra
853 2253 883 2293 se
903 2254 969 2309 pro·

175 2329 252 2405 ferre
277 2328 452 2383 sententiam.
479 2327 617 2395 Quaerenti
643 2328 716 2384 enim
733 2330 813 2400 eujus
838 2330 929 2401 imago
943 2340 971 2389 et

178 2419 374 2492 superscriptio
387 2430 460 2477 esset
471 2421 498 2476 in
511 2422 635 2490 denario,
650 2423 871 2493 responderunt:
886 2421 970 2479 ‹Cae-

179 2514 261 2570 saris.
277 2532 286 2566 ι
304 2512 338 2568 Et
350 2514 390 2571 sic
404 2515 530 2571 corruitis
543 2514 688 2571 calumniae
703 2517 834 2571 dentibus
845 2515 938 2571 intulit
960 2533 967 2571 ε

182 2627 192 2658 r
210 2605 323 2663 Reddite
335 2622 401 2678 ergo
423 2624 486 2680 quae
509 2615 575 2664 sunt
593 2607 711 2665 Caesaris
722 2608 836 2675 (laseri,
858 2619 886 2665 et
903 2627 967 2682 quae

982 1637 1033 1721 Bq

1014 1429 1088 1499 penti
1103 1436 1131 1483 et
1144 1427 1231 1497 aspidi
1252 1442 1285 1482 ae
1301 1426 1417 1483 leonina
1431 1425 1575 1493 ferocitati,
1593 1425 1731 1496 simulque
1747 1432 1803 1478 tor·

1016 1528 1085 1582 renti
1113 1524 1147 1580 ad
1171 1522 1287 1579 nihilum
1313 1521 1465 1578 devenienti
1494 1518 1701 1578 assimilantur!
1735 1515 1808 1573 Eto

1037 1634 1099 1675 tram
1123 1617 1188 1673 boni
1213 1623 1324 1673 econtra
1340 1621 1490 1680 notantur,
1508 1614 1555 1683 qui
1571 1627 1619 1682 per
1634 1609 1701 1667 tales
1719 1618 1747 1665 et
1764 1619 1806 1668 tot

1020 1715 1178 1779 serpentes,
1204 1707 1333 1778 aspides,
1367 1706 1461 1761 leones
1488 1714 1516 1759 et
1545 1712 1681 1759 torrentes
1708 1702 1807 1773 purili-

1020 1804 1130 1861 cantur!

1055 1883 1170 1954 Propter
1188 1896 1259 1952 quos
1287 1880 1369 1937 etiarn
1394 1876 1579 1948 purificandos
1595 1884 1623 1931 et
1638 1875 1809 1931 exercendos

1020 1975 1177 2047 aliquandiu
1191 1975 1309 2030 sustinet
1323 1988 1370 2028 eos
1387 1970 1540 2035 Dominus,
1565 1970 1613 2041 qni
1628 1985 1677 2024 eos
1692 1983 1746 2022 nou
1764 1969 1807 2023 ei·

1021 2075 1050 2123 to
1077 2064 1151 2132 feeit,
1171 2065 1219 2123 scd
1241 2071 1403 2136 exspectans
1425 2077 1521 2118 eorum
1539 2061 1759 2125 cornersiouem,
1780 2072 1809 2115 rt

1021 2159 1138 2214 afiorum
1160 2172 1209 2227 per
1224 2157 1300 2226 ipsos
1325 2171 1408 2226 agens
1425 2154 1641 2225 purificationem
1668 2169 1730 2209 cum
1755 2153 1808 2206 ali·

1021 2259 1123 2322 quanta
1140 2266 1216 2305 mora
1231 2249 1343 2303 intendit
1359 2264 1450 2302 arcum
1469 2263 1565 2312 suurn,
1584 2245 1709 2301 videficet
1733 2261 1811 2300 com-

1021 2343 1152 2399 minando
1172 2351 1198 2398 et
1215 2340 1342 2397 terrendo
1360 2356 1418 2407 eos,
1434 2339 1516 2394 detrec
1530 2339 1708 2408 infirmarer,
1722 2351 1752 2392 ut
1767 2337 1811 2391 iu·

1023 2435 1150 2491 scrutatus
1165 2442 1208 2489 est
1220 2433 1265 2488 ille
1276 2433 1452 2504 phreneticus
1465 2433 1492 2486 in
1509 2448 1557 2487 sna
1572 2431 1698 2502 phrenesi
1713 2429 1812 2486 fortis·

1022 2527 1119 2595 straus,
1134 2528 1181 2598 qui
1195 2527 1302 2582 tandem
1317 2526 1433 2582 sanitate
1454 2524 1600 2580 accedente
1617 2523 1686 2579 dixit
1703 2543 1711 2577 z
1728 2542 1739 2575 ι
1758 2521 1812 2577 De·

1022 2620 1107 2688 minc,
1122 2620 1187 2692 quid
1200 2635 1245 2675 me
1258 2619 1301 2675 sis
1315 2617 1404 2675 faeere
1416 2617 1488 2688 (det.
1504 2634 1543 2683 ιι,
1557 2617 1595 2683 6).
1614 2636 1624 2670 a
1641 2616 1712 2673 Eece
1731 2617 1813 2682 quasi

180 2701 306 2757 sontllei
323 2701 497 2776 Deo(t'bt'd.).
513 2722 523 2756 t
538 2701 721 2760 itanimirum
740 2705 768 2758 in
793 2721 838 2759 ore
852 2707 972 2775 iptorum
1022 2713 1143 2780 amissis,
1164 2713 1221 2769 imo
1238 2712 1427 2769 perenmissis
1447 2711 1565 2783 propriis
1578 2711 1684 2767 viribus
1707 2712 1814 2766 clamat

180 2802 253 2859 Deus
272 2812 389 2859 conteret
409 2804 615 2870 denimentis,
636 2803 768 2860 subdolas
786 2805 914 2861 videficet
924 2806 972 2861 de·
1022 2815 1145 2880 aegrotus
1156 2805 1191 2862 ad
1205 2805 1340 2862 medicum
1355 2804 1469 2875 cupiens
1481 2804 1585 2861 erudiri
1598 2847 1607 2870 ,
1621 2803 1686 2875 quid
1701 2803 1755 2859 sibi
1773 2803 1818 2858 fa-

181 2897 324 2969 eeptiones
343 2906 371 2952 et
392 2896 536 2963 laesiones,
557 2912 627 2968 quas
640 2897 793 2954 moliuntur
806 2906 839 2955 ut
861 2899 973 2969 aspidas
1022 2902 1162 2968 ciendum,
1176 2901 1278 2972 quidve
1292 2900 1328 2956 sit
1340 2899 1493 2955 uitandum.
1505 2897 1634 2956 Libenter
1649 2898 1734 2969 igitur
1755 2898 1815 2970 gfo-

180 3005 288 3046 verrano
301 2988 484 3055 abundantes,
497 3004 554 3045 non
568 2988 696 3046 hahendo
709 2997 801 3048 umen
821 2990 894 3048 ures
907 2991 1007 3068 hulcq
1022 2996 1146 3054 rtatatar
1159 2995 1188 3051 tn
1202 2992 1407 3051 enormitatibus
1420 2993 1489 3060 sats,
1500 2992 1544 3049 ert
1557 2991 1643 3048 virtus
1657 2991 1683 3046 tn
1696 2990 1816 3047 erasme

181 3097 291 3137 verrerro
305 3097 395 3152 pares.
410 3079 445 3136 m
457 3097 523 3137 vero
536 3096 599 3138 cum
610 3082 764 3139 virulentia
784 3099 890 3155 magnae
900 3084 973 3141 uires
1023 3095 1079 3143 tate
1094 3085 1297 3158 perhciebatnr,
1309 3101 1391 3157 quem
1407 3084 1430 3141 si
1448 3084 1583 3141 Dominus
1597 3084 1624 3140 in
1645 3083 1819 3154 lapidatione

186 3189 293 3246 maguae
308 3183 468 3246 suppetunt,
481 3174 539 3246 iam
555 3189 610 3230 non
624 3182 655 3230 ut
679 3175 788 3247 aspides
811 3192 844 3232 ac
862 3191 975 3248 serpen-
1025 3176 1157 3248 Stephani
1172 3185 1200 3233 et
1218 3176 1340 3232 cedibus
1355 3175 1472 3231 aliorum
1488 3174 1684 3243 discipolorum
1699 3175 1818 3230 saeviera-

187 3276 229 3323 tcs
243 3267 508 3338 emittuutsibilurn,
524 3268 571 3324 sed
584 3276 615 3323 ut
628 3268 901 3342 leonesampiilieant
925 3287 975 3327 ru·
1025 3279 1080 3326 tem
1111 3268 1302 3340 percussisset,
1319 3283 1373 3323 non
1396 3268 1430 3322 de
1444 3265 1528 3322 Saule
1551 3265 1665 3322 Paulam
1692 3265 1817 3322 fecisset

184 3359 287 3430 gitum,
301 3359 380 3416 serbi
394 3360 482 3430 gratia
498 3359 621 3417 dieentes
636 3378 643 3415 ε
660 3379 669 3412 r
688 3361 762 3418 lleus
775 3371 818 3418 cst
838 3364 973 3421 mortis.»
1026 3362 1111 3429 Quem
1125 3372 1155 3418 ut
1168 3362 1279 3429 faceret,
1295 3376 1351 3417 non
1364 3361 1420 3417 cito
1431 3361 1577 3432 percussit,
1596 3360 1643 3416 sed
1660 3375 1725 3414 curn
1739 3377 1820 3416 mera

184 3450 252 3508 item
268 3470 276 3507 a
292 3471 302 3505 ι
319 3450 348 3507 Si
364 3452 437 3507 fruare
454 3451 587 3519 dimittis,
600 3467 654 3506 nou
668 3467 699 3508 cs
717 3451 823 3510 amicus
837 3453 975 3512 Caesaris:
1027 3457 1137 3513 tetendit
1151 3473 1243 3512 ercam
1256 3473 1345 3523 suum,
1358 3455 1446 3512 donce
1459 3454 1654 3520 infirmaretur,
1669 3461 1700 3508 et
1719 3454 1748 3508 in
1760 3453 1820 3524 ipss

186 3542 277 3599 otonis
289 3543 363 3598 eninr
378 3543 423 3613 qui
440 3557 470 3598 se
483 3557 574 3614 regem
594 3540 660 3597 facit
687 3544 851 3601 contradicit
873 3544 977 3601 Caesari
1027 3548 1186 3606 infirmitate
1211 3548 1300 3604 uirtus
1326 3546 1512 3618 perficeretur.
1539 3546 1567 3601 ld
1584 3546 1673 3616 ipsum
1699 3545 1768 3601 facit
1793 3549 1819 3601 in

187 3636 281 3707 (loon.
295 3652 352 3701 ιιι,
370 3636 426 3705 ta).
446 3655 455 3688 r
478 3633 693 3704 Taliadiecndo,
708 3644 736 3692 et
755 3636 797 3693 sic
817 3634 918 3693 Caesari
934 3636 977 3693 fa·
1027 3640 1089 3697 aliis
1103 3640 1193 3697 eirlem
1213 3638 1300 3695 Paulo
1321 3638 1468 3701 similibus,
1484 3653 1533 3708 per
1547 3635 1731 3708 ignorantiam
1759 3653 1822 3707 pce

186 3729 275 3785 vendo
287 3744 379 3786 coram
392 3727 535 3797 subjudice
545 3728 633 3800 ipsius
642 3726 741 3794 Pilato,
762 3742 825 3783 curn
837 3728 912 3784 rabie
924 3728 979 3784 leo-
1028 3733 1168 3799 cantibus,
1186 3748 1236 3789 nec
1257 3741 1348 3788 taraco
1362 3740 1472 3800 peccata
1488 3746 1538 3785 soa
1562 3744 1609 3800 per
1632 3727 1821 3799 ignorantiam

187 3822 254 3877 nina
268 3822 363 3878 dentes
378 3822 488 3892 prrtidos
501 3820 674 3877 exercebant.
699 3820 753 3877 Sco
773 3821 857 3875 malm
872 3821 979 3876 iconum
1028 3824 1237 3892 excusantibus,
1262 3823 1320 3879 imo
1335 3838 1397 3879 cum
1416 3822 1512 3877 eodem
1530 3818 1615 3875 Paulo
1643 3820 1824 3875 vehementer

189 3915 319 3986 confregit
330 3914 472 3980 boiariam,
490 3912 556 3969 dum
572 3912 978 3983 resurrexitamortuis,quem
1030 3935 1060 3974 se
1073 3918 1267 3975 accusantibus
1285 3926 1313 3974 ct
1326 3915 1374 3972 bet
1391 3916 1523 3988 gratiam,
1550 3929 1602 3985 qua
1619 3912 1823 3985 justificantur,

189 4006 379 4062 clamaverunt
402 4018 463 4059 csse
487 4020 563 4059 reum
589 4004 695 4060 mortis.
713 4003 791 4060 Sicut
807 4013 886 4072 tone,
902 4005 938 4059 ita
952 4012 981 4060 et
1029 4011 1215 4066 laridantibus.
1233 4009 1286 4078 Qui
1296 4026 1363 4065 vero
1378 4025 1440 4066 cum
1453 4009 1510 4065 sint
1525 4006 1609 4062 fortes
1621 4006 1650 4060 in
1665 4007 1754 4068 malo,
1773 4023 1825 4060 no-

190 4116 266 4155 nune
280 4097 396 4169 frangit,
412 4107 439 4152 ει
450 4112 558 4167 semper
572 4112 660 4166 usquc
673 4096 700 4150 in
714 4096 795 4152 linem
819 4112 867 4153 seu
891 4098 979 4158 rieto-
1029 4103 1090 4157 lunt
1111 4101 1260 4158 salubriter
1273 4100 1419 4168 infirmari,
1434 4099 1544 4155 tandem
1566 4112 1659 4153 eoram
1676 4097 1732 4152 isto
1749 4096 1826 4171 Rege

188 4192 272 4258 riam,
284 4190 362 4248 titulo
376 4198 555 4261 praenotatam
570 4198 684 4244 conteret
703 4190 792 4245 delites
814 4190 940 4262 aspidum
953 4200 981 4247 et
1029 4193 1198 4261 ludaeorum,
1213 4192 1293 4263 errius
1310 4201 1410 4263 negant
1426 4193 1549 4256 titulum,

189 4283 387 4339 tuolarlecnum
396 4283 552 4354 confringet.
563 4282 652 4353 Atque
661 4281 721 4353 ipsc
732 4296 779 4338 eos
788 4281 981 4354 coisfringentc
1065 4284 1149 4342 i'eas.
1176 4286 1203 4341 9.
1233 4284 1308 4341 Sicut
1331 4302 1392 4340 cera
1421 4302 1481 4356 qrroe
1494 4286 1566 4355 risit,
1581 4287 1753 4357 auferentur,
1768 4285 1828 4357 ipse

190 4386 234 4441 rel
249 4391 449 4442 contemnente.
785 4456 788 4460 ¹
999 4375 1172 4451 Djrrdicante
1183 4381 1313 4436 saeculurn
1327 4395 1377 4451 per
1391 4378 1491 4451 ignem.
1515 4376 1594 4434 lusto
1616 4394 1740 4450 namque
1754 4378 1829 4448 judi·

229 4476 314 4532 Vsus.
327 4474 356 4530 8.
373 4475 416 4529 Ad
429 4473 542 4529 nifriium
563 4473 698 4529 decernent
712 4480 839 4544 tanquam
851 4487 920 4545 aqua
933 4473 981 4527 de·
1034 4478 1077 4533 cio
1090 4475 1265 4547 supercecidit
1289 4475 1368 4545 ignis,
1383 4482 1408 4528 ει
1421 4490 1473 4528 non
1485 4473 1605 4529 viderunt
1622 4471 1719 4538 aciem,
1743 4473 1774 4528 iti
1790 4479 1829 4527 est

193 4588 323 4636 merens,
348 4570 413 4626 dum
438 4577 487 4625 aut
511 4567 657 4625 salubriter
679 4567 788 4623 contriti
806 4578 833 4624 ει
849 4567 983 4625 confracti
1034 4570 1139 4641 absque
1161 4568 1262 4635 dubio,
1279 4568 1352 4639 quod
1380 4567 1458 4639 quasi
1482 4566 1648 4638 praeteritum
1676 4567 1828 4628 annuntie,

194 4664 335 4720 habebunt
349 4678 398 4720 cor
413 4662 562 4720 contritum
581 4670 610 4715 ut
638 4658 740 4716 Saulm
761 4660 853 4716 diuino
879 4670 984 4716 terrore
1035 4663 1088 4720 erit
1101 4662 1243 4729 futurum,
1259 4671 1290 4717 ut
1306 4660 1386 4717 cadat
1408 4675 1491 4730 snper
1514 4674 1562 4715 ecs
1591 4658 1664 4728 ignis
1687 4658 1829 4727 pecualis.

194 4758 365 4825 cortfraetus,
383 4773 439 4829 quo
456 4758 538 4814 etiam
560 4765 666 4812 terrore
678 4756 712 4811 ad
725 4755 840 4811 nihilum
856 4754 985 4811 redactus
1034 4764 1062 4810 et
1075 4770 1130 4810 noo
1150 4753 1261 4809 rideant
1279 4753 1376 4818 solem,
1392 4752 1492 4822 quihus
1507 4751 1534 4807 in
1553 4749 1682 4821 prasenti
1702 4750 1764 4805 rita
1785 4767 1829 4806 ει-

195 4860 240 4909 εει
254 4858 415 4923 persecutor
427 4849 539 4915 Saulus,
555 4857 582 4905 et
597 4848 679 4921 coepit
690 4848 782 4905 vivere
802 4848 914 4905 Paulus.
930 4846 986 4903 Atat
1035 4846 1177 4918 peroccidit
1189 4846 1258 4917 ignis
1278 4844 1518 4915 eoncupiscentia,
1533 4841 1685 4914 superbiae,
1702 4840 1768 4908 irae,
1792 4843 1818 4896 ia

195 4954 270 5002 certe
283 4943 426 5016 poenaliter
435 4942 579 4999 contritiet
592 4941 726 4998 confracti
737 4940 772 4996 cd
784 4941 897 4995 nifrilrrm
910 4940 986 4994 deae·
1036 4937 1118 4996 vidiae
1147 4938 1320 5008 aliorumque
1346 4936 1487 5000 atriorum,
1511 4935 1624 4991 etintcr
1648 4933 1710 4989 bec
1736 4944 1831 4990 mu

197 5040 281 5103 nient,
298 5052 354 5093 non
370 5045 401 5092 ut
423 5050 559 5105 nusquam
574 5035 640 5101 sint,
655 5033 703 5091 sed
725 5043 755 5090 ut
776 5048 911 5104 nusquam
935 5032 986 5087 ob·
1037 5043 1188 5104 spontanea
1201 5032 1322 5086 caecitate
1338 5045 1370 5084 ac
1388 5028 1513 5085 nolentes
1529 5026 1681 5096 intelligere
1705 5035 1740 5081 ut
1764 5026 1833 5081 hese

197 5131 265 5197 sint,
283 5130 325 5185 rei
338 5128 436 5184 obesse
450 5126 557 5198 possint
577 5125 608 5180 in
624 5139 710 5197 regno
724 5125 798 5197 regis
818 5122 986 5190 iudeorum,
1038 5132 1160 5196 agerent,
1176 5123 1320 5195 magisque
1333 5121 1478 5191 diligentes
1493 5119 1619 5174 tenebras
1633 5133 1720 5188 quam
1740 5116 1833 5172 lucen

198 5224 279 5291 cuius
300 5222 368 5278 inse
383 5235 436 5276 non
450 5219 585 5290 recipiunt
598 5217 723 5283 titulum;
740 5216 781 5273 rel
797 5216 820 5272 si
835 5217 987 5287 recipiunt,
1038 5234 1089 5272 mn
1103 5217 1224 5272 ciderunt
1239 5216 1338 5282 solem,
1363 5213 1443 5270 illum
1455 5212 1581 5268 uidelicet
1602 5210 1685 5265 selem
1696 5210 1835 5279 jutitie,

199 5331 255 5373 non
269 5314 329 5386 rjus
343 5315 463 5370 retinent
475 5312 694 5382 inscriptionem,
712 5309 784 5366 sic'ut
798 5324 848 5364 nec
861 5323 932 5379 aqna
943 5323 989 5364 re·
1039 5312 1073 5367 de
1088 5326 1144 5383 quo
1161 5310 1261 5367 dicturi
1275 5318 1340 5366 sunt
1352 5307 1380 5363 in
1400 5305 1490 5379 poenis
1510 5323 1517 5360 ι
1538 5324 1548 5357 ι
1565 5301 1731 5359 Erratimus
1741 5303 1780 5360 de
1791 5302 1836 5356 ria

200 5410 271 5465 tinet
295 5407 417 5477 aliquam
437 5403 643 5473 inscriptionem
656 5411 766 5472 propter
778 5400 820 5457 sui
835 5400 987 5455 mollitiem.
1039 5405 1172 5471 ueritatis,
1190 5412 1219 5460 et
1232 5401 1274 5459 sol
1286 5400 1401 5473 justitiae
1421 5415 1477 5456 non
1503 5397 1572 5454 luxit
1591 5395 1672 5454 nobis
1698 5393 1786 5468 (sq.
1810 5413 1838 5456 s.

200 5496 311 5554 ideoad
332 5496 446 5552 reifriium
465 5496 598 5551 devenient
611 5504 737 5566 tanquam
752 5510 823 5566 equo
838 5494 989 5549 decurrens.
1040 5497 1080 5567 6).
1099 5516 1109 5550 r
1127 5494 1406 5566 Superhuncloeum
1421 5492 1517 5548 heatus
1537 5488 1688 5560 Gregorius
1703 5487 1783 5546 dicit
1811 5488 1841 5546 iu

201 5592 253 5647 Coi
275 5599 349 5650 reete
369 5590 556 5646 assimilantur
573 5599 703 5645 sonantes
716 5589 750 5645 ad
763 5603 829 5645 sara
844 5588 989 5659 superbia,
1039 5590 1091 5649 tob
1107 5588 1181 5661 (ta-t)
1202 5608 1208 5646 :
1226 5586 1325 5661 cignis
1346 5601 1428 5659 super
1442 5584 1542 5657 impios
1556 5583 1628 5641 cadit
1643 5583 1693 5640 sed
1711 5583 1761 5643 sol
1776 5583 1843 5656 ἰςιε

240 5701 314 5772 (lbi)
333 5701 363 5757 S.
374 5699 455 5773 Gurg.
467 5700 515 5768 ll.,
532 5702 578 5758 lib.
598 5719 623 5758 ιι
636 5701 744 5771 itcrat,
757 5719 817 5774 cap.
833 5702 877 5757 dli.
