3817 6000
213 213 284 271 ibib

692 206 845 266 tennerit
864 200 1063 263 PRAEPOSl‘l'l
1082 204 1358 264 attenuemus.

1767 208 1852 270 1380

210 328 285 401 quod
299 327 435 386 Ezechieli
455 327 626 405 dictumest,
643 327 711 384 milri
730 343 841 399 queque
864 337 1003 398 uteunque
1017 338 1039 394 Α
1055 325 1103 384 sed
1116 325 1144 380 iu
1159 326 1342 391 meditatione,
1365 298 1393 380 id
1416 335 1469 393 est,
1496 343 1530 383 es
1554 328 1671 385 consilio
1696 329 1854 401 prudenter

211 421 266 478 dici
280 422 408 480 convenit
421 439 429 476 ι
449 422 484 478 lit
497 434 537 492 ιιι,
548 422 590 493 uli
603 422 796 488 ltomirtis,eccc
806 421 942 475 dotarunt
957 437 1003 473 ιιι-

210 529 258 584 par
283 524 307 567 te
336 512 440 567 airrcala
452 529 463 577 ;
490 512 861 582 tantundemtatutndem
884 498 1003 583 linguam

212 614 285 658 taam
297 603 389 674 palato
409 616 466 671 too,
480 614 506 659 ct
517 606 569 660 cris
584 615 685 672 ortatus,
699 620 746 659 nec
761 612 838 675 quasi
855 605 896 658 air
910 605 1004 674 objur-

210 710 287 765 gans,
300 696 363 766 quia
374 695 468 749 dantus
483 711 642 766 exasperans
652 706 690 750 cst
700 694 808 767 (Eaeclt.
818 695 1001 767 erudienti).

211 789 338 843 Attamen
368 805 492 845 veracem
515 805 575 846 esse
594 790 686 856 didici,
710 789 732 843 si
747 788 874 843 virtutem
898 789 1003 845 discre-

211 880 295 936 tionis
309 880 460 948 habuisset,
485 882 604 936 amieuru
627 874 698 936 beati
711 879 773 945 lob,
788 880 834 961 ubi
848 880 916 955 dixit
929 899 936 935 :
951 879 1004 935 Sed

212 982 364 1042 conceptum
381 988 527 1027 ternionem
545 983 630 1027 terrere
641 973 700 1044 quis
713 972 816 1042 possit?
828 970 900 1040 (dab.
913 988 950 1037 rr,
962 970 1002 1042 9.)

211 1060 246 1117 Ει
260 1063 370 1135 quidem
394 1073 556 1136 conceptum
572 1080 726 1120 sermonem
753 1065 931 1134 superfluum,
946 1066 1004 1120 sire

211 1148 1003 1225 malumnonpossetenere,vitiosumestetstnltmnjuxta

212 1246 278 1302 illud
293 1247 426 1317 sapientis
441 1266 448 1302 :
463 1242 569 1318 Sagitta
594 1248 679 1317 infixo
700 1248 728 1299 in
745 1246 842 1316 [errrore
853 1248 938 1313 catoris,
965 1247 1004 1301 sic

212 1338 318 1394 uerbum
331 1339 360 1393 ia
373 1339 451 1394 corde
461 1338 539 1395 stulti
553 1338 662 1410 (Eaeclt.
681 1355 738 1406 ιιι,
750 1339 806 1408 19).
823 1338 875 1394 Sed
892 1344 1002 1394 ecorttra

211 1438 374 1501 conceptum
392 1445 547 1488 sermonem
573 1432 686 1495 botrum,
701 1440 728 1485 et
746 1430 932 1487 necessarium
949 1449 1004 1487 ιιοιι

212 1535 293 1590 posse
308 1529 400 1577 tenere
426 1522 575 1593 gloriosum
605 1530 657 1588 est,
683 1524 913 1594 quemadmodum
929 1521 1004 1578 lere-

212 1614 283 1669 tnias
302 1622 393 1670 tenere
412 1630 468 1669 non
492 1614 596 1679 valens,
621 1630 684 1669 curn
706 1614 842 1671 dixisset:
860 1606 895 1669 Et
916 1616 1003 1686 [actito

1054 405 1200 484 aecensus,
1225 417 1297 474 unde
1331 417 1442 475 animus
1472 422 1551 475 meus
1574 405 1741 478 reddebat'ur
1767 423 1854 481 raldo

1054 501 1153 571 annius
1169 516 1341 588 loquererne,
1358 532 1393 571 an
1417 510 1726 577 maerensmaerens
1753 534 1852 581 autem

1054 607 1082 662 in
1098 608 1149 663 bac
1163 601 1340 664 ssucttratione
1354 607 1462 663 dicendi
1481 619 1507 664 et
1523 610 1629 666 tacendi
1648 612 1701 668 bec
1721 615 1805 685 elegi,
1821 627 1854 671 ιιι

1054 714 1153 781 caretis
1166 684 1305 755 eliundere
1328 708 1494 768 sermionem,
1511 701 1559 756 ubi
1575 692 1629 758 non
1652 699 1853 775 eratauditus,

1054 792 1083 847 in
1098 802 1203 849 secreto
1218 793 1270 848 soli
1287 781 1343 849 lleo
1358 793 1495 864 loquerer,
1515 797 1560 851 eui
1574 784 1656 852 etiam

1088 874 1170 938 Vens.
1187 883 1214 939 5.
1226 874 1343 939 Locutus
1358 902 1416 938 turn
1429 888 1457 940 in
1473 887 1565 957 lingua
1580 882 1648 958 tneo,
1662 891 1699 947 ita
1711 901 1742 950 ut
1755 911 1854 951 esem·

1055 966 1100 1046 plo
1118 976 1204 1031 Anrrae
1215 976 1348 1048 linguam,
1362 972 1490 1049 labiaque
1503 997 1651 1050 monerem,
1664 986 1712 1040 sed
1733 1002 1788 1041 vox
1801 1006 1854 1059 pe-

1055 1067 1130 1121 nitus
1151 1082 1206 1121 non
1229 1060 1379 1123 audiretur.
1408 1068 1481 1142 Ergo
1504 1072 1586 1127 tacite
1607 1059 1712 1131 locutus
1738 1096 1800 1133 saar
1823 1068 1853 1135 in'

1054 1143 1155 1245 titiana!
1170 1174 1228 1212 orrea
1252 1159 1279 1232 (1
1292 1160 1354 1230 lleg.
1366 1176 1386 1226 ι,
1401 1162 1457 1231 15))
1484 1179 1539 1219 non
1552 1163 1689 1225 forinseco
1714 1156 1850 1240 auditori,

1055 1252 1102 1305 sed
1117 1252 1266 1307 intrinseco
1286 1255 1438 1309 esartditoti
1453 1255 1548 1312 dicens
1565 1276 1571 1311 :
1588 1256 1689 1313 Notum
1711 1262 1757 1331 [ac
1771 1266 1850 1331 orda,

1056 1343 1183 1412 Dantinc,
1205 1334 1285 1415 fluctu
1309 1364 1404 1404 arreum.
1421 1337 1444 1403 Ο
1459 1348 1584 1426 Domine,
1601 1334 1760 1411 dominator
1788 1361 1851 1415 rite

1055 1452 1133 1505 trteaea
1147 1439 1215 1492 mibi
1231 1440 1406 1519 transilienti,
1418 1443 1466 1513 qui
1485 1458 1501 1499 a
1514 1422 1696 1501 delectatione
1708 1450 1802 1507 secuti
1814 1430 1851 1508 ad

1055 1516 1205 1603 nieliorem,
1234 1531 1338 1587 scilicet
1361 1534 1510 1603 spiritalem
1534 1536 1741 1596 delectationem
1756 1555 1850 1603 traus-

1055 1620 1124 1688 iliri,
1140 1631 1171 1676 ut
1198 1639 1243 1677 me
1265 1639 1320 1680 nou
1332 1627 1389 1697 jam
1405 1628 1521 1686 delectet
1547 1635 1674 1705 voluptas
1695 1640 1849 1705 mundana,

210 1714 250 1759 cst
261 1705 327 1759 milri
338 1721 423 1760 sermo
436 1703 546 1760 Domini
560 1706 588 1761 iu
607 1708 786 1777 opprobriam,
801 1718 826 1763 et
847 1709 1004 1763 indecisam
1019 1701 1041 1758 B
1055 1713 1223 1782 sedveritus,
1237 1704 1435 1787 misericordia,
1458 1722 1555 1792 pietas,
1571 1724 1679 1795 justitia
1695 1737 1725 1783 et
1739 1733 1850 1786 rnutrtli·

212 1804 267 1848 tota
279 1795 333 1864 dic,
350 1805 375 1850 ct
388 1795 469 1850 ctat:
486 1813 538 1850 ttort
555 1798 714 1851 recordabor
730 1798 798 1867 ejas,
814 1815 895 1869 neque
909 1799 1004 1869 loquor

210 1891 353 1946 intromitte
368 1892 461 1961 ipsius,
474 1892 511 1946 ita
527 1890 669 1961 subjunxit
685 1907 692 1944 t
707 1891 741 1946 m
756 1896 843 1961 lactus
857 1894 931 1946 estin
944 1909 1004 1945 car-

210 1983 243 2036 de
265 1995 324 2036 atto
355 1982 431 2053 quasi
448 1982 516 2053 ignis
542 1992 692 2037 exastuans
718 1983 824 2039 clausus
853 1985 881 2038 in
901 1983 1002 2059 ossibus

210 2074 286 2137 ιιιιίι,
298 2084 323 2127 et
335 2072 418 2143 defeci
429 2074 498 2143 [erte
509 2090 561 2128 roan
573 2075 705 2129 sttstincrts
717 2073 825 2147 (ierem.
839 2092 887 2144 ιιι,
899 2075 917 2131 8
927 2084 953 2132 el
964 2077 1002 2147 9).

211 2166 265 2221 Sed
290 2166 382 2221 murtrli
405 2165 458 2221 mei
474 2166 608 2234 nolentes,
631 2168 687 2222 imo
703 2176 731 2223 et
753 2168 931 2240 dedignantes
944 2186 1004 2225 cre·

209 2257 284 2324 dere,
301 2257 375 2328 quod
395 2257 550 2313 istiusmodi
565 2260 675 2314 articam
693 2261 764 2330 igne,
781 2266 1004 2317 morenturcon·

210 2360 252 2405 tra
272 2365 316 2405 me
328 2349 459 2406 addentes
476 2350 532 2422 igni
549 2350 665 2407 lettoris
686 2353 777 2424 ignem
793 2352 915 2409 doloris:
931 2355 1004 2410 unde

210 2457 265 2496 non
279 2441 369 2497 solum
387 2443 481 2508 caluit,
496 2443 544 2499 sed
567 2444 629 2516 igne
653 2446 763 2515 getrrino
778 2445 935 2501 corrcnlescit
958 2464 1003 2501 cor

210 2552 297 2591 aream
311 2537 384 2592 intra
405 2554 456 2605 ata,
471 2539 536 2595 dum
561 2552 656 2610 peccat
671 2540 781 2610 aliquis,
797 2556 830 2595 ae
841 2556 909 2612 pene
920 2558 1002 2598 scan-

208 2630 387 2686 delicatoria
403 2647 457 2699 me,
478 2633 551 2703 quod
564 2633 666 2698 scribo,
683 2633 756 2704 quod
781 2633 809 2688 in
830 2631 1003 2690 Psalmorutn

210 2732 327 2777 tractatu
342 2738 375 2778 ex
390 2723 471 2779 dietis
490 2722 603 2779 Petrum
615 2726 740 2795 quaedam
757 2726 887 2797 colligens
901 2728 1004 2798 aliquid

209 2830 386 2887 supererogo,
410 2817 618 2888 presumptioni
641 2819 787 2888 deputans,
813 2829 840 2874 et
856 2821 1004 2892 tanaeglo·

1054 1804 1102 1886 tia,
1117 1806 1194 1873 nrilri,
1210 1807 1256 1862 cui
1272 1810 1343 1880 sa'pit
1355 1812 1489 1881 saplentia
1511 1831 1565 1875 neo
1579 1826 1699 1883 terrena,
1717 1822 1765 1893 sed
1786 1840 1849 1894 que

1055 1896 1198 1953 desursum
1219 1911 1270 1966 est,
1296 1904 1363 1958 nribi
1376 1907 1551 1986 ‘transilienti
1572 1906 1616 1980 εἰ,
1632 1929 1693 1983 quae
1709 1914 1850 1985 ridemur,

1054 2005 1082 2046 et
1105 1994 1308 2064 concupiscenti
1327 1998 1462 2067 coelestia,
1484 1998 1621 2079 quaenunt
1646 2005 1786 2075 ridentur,
1805 2016 1850 2076 tac

1054 2095 1146 2164 rnatum
1166 2088 1244 2158 fierem
1270 2106 1436 2162 necatamque
1457 2094 1628 2163 apprehenso
1651 2113 1706 2151 uon
1729 2099 1767 2154 sit
1778 2104 1850 2154 ultra

1054 2178 1275 2259 transiliendum,
1288 2197 1345 2251 quo
1358 2182 1421 2238 dum
1440 2184 1510 2239 inter
1528 2188 1656 2241 scandala
1670 2186 1766 2253 curro,
1780 2192 1849 2246 milri

1054 2267 1092 2323 sit
1106 2266 1209 2340 jugiter
1229 2271 1395 2344 tendendum
1414 2274 1494 2343 quasi
1518 2276 1551 2329 ad
1577 2277 1702 2332 brasium
1724 2292 1850 2348 eertum,

1054 2362 1123 2418 bene
1138 2364 1312 2437 currentibus
1331 2361 1512 2435 destinatum,
1537 2385 1593 2439 aquo
1608 2381 1720 2441 accepto
1734 2391 1791 2428 non
1806 2376 1850 2429 ul·

1054 2452 1139 2508 terius
1160 2454 1323 2522 transiliam,
1339 2457 1387 2513 sed
1404 2457 1443 2512 ibi
1462 2448 1603 2529 quiescam
1618 2462 1735 2518 dicens:
1753 2442 1849 2520 Omnis

1054 2548 1291 2602 cotrsarunrationis
1314 2549 1368 2602 atati
1386 2551 1466 2627 sinent
1486 2550 1573 2621 (Psoi.
1590 2569 1685 2621 exunt,
1699 2556 1757 2628 96),
1773 2557 1801 2612 iu
1815 2574 1849 2614 eo

1054 2636 1192 2706 quiescam
1209 2655 1216 2691 :
1234 2636 1312 2693 Finis
1331 2640 1400 2693 enine
1419 2639 1485 2712 lepis
1504 2641 1626 2698 Cleristos
1643 2645 1679 2698 ad
1707 2646 1848 2716 justitiam

1054 2731 1126 2784 ornrti
1141 2712 1268 2786 credenti.

1090 2819 1169 2877 Hunc
1182 2824 1261 2892 finem
1271 2836 1363 2879 reatem
1373 2808 1474 2881 babent
1486 2841 1551 2884 ores
1562 2809 1706 2901 dequibus
1718 2833 1777 2904 ipsc
1792 2822 1845 2891 ait:

210 2907 268 2961 riae.
284 2903 480 2963 Verumtamen
496 2909 746 2980 quomodocunque
760 2911 868 2979 volunt,
882 2928 1003 2982 puesen-
1054 2912 1090 2968 Et
1109 2931 1237 2986 cogitosco
1256 2934 1337 2986 armas,
1351 2929 1375 2973 ct
1395 2933 1557 2991 cognoscunt
1572 2939 1613 2978 are
1630 2941 1694 2981 tortae
1705 2925 1798 2997 (ioan.
1816 2945 1845 2994 ι,

211 3006 252 3052 tes
265 2997 299 3054 de
313 3000 392 3056 nobis
404 3001 540 3072 judicent,
555 3001 640 3057 laturi
652 3002 815 3060 clentcntius
827 3004 1001 3074 judicabunt.
1055 3008 1111 3073 11).
1130 3007 1209 3065 llnne
1223 3009 1321 3067 Petrus
1337 3013 1474 3082 cognorit.
1494 3014 1542 3085 qui
1560 3015 1630 3070 dixit
1645 3036 1652 3071 :
1669 3015 1708 3071 Ta
1723 3035 1750 3073 es
1765 3018 1847 3074 Clari·

210 3090 281 3147 Dum
304 3095 377 3149 enim
391 3095 520 3163 uiuimus,
533 3098 573 3152 ait
596 3096 638 3152 tir
657 3097 771 3154 illustris
794 3097 891 3154 beatus
907 3097 1003 3156 lliero-
1054 3107 1111 3154 stas
1123 3098 1213 3154 Filius
1227 3100 1275 3155 Dei
1290 3101 1341 3155 eiai
1355 3101 1465 3172 (llattlr.
1482 3120 1539 3168 nrt,
1561 3103 1617 3174 tor.
1636 3105 1703 3162 ltcm
1721 3126 1728 3162 ε
1749 3106 1845 3172 Verba,

210 3201 321 3256 rigemusr
334 3196 437 3243 etrusc
449 3188 541 3261 fragili
561 3191 747 3257 continemur,
761 3190 888 3246 uidentur
900 3193 997 3249 enrico
1055 3190 1155 3261 inquit,
1167 3193 1228 3246 otte
1245 3201 1352 3247 aterna
1366 3193 1455 3260 trabes,
1470 3204 1495 3248 ct
1510 3213 1557 3249 nos
1575 3213 1591 3250 a
1614 3206 1639 3251 tc
1654 3213 1707 3267 qao
1728 3199 1847 3253 ibimus?

211 3294 272 3333 runi
301 3279 433 3350 prodesse
453 3283 554 3348 studia,
573 3291 712 3341 etnocere
724 3286 886 3340 amulorum
904 3301 1005 3357 oppra-
1056 3281 1146 3352 iloto·
1172 3298 1210 3347 tt,
1228 3283 1287 3354 fib)
1306 3281 1386 3339 N0til
1403 3287 1484 3340 eliam
1507 3285 1608 3343 Paulus
1631 3286 1773 3364 Christum
1796 3285 1846 3344 ὒὲί

209 3369 280 3426 bria,
295 3370 444 3443 Postquam
469 3383 560 3431 autem
581 3392 691 3432 reversa
715 3376 797 3433 inerit
822 3379 933 3434 terrain
949 3389 1004 3435 lete
1055 3376 1453 3447 oirtutcrn,etlicisapicntiam
1470 3375 1497 3449 (1
1511 3377 1674 3449 Canidi).
1692 3378 1845 3438 Undelioet

209 3479 270 3521 ratu
286 3481 375 3533 suam,
391 3474 489 3522 ettam
504 3482 565 3534 nos,
583 3468 631 3538 qui
653 3468 812 3537 scribimus,
840 3484 923 3541 quom
939 3486 1001 3537 eos,
1055 3471 1126 3525 inter
1141 3470 1270 3540 parrulos
1281 3478 1308 3524 ct
1321 3470 1445 3525 infirmos
1456 3485 1511 3525 non
1527 3472 1688 3542 predicaret
1702 3474 1756 3529 nisi
1767 3473 1845 3530 Clari·

209 3557 306 3626 quide
325 3557 405 3614 nobis
425 3547 562 3627 intricant,
578 3559 681 3629 pallido
695 3575 771 3616 iners
785 3562 960 3629 subtraxerit,
977 3573 1004 3618 et

211 3648 265 3702 alia
287 3649 393 3704 terserit
413 3651 562 3720 generatio,
585 3651 737 3723 primisque
755 3653 915 3710 caderttibus
931 3653 1004 3710 loliis

211 3743 304 3797 uirens
319 3744 395 3816 sylva
410 3744 586 3808 succreverit,
601 3753 666 3799 tunc
682 3746 741 3800 sine
755 3747 896 3801 nominum
912 3748 1003 3819 digni-

211 3842 267 3888 tate
293 3835 351 3890 sola
369 3835 527 3906 judicantur
554 3836 672 3908 ingenia.
696 3834 752 3892 Nec
777 3839 935 3893 considerat
955 3839 1003 3910 qui

210 3925 332 3982 lecturus
356 3937 408 3997 est,
433 3928 524 3999 cujus,
542 3930 591 3984 sed
608 3929 689 3999 quale
712 3930 759 3995 sit,
788 3930 861 4001 quod
883 3931 1003 3989 lecturus

209 4026 262 4082 est,
289 4018 346 4074 sire
366 4020 412 4075 ille
429 4020 585 4091 episcopus,
610 4020 669 4077 sire
692 4022 790 4089 laicus,
814 4024 1004 4093 imperatoret

209 4109 349 4179 dominus,
366 4112 446 4168 miles
455 4122 482 4167 et
496 4128 604 4180 sertus,
620 4121 667 4168 aut
683 4114 711 4170 in
726 4129 848 4184 purpura
860 4129 887 4170 ct
902 4116 1001 4184 serico,

209 4210 258 4259 tout
273 4203 301 4257 in
314 4204 448 4259 vilissimo
461 4220 552 4275 panno
564 4205 666 4275 jaceat,
687 4221 741 4260 uon
756 4205 892 4261 lionorum
911 4207 1002 4263 direr-

210 4295 301 4360 eitate‚
318 4297 364 4351 seu
382 4312 497 4367 operum
518 4298 618 4353 interito
626 4298 804 4368 judicabitur.
822 4299 899 4355 bitrio
913 4313 1002 4371 empta

209 4401 420 4457 prosequamur.

246 4474 386 4532 concaluit
397 4494 443 4531 cor
457 4495 543 4534 mertia
567 4481 639 4533 intra
650 4477 768 4535 meaNon
781 4483 940 4553 simplicitet·
954 4499 1002 4539 ca·

208 4568 330 4638 luit,sod
353 4571 485 4627 concaluit
508 4587 557 4632 eor
579 4588 683 4640 mcum,
710 4574 786 4641 ditm,
801 4577 873 4632 sieut
898 4578 1001 4633 dictum

208 4671 262 4727 est,
281 4664 398 4719 accessit
418 4663 489 4735 ignis
510 4662 545 4718 ad
567 4664 667 4735 ignem.
681 4664 754 4722 Num
776 4667 846 4738 iguis
868 4667 923 4734 ille,
946 4683 1002 4738 quo

208 4755 338 4812 ardentes
364 4756 460 4813 dicunt
476 4758 603 4829 discipuli
619 4779 628 4814 t
643 4758 737 4815 Nonne
761 4778 806 4814 cor
824 4773 942 4815 nostrum
957 4778 1003 4814 (ιιι

209 4848 345 4904 deriserat
367 4851 394 4904 iu
417 4853 503 4915 nobis,
523 4851 587 4905 darn
607 4851 681 4906 trabis
699 4852 848 4923 loqueretur
864 4855 891 4908 t'u
906 4855 959 4920 nia,
975 4864 1000 4908 ct

208 4942 322 5013 operiret
331 4943 405 4998 nolis
416 4941 568 5015 Scripturas
578 4948 591 5000 l
601 4944 677 5014 (ltro.
690 4962 764 5015 xrrr,
777 4947 834 5017 52.)
845 4947 901 5003 Cor
909 4963 1001 5003 mcum

209 5035 332 5092 caleiecit
355 5037 382 5092 in
408 5052 502 5094 aurore
521 5038 645 5094 veritatis
665 5037 784 5094 obseura
808 5039 998 5094 illuminando.

209 5128 280 5186 lluie
300 5131 418 5186 accessit
430 5130 502 5202 ignis
516 5130 630 5198 doloris,
644 5130 692 5201 qui
708 5146 752 5185 mc
766 5130 903 5197 tabelecit,
920 5130 956 5184 ita
972 5138 1002 5183 ιιι

208 5221 348 5279 dicerem:
370 5220 430 5277 Vitii
444 5224 660 5293 prevaricantes,
687 5231 712 5276 et
737 5221 911 5287 tabescebam,
937 5223 1001 5293 qaia

208 5313 314 5386 cloquio
335 5326 382 5369 tuo
396 5331 449 5369 troo
465 5316 645 5371 custodierunt
657 5314 744 5387 (Paul.
757 5330 852 5380 curru,
866 5314 937 5385 158).
955 5314 1001 5370 Sie

210 5407 251 5462 sic
275 5407 384 5476 gemino
399 5408 461 5477 igne
484 5409 599 5474 artioris,
624 5417 651 5462 et
672 5405 776 5463 doloris
798 5406 931 5460 concaluit
954 5421 1001 5459 eor

209 5515 297 5554 meam
319 5501 391 5554 intra
406 5517 458 5567 mc,
482 5501 530 5556 ubi
555 5499 678 5571 loquitur
698 5501 782 5556 homo
802 5499 915 5553 interior
936 5515 1000 5556 cunr

210 5585 267 5642 beo
280 5604 332 5646 suo
346 5589 372 5643 iu
389 5600 495 5645 secreto
507 5591 665 5662 soliloquio,
680 5599 708 5645 et
723 5590 794 5661 ignis
811 5590 862 5645 iste
872 5590 999 5663 geruinus

210 5678 371 5736 exardescet
389 5694 444 5736 non
459 5683 620 5739 estuatione
642 5684 749 5753 insana,
763 5681 805 5741 rel
817 5683 997 5753 tumultuosa,

1055 3572 1127 3616 stum
1142 3559 1247 3629 lesum,
1264 3574 1289 3617 et
1301 3562 1375 3617 lrunc
1387 3563 1560 3630 crnrcilixum,
1572 3572 1663 3619 tamen
1680 3566 1843 3635 sapientiam

1056 3651 1171 3721 loquens
1186 3651 1402 3723 interpret-lectos
1415 3672 1422 3708 :
1436 3652 1496 3709 Etsi
1507 3657 1686 3725 coarmantes,
1702 3657 1751 3722 ait,
1767 3656 1844 3714 Cleri·

1055 3751 1125 3796 stunt
1138 3744 1282 3798 secuudum
1300 3761 1418 3812 cerream,¹
1432 3745 1476 3799 sed
1494 3762 1565 3799 oruata
1585 3746 1639 3812 ient
1657 3763 1708 3800 non
1724 3745 1842 3806 rrooitnoa

1055 3833 1101 3905 (ll
1112 3833 1173 3889 Cer.
1189 3851 1216 3902 r,
1235 3835 1290 3905 tu).
1305 3834 1345 3891 Ac
1366 3836 1390 3891 si
1407 3836 1510 3892 diceret
1535 3857 1542 3891 :
1565 3835 1623 3893 Etsi
1643 3839 1794 3895 crucifixus
1811 3857 1843 3898 ac

1055 3938 1180 3983 rtrortuus
1196 3939 1239 3985 est
1258 3945 1291 3984 ex
1313 3938 1516 4010 nostrsaquam
1531 3933 1651 4001 portarit
1672 3934 1842 4002 intirmitate,

1054 4036 1117 4077 rere
1147 4030 1239 4078 tamen
1271 4022 1337 4077 dicit
1360 4039 1368 4077 ι
1394 4021 1451 4094 Ego
1476 4040 1535 4078 sunt
1562 4027 1716 4080 resurrectio
1739 4036 1765 4080 ct
1786 4030 1842 4084 aito

1054 4113 1145 4185 (icari.
1164 4131 1202 4182 xi,
1222 4115 1282 4186 95).
1304 4114 1480 4173 Resurrectio
1499 4117 1628 4173 uidelicet
1651 4120 1793 4174 bominum
1808 4121 1842 4176 dc

1054 4217 1143 4261 inerte
1173 4207 1271 4261 anime
1298 4207 1478 4278 corporisque
1508 4208 1728 4264 reviviscentium
1752 4227 1758 4262 :
1786 4212 1841 4268 rita

1053 4316 1118 4355 rere
1132 4311 1291 4355 sartctorum
1312 4301 1474 4372 angelorum
1499 4302 1726 4371 sempiternaliter
1747 4303 1828 4360 siren

1018 4413 1041 4469 1)
1055 4393 1134 4449 tium.
1146 4390 1195 4446 Vel
1209 4410 1215 4445 z
1232 4390 1358 4463 Egestum
1375 4393 1532 4447 restarractio
1547 4408 1672 4449 orreorum
1686 4395 1840 4450 cadentium

1054 4483 1146 4539 etcito
1165 4483 1368 4553 resurgentium
1391 4482 1419 4539 in
1439 4482 1491 4537 linc
1511 4482 1654 4554 ritaJuxta
1675 4483 1742 4539 illud
1767 4486 1839 4540 anti·

1053 4577 1114 4648 quis
1127 4576 1230 4631 dietum
1247 4594 1253 4629 :
1270 4573 1370 4645 Septies
1383 4575 1410 4628 in
1428 4575 1471 4628 die
1492 4575 1563 4630 cadit
1571 4573 1674 4649 justris,
1685 4585 1710 4630 et
1729 4579 1840 4647 resurgit

1054 4667 1233 4740 (Proormv,
1260 4667 1316 4738 19).
1338 4665 1416 4722 Nunc
1438 4676 1530 4723 autem
1558 4682 1613 4723 nou
1639 4668 1701 4723 dieo
1727 4686 1735 4722 t
1760 4685 1839 4740 usqne

1052 4763 1157 4831 septies,
1178 4760 1223 4814 scd
1244 4776 1325 4831 usquc
1345 4760 1495 4829 septuagies
1517 4761 1613 4829 septies
1634 4757 1745 4830 (liottu.
1762 4776 1838 4826 xsttr,

1052 4855 1109 4922 21).
1125 4853 1181 4925 Ego
1194 4869 1256 4908 sum
1268 4852 1424 4906 resurrectio
1439 4868 1564 4908 meorum
1578 4861 1643 4908 ante
1658 4849 1804 4923 judicium,
1815 4865 1839 4908 et

1053 4947 1106 5000 aito
1120 4945 1298 5008 invariabilis,
1312 4943 1612 5014 atqueiuterminabilis
1624 4953 1686 5014 post
1694 4945 1838 5015 judicium.

1052 5041 1118 5098 ltem
1135 5044 1190 5096 ait:
1204 5039 1260 5112 Ego
1274 5057 1332 5093 suin
1345 5041 1398 5105 tria,
1413 5051 1437 5094 et
1450 5041 1558 5106 ueritas,
1570 5049 1595 5094 et
1607 5043 1663 5095 aito
1678 5038 1770 5110 (ioan.
1783 5055 1838 5108 ιιι,

1052 5135 1090 5202 6).
1104 5133 1145 5190 lle
1158 5135 1229 5188 riam
1241 5140 1343 5187 norunt
1355 5132 1425 5186 beati
1438 5134 1604 5187 intutacnlati
1617 5135 1645 5187 in
1656 5134 1710 5200 oia,
1724 5136 1769 5204 qui
1783 5150 1840 5189 atrr-

1052 5227 1144 5282 balant
1160 5228 1188 5282 iu
1200 5228 1255 5299 lege
1269 5244 1326 5282 trica
1348 5225 1436 5299 (Psoi.
1455 5243 1549 5296 castrt,
1566 5230 1604 5286 ll.
1628 5221 1671 5285 tie
1697 5231 1840 5284 ueritatem

1052 5331 1153 5377 norum
1168 5322 1248 5388 beati,
1269 5323 1313 5391 qai
1331 5329 1485 5375 scrutantem
1503 5323 1655 5376 testimonia
1675 5335 1736 5378 ures
1752 5321 1839 5393 (reat

1051 5428 1147 5479 cxrru,
1158 5411 1199 5482 Ξ),
1212 5411 1383 5468 verissimam
1403 5427 1448 5467 me
1465 5413 1548 5466 vitam
1567 5422 1680 5481 norunt,
1693 5413 1740 5485 qui
1755 5413 1783 5468 in
1797 5429 1843 5469 ure

1050 5504 1105 5559 tite
1119 5504 1199 5573 quasi
1213 5502 1339 5573 palmites
1350 5503 1457 5571 vivunt,
1466 5504 1588 5560 etbonos
1604 5503 1710 5561 t'ructus
1724 5504 1840 5574 lamurtt,

1050 5595 1154 5664 quique
1166 5609 1210 5649 rue
1227 5594 1346 5650 radicem
1364 5594 1507 5662 habentes,
1528 5587 1655 5667 utilrique'
1667 5595 1840 5655 adlraerentes

1050 5700 1185 5757 aresoere,
1202 5686 1329 5743 reineri
1349 5703 1402 5743 non
1426 5698 1555 5757 poterunt
1580 5691 1608 5746 in
1632 5690 1735 5768 antima,
1751 5704 1842 5763 nequa
