3817 6000
75 310 126 366 tal
669 301 931 363 unucuutsullu.
952 335 987 343 -
1005 303 1070 360 ΗΒ.
1093 304 1123 359 l.
1662 308 1714 364 {58

76 426 194 483 internis
213 423 441 497 cogitationibus,
457 422 551 478 ilatum
566 437 631 477 uero
641 421 688 491 qui
707 436 755 491 per
772 435 872 491 eorpus
887 423 984 489 Aquae
994 419 1155 491 priusquam
1168 436 1197 476 se
1209 420 1237 475 in
1248 422 1356 478 actione
1369 424 1627 494 exerceat,hocjam
1640 427 1715 496 quod

7 516 9 531 '
76 518 210 588 trahitur,
223 534 275 591 pro
289 517 413 574 externis
428 516 582 572 actionibus
596 514 682 585 ponit.
699 513 784 568 veum
807 528 872 584 crgo
923 513 1034 582 appetit,
1048 513 1257 583 contemplatur.
1271 512 1305 567 Et
1317 513 1383 585 quid
1396 514 1577 586 appellatione
1589 518 1715 587 corporis

76 614 206 683 spiritum
221 611 342 666 hominis
366 618 394 666 et
411 609 506 665 datum
528 608 562 663 ad
587 622 616 662 se
632 607 749 672 trahere,
769 613 812 662 est
837 605 872 660 ad
922 604 1092 675 designatur,
1115 605 1169 661 nisi
1195 620 1367 675 unaquaeque
1401 607 1484 673 aetio,
1508 622 1569 678 quae
1586 602 1716 663 intentio-

75 704 289 760 eonrersioucm
306 702 350 759 sui
362 701 489 758 desiderii
504 699 635 756 interiora
650 704 742 753 nostra
757 704 785 752 et
796 705 872 751 exte·
922 709 985 750 uem
1001 712 1090 763 suani,
1102 696 1183 766 qrrasi
1204 696 1353 752 intuentem
1376 698 1485 755 oculum
1500 699 1640 769 sequitur?
1660 698 1717 755 Lu-

77 799 149 851 riora
161 803 347 860 commutare,
360 801 391 849 ut
404 793 537 863 nihilium
547 791 668 847 exterius
679 789 765 846 menti
778 788 870 857 libeat3
922 798 1004 839 cerna
1018 800 1084 858 ergo
1095 787 1220 856 corporis
1236 796 1279 842 est
1299 788 1406 855 oculuS,
1422 791 1486 859 quia
1509 801 1559 859 per
1579 789 1658 844 borrae
1673 789 1716 843 in·

77 889 145 944 nihil
157 904 227 944 earo
239 887 357 942 inferius
373 885 416 941 vel
429 886 454 941 si
469 883 581 956 appetit,
603 882 716 953 adipisci
742 890 867 937 conetur.
923 878 1052 933 tentionis
1076 878 1183 934 radium
1209 881 1305 934 merita
1318 879 1490 936 illustrantur
1504 881 1631 936 actionis.
1643 879 1715 934 Etsi

78 980 131 1037 Sed
144 995 232 1035 omne
246 979 322 1051 quod
336 979 420 1033 homo
434 984 486 1044 est,
501 976 541 1033 ad
558 991 621 1032 eum
643 973 769 1031 videlicet
787 986 872 1042 aquo
923 971 1014 1025 oculus
1028 972 1109 1042 fuerit
1135 972 1257 1043 simplex,
1281 982 1366 1027 totum
1389 989 1484 1043 corpus
1507 973 1625 1028 lucidum
1651 970 1722 1043 erit,

77 1084 127 1139 est,
142 1082 171 1128 ct
187 1072 306 1128 interius
322 1069 503 1127 desiderando
527 1068 631 1124 ierreat
653 1075 682 1123 et
704 1065 827 1122 exterius
841 1078 872 1118 se
922 1066 988 1137 quia
1008 1067 1031 1122 si
1052 1076 1124 1122 reete
1144 1068 1312 1123 intendimus
1327 1083 1375 1137 per
1392 1067 1595 1139 simplicitatem
1610 1068 1717 1140 cogita·

77 1164 235 1223 mando
249 1163 428 1235 constringat.
924 1157 1039 1220 tionum,
1054 1158 1156 1214 bonum
1176 1174 1245 1229 opus
1268 1158 1394 1225 eflicitur,
1415 1158 1498 1214 etiam
1512 1158 1638 1214 siminus
1652 1172 1716 1216 essu

379 1274 400 1333 c
407 1275 516 1333 APUT
532 1274 573 1332 pL
922 1248 1057 1304 rideatur.
1067 1248 1132 1304 Etsi
1147 1250 1238 1305 oculus
1252 1266 1363 1323 aequum
1374 1251 1465 1321 fucrit,
1477 1250 1640 1304 tenebrosum
1650 1252 1713 1318 erit,

404 1387 438 1426 ,Β
459 1387 551 1427 ,Μ
922 1342 987 1412 quia
999 1357 1061 1397 cum
1074 1357 1201 1412 perversa
1216 1343 1366 1398 intentione
1381 1342 1446 1413 quid
1465 1343 1506 1397 vel
1530 1350 1634 1397 rectum
1655 1344 1714 1414 agi·

79 1466 113 1524 1„
122 1466 267 1536 scm-mm
278 1482 357 1521 mm
371 1465 467 1518 anima,
486 1462 592 1517 „om-m
605 1459 749 1532 aliquando
761 1459 789 1514 ,ά
803 1458 875 1531 qm
924 1440 978 1499 tur,
992 1441 1020 1488 el
1030 1433 1053 1488 si
1069 1434 1210 1504 splendere
1221 1449 1314 1488 coram
1327 1432 1625 1498 homiuibuscernitur,
1641 1435 1718 1505 apud

112 1540 222 1593 marius
233 1547 352 1606 amatur,
364 1535 433 1589 aliar
444 1535 536 1588 meotis
548 1533 659 1588 iuteutio
670 1531 835 1602 iutellipitur.
880 1588 884 1593 ,
923 1540 1038 1581 examen
1054 1526 1153 1581 interni
1172 1525 1273 1596 judicis
1289 1524 1463 1579 ohscuratur.
1483 1522 1535 1578 Ubi
1550 1532 1624 1579 recte
1646 1525 1713 1580 suh-

112 1631 213 1686 dnima
240 1643 290 1700 pro
312 1642 356 1692 eo,
370 1626 444 1697 quod
467 1625 580 1681 charius
601 1632 719 1691 amatur,
745 1624 871 1694 ponitur,
920 1613 1068 1686 juugitur:
1088 1613 1222 1685 Videerpo
1234 1630 1265 1668 ue
1279 1613 1366 1667 lanua
1378 1614 1447 1684 quod
1462 1614 1490 1667 iu
1503 1622 1527 1668 te
1543 1623 1582 1667 est
1602 1614 1721 1670 tenciroe·

79 1722 150 1777 sicut
159 1736 230 1776 voce
242 1718 384 1776 uominiea
398 1718 431 1773 ad
439 1717 521 1773 Satan
532 1730 582 1787 pro
589 1713 772 1785 Redempture
779 1722 874 1770 nostro
923 1708 988 1763 siut.
1001 1705 1032 1761 Si
1048 1705 1134 1761 iumen
1149 1707 1219 1778 quod
1230 1707 1259 1760 iu
1275 1715 1300 1760 te
1321 1713 1359 1758 cst
1375 1704 1487 1759 tenebra
1509 1714 1580 1768 suut,
1595 1706 1661 1776 ipra
1674 1716 1713 1761 te-

80 1814 131 1870 sub
145 1814 220 1870 beati
234 1812 285 1868 lob
305 1811 418 1867 nomine
440 1810 541 1865 dicitur
558 1827 565 1864 :
582 1806 650 1863 Ecce
670 1808 699 1861 iu
723 1824 803 1861 manu
826 1815 873 1862 tua
888 1776 910 1833 B
924 1801 1126 1871 subsequantur
1150 1800 1245 1853 eruut?
1268 1798 1355 1870 (iiia,
1370 1798 1428 1867 25).
1447 1797 1517 1868 Quia
1530 1799 1554 1854 si
1569 1798 1622 1853 hoe
1638 1798 1713 1869 qrrod

80 1918 127 1972 est,
150 1923 244 1961 aerum
268 1913 356 1959 tamen
377 1904 494 1957 ammam
513 1900 586 1955 iilius
607 1916 682 1955 serm
702 1897 762 1972 (lai
776 1915 813 1966 ιι,
831 1898 871 1970 6).
923 1895 992 1950 bene
1005 1906 1085 1964 agere
1098 1908 1149 1947 nos
1160 1892 1309 1955 credimus,
1324 1906 1357 1946 ex
1373 1891 1444 1946 mala
1457 1891 1606 1947 intentione
1621 1889 1720 1947 [tusca.

80 1998 153 2066 Quid
171 2000 245 2054 enim
256 1996 329 2052 aliud
340 2010 388 2067 per
402 1995 522 2051 animam
532 1992 644 2060 Christi,
657 1991 710 2048 nisi
724 1992 873 2047 electurum
922 2001 996 2050 nius,
1010 1994 1111 2056 quanta
1127 1984 1185 2054 ipsa
1200 1985 1271 2039 mala
1287 1991 1352 2039 sunt
1365 1998 1427 2054 quae
1445 1983 1516 2037 mala
1543 1998 1605 2040 esse
1629 1984 1718 2041 etiam

78 2096 165 2149 sitam
190 2107 272 2163 quiam
301 2090 383 2147 clrare
397 2088 483 2161 diligit
503 2087 668 2158 accipimus?
692 2084 762 2152 Quia
787 2085 870 2150 enim,
922 2093 986 2134 eum
997 2077 1103 2148 agimus
1116 2090 1171 2129 non
1183 2075 1362 2146 ignoramus?
1373 2073 1406 2130 Et
1420 2075 1444 2131 si
1456 2075 1493 2130 ihi
1508 2074 1547 2129 nil
1558 2074 1712 2143 cernimus,

79 2203 142 2243 euru
161 2195 236 2240 recte
258 2183 409 2255 diligimus,
429 2181 509 2250 202
532 2179 600 2235 anihil
614 2180 641 2233 in
658 2179 739 2233 rebus
753 2177 871 2233 conditis
922 2168 969 2225 ubi
987 2168 1066 2239 quasi
1081 2166 1253 2223 discretionis
1267 2168 1360 2222 lumea
1375 2179 1512 2235 tenemus,
1525 2182 1578 2239 quta
1591 2166 1714 2225 caecitate

79 2282 177 2336 anima
192 2288 283 2333 „ostra
307 2276 419 2332 charius
444 2289 586 2340 amamu„
613 2281 642 2327 es
659 2271 730 2327 sicui
752 2270 872 2325 ammam
922 2259 949 2313 in
963 2260 1007 2315 illa
1020 2259 1248 2330 offendimusquae
1259 2260 1318 2315 sine
1328 2259 1494 2315 discretione
1504 2258 1714 2330 perpetramus?

81 2384 209 2430 nontam
231 2387 277 2426 eos
293 2370 406 2441 diligere
418 2366 546 2435 dicimus,
558 2365 657 2436 quibus
672 2365 775 2419 amoris
786 2363 873 2419 nostri
922 2347 1051 2422 vigilanti
1065 2350 1148 2422 igitur
1159 2366 1225 2405 eura
1238 2366 1286 2420 per
1301 2359 1397 2407 cruncta
1412 2365 1494 2421 opera
1504 2352 1620 2408 intentio
1633 2352 1716 2408 nobis

78 2465 236 2537 exprimere
255 2463 363 2534 pondus
388 2474 538 2525 conamur,
568 2473 623 2513 non
652 2456 801 2527 incongrue
825 2470 872 2525 per
922 2450 1016 2496 nostra
1035 2441 1173 2513 pensanda
1191 2453 1243 2507 est,
1259 2451 1290 2497 ut
1304 2442 1342 2497 nil
1361 2442 1510 2512 temporale
1535 2443 1562 2498 in
1587 2443 1631 2500 iris
1651 2457 1719 2513 quiae

79 2557 183 2616 chrisis
198 2557 315 2611 animam
329 2553 479 2609 electorum
493 2551 548 2605 vira
563 2550 697 2619 signarat,
715 2546 784 2602 cum
807 2562 872 2617 erga)
922 2532 978 2603 agit
998 2542 1114 2604 appetat,
1130 2534 1177 2589 sed
1194 2542 1279 2589 totam
1304 2550 1334 2590 se
1356 2535 1382 2588 in
1401 2534 1538 2590 soliditate
1553 2533 1713 2590 aeternitatis

80 2652 113 2707 ad
128 2649 280 2705 feriendam
292 2634 611 2716 Redemptoris'carnem
636 2640 718 2697 Satan
739 2640 887 2713 permitti,
921 2627 996 2698 ³8³1·
1011 2643 1044 2681 ¹¹ss
1059 2628 1082 2682 Si
1097 2636 1174 2681 exilu
1190 2626 1396 2682 tundamentum
1412 2626 1528 2681 actionis
1551 2623 1711 2681 uastraeiu·

80 2756 136 2811 tur,
155 2745 190 2799 ab
208 2743 305 2797 anima·
317 2750 470 2812 separatur,
488 2737 552 2809 quia
569 2751 632 2792 cum
646 2750 746 2805 corpus
761 2733 794 2788 ad
807 2748 871 2803 pas·
921 2720 998 2776 urica
1011 2719 1130 2789 ponitur,
1147 2729 1217 2774 terra
1241 2719 1401 2775 dehiscente
1418 2720 1541 2774 solvatur
1553 2737 1560 2771 :
1573 2726 1601 2772 et
1613 2731 1647 2772 eo
1665 2715 1713 2769 ilat

80 2839 188 2893 sionem
203 2834 348 2905 accipitur,
363 2833 465 2889 electos
479 2830 539 2901 ejus
554 2845 569 2884 a
582 2828 644 2899 jure
659 2842 715 2883 suae
728 2823 872 2896 potestatis
921 2830 1035 2886 pravum
1047 2814 1120 2885 quod
1136 2813 1164 2891 in
1179 2829 1260 2884 opere
1273 2822 1415 2883 sequatur,
1433 2812 1507 2883 quod
1520 2825 1575 2867 non
1589 2826 1623 2867 ex
1638 2816 1712 2866 reeta

81 2929 191 2986 amittit.
206 2927 333 2999 Cumque
356 2925 431 2980 illius
456 2936 521 2979 caru
543 2937 593 2991 per
614 2933 723 2976 crucem
745 2917 871 2983 moritur,
922 2905 1096 2977 cogitationis
1108 2905 1257 2962 intentione
1270 2914 1427 2977 generatur·

83 3023 180 3077 luorum
195 3037 275 3076 meus
297 3025 393 3076 eontra
412 3022 577 3073 tentamenta
600 3013 743 3069 solidatur.
760 3009 873 3066 Dicatur
1229 3038 1343 3097 CAPUT
1362 3038 1396 3094 [Y

82 3131 146 3186 ergo
162 3133 170 3170 z
188 3113 256 3168 Ecce
276 3113 304 3167 irt
318 3127 399 3165 mauu
417 3119 465 3163 tuu
486 3117 535 3174 est,
553 3114 731 3162 verumtamen
754 3104 909 3192 aut'ntumc
1211 3149 1252 3188 Μ
1278 3147 1354 3189 em
1365 3081 1406 3188 τέ

83 3208 156 3264 '¹¹¹⁸'
166 3219 250 3262 m·
264 3204 303 3259 Ac
324 3219 347 3258 ⁸¹
370 3211 463 3272 “pene
484 3200 577 3260 ‘mma‘
589 3216 596 3252 ²
609 3197 760 3251 ¹²¹⁰⁰¹¹²¹³¹¹¹
776 3202 871 3249 mmm
924 3226 958 3282 lu
973 3227 1112 3297 Scriptura
1126 3242 1203 3279 sacru
1218 3226 1315 3295 capitis
1332 3226 1435 3279 nominc
1453 3224 1598 3295 aliquanda
1608 3239 1714 3277 suaunur

83 3316 181 3372 corpus
193 3299 255 3370 ei¹¹³
270 3297 374 3366 Milies
386 3303 414 3350 ei
426 3294 462 3349 ³¹³
482 3291 577 3348 eieiiis
599 3289 660 3360 eius
672 3303 742 3360 ‘1⁰⁰5
753 3286 824 3357 apud
842 3303 872 3343 ⁵0
958 3298 1099 3353 sacerdotii
1110 3294 1231 3363 Iudaici,
1243 3296 1386 3365 aliquando
1407 3296 1564 3366 principalia
1585 3311 1646 3364 pars
1664 3292 1712 3345 iuo-

83 3405 145 3452 aote
161 3393 261 3450 saecula
280 3390 426 3463 presciens
446 3386 577 3459 possidet,
587 3383 633 3455 jus
645 3396 737 3454 pravae
747 3380 873 3437 domina.
958 3370 1049 3431 ruinis,
1077 3366 1221 3438 aliquanda
1262 3368 1299 3421 rei
1329 3366 1468 3436 cujuslibet
1500 3366 1606 3419 initium
1640 3364 1710 3418 desi·

83 3488 164 3544 tiunis
178 3484 274 3557 perde.
958 3447 1066 3511 inam·

116 3577 224 3632 Anima.
237 3574 349 3630 nomine
361 3570 461 3629 mentis
482 3568 596 3626 intentio
616 3564 872 3638 intelligitur,·sicut
958 3552 1040 3626 204
1055 3551 1158 3623 Cupitis
1183 3550 1296 3607 uumiuu
1317 3567 1424 3607 summu
1440 3550 1586 3607 sacerdotii
1604 3551 1712 3610 ludoici

82 3685 132 3741 per
146 3669 255 3722 beatum
276 3665 329 3720 iob
349 3664 450 3720 dicitur
462 3681 469 3717 z
483 3660 658 3727 Quamobrem
676 3658 752 3728 clepit
766 3672 873 3726 suspen·
922 3646 1095 3717 exprimitur,
1111 3644 1182 3700 sicut
1202 3644 1235 3699 de
1253 3642 1431 3715 Redemptore
1455 3653 1549 3700 nostro
1562 3645 1614 3700 sub
1639 3643 1713 3701 beati

82 3763 158 3817 dium
172 3761 261 3814 waima
274 3775 341 3823 mea,
356 3765 381 3812 et
397 3764 506 3810 mortem
518 3770 578 3808 ossa
594 3748 741 3820 meu?l·ioi
753 3764 801 3815 llll,
813 3748 870 3819 15),
922 3738 974 3794 Jub
986 3737 1096 3793 ltomitle
1106 3735 1206 3791 dicitur
1218 3753 1226 3789 t
1239 3734 1273 3789 Et
1289 3743 1362 3789 toust)
1384 3736 1468 3806 cupite
1481 3752 1604 3789 corruetis
1617 3736 1645 3789 t’u
1660 3746 1714 3791 ier·

81 3854 152 3922 Quid
162 3861 255 3908 autem
273 3865 320 3921 per
342 3848 463 3904 animam
479 3845 533 3901 uisi
550 3844 651 3899 mentis
666 3841 790 3907 intentio,
806 3841 871 3911 quid
922 3846 981 3885 rum
994 3828 1114 3882 adorauit
1132 3825 1203 3896 (dui.
1229 3828 1259 3898 t).
1281 3826 1352 3893 Quid
1367 3827 1439 3881 euim
1452 3843 1500 3897 per
1515 3826 1638 3898 capillos,
1658 3825 1712 3883 nisi

81 3943 272 4018 perossanisi
287 3941 378 3997 carnis
390 3937 521 3995 fortitudo
533 3933 807 4006 designaturiomue
820 3948 873 3992 au·
922 3927 1156 3979 uuelulueuiulsslu
1184 3916 1349 3972 subtilitas?
1373 3915 1439 3987 quid
1469 3933 1516 3986 per
1543 3924 1625 3987 eaput
1657 3916 1713 3971 uisi

81 4049 135 4093 rem
149 4036 227 4106 quon
244 4033 430 4104 suspenditur,
442 4027 539 4101 procul
553 4026 638 4084 dupin
652 4025 687 4080 ab
699 4025 762 4081 imis
779 4024 871 4079 eleva.
923 4026 1031 4070 summa
1042 4008 1188 4066 sacerdotii
1199 4006 1305 4064 Judaiei
1318 4007 1495 4077 designatur?
1508 4005 1584 4062 Unde
1601 4008 1634 4062 ad
1646 4008 1713 4062 Ere·

81 4140 134 4184 tur.
149 4127 252 4181 Anima
267 4138 331 4195 ergo
342 4120 521 4192 suspendium
533 4117 609 4188 eligit
624 4123 654 4171 ut
668 4131 731 4172 ussa
748 4116 872 4170 morian.
922 4105 1036 4163 chielem
1056 4100 1215 4174 prophetam
1238 4099 1337 4155 dicitur
1350 4117 1357 4153 :
1372 4098 1423 4163 Tu,
1438 4097 1479 4176 fili
1500 4098 1624 4166 taurinis,
1639 4115 1714 4153 sante

81 4231 135 4287 mr,
148 4220 228 4291 quia,
246 4218 312 4273 dum
327 4214 426 4271 meniis
441 4210 601 4268 11.oeanst
615 4210 670 4265 alm
685 4224 716 4265 εὖ
737 4208 871 4271 sublevas,
923 4196 971 4249 atu
986 4193 1105 4265 pladiani
1119 4200 1236 4257 oculum,
1251 4189 1386 4244 radentem
1408 4189 1529 4259 capillos,
1550 4200 1576 4244 et
1593 4206 1712 4244 assatura

81 4328 192 4368 amnem
216 4312 244 4364 iu
270 4324 301 4365 se
325 4305 511 4362 fortitudinem
534 4304 597 4359 vitae
621 4301 765 4358 exterioris
780 4309 871 4355 necat.
922 4297 1015 4343 tumui
1029 4286 1283 4354 dimittitemini
1297 4290 1408 4335 idumei
1423 4281 1532 4334 istriam
1546 4280 1652 4350 limi·
1671 4283 1710 4352 r).

82 4403 174 4460 sm}
189 4402 264 4457 enim
278 4398 329 4455 ppt
343 4396 493 4453 certissime
507 4395 608 4462 sctum,
631 4392 696 4465 quta
719 4393 820 4448 habere
842 4392 872 4446 j„
922 4380 951 4434 ln
965 4395 1019 4451 quo
1032 4380 1156 4434 uidelicet
1169 4375 1306 4447 propheta
1318 4373 1390 4429 iaetu
1399 4373 1532 4443 iudicium
1547 4372 1712 4443 Redempto-

81 4497 131 4552 lsac
144 4497 204 4550 vila
228 4491 351 4564 requiem
376 4504 547 4560 nequaquam
562 4496 689 4558 possunt.
710 4485 744 4543 Ει
769 4486 872 4542 idcireo
887 4474 909 4531 u
924 4473 962 4529 tls
983 4471 1155 4542 exprimitur,
1169 4468 1215 4538 qui
1231 4467 1258 4521 iu
1274 4480 1356 4520 carue
1376 4480 1509 4534 apparens
1532 4472 1614 4534 caput
1634 4463 1712 4530 rasit,

81 4587 262 4659 suspendium
273 4583 386 4654 eligunt,
399 4582 464 4652 quia
478 4581 607 4636 nimirum
621 4588 728 4634 terrena
738 4579 871 4634 desideria
922 4564 986 4636 utria
1005 4581 1019 4619 a
1034 4562 1148 4618 ludaico
1167 4557 1319 4615 sacerdotio
1330 4565 1525 4626 praeceptorum
1538 4572 1650 4611 suorum
1666 4573 1713 4611 sa-

81 4672 613 4738 mpesapalmnlmumtouunt,
630 4670 872 4741 snspensiautem
923 4664 1063 4714 eramenta
1092 4653 1213 4709 abstulit.
1243 4648 1359 4703 Barbam
1389 4647 1475 4713 rasit,
1505 4648 1569 4717 quia
1598 4663 1711 4718 reguum

82 4783 199 4830 martem
214 4770 275 4826 suis
288 4767 398 4825 ossibus
413 4764 545 4832 inierunt,
562 4764 627 4835 quia
641 4779 735 4819 amore
749 4778 873 4834 supernae
923 4749 1104 4809 israeliticum
1119 4744 1257 4806 deserens,
1272 4741 1399 4796 decorem
1420 4739 1530 4794 rimatis
1543 4740 1602 4809 ejus
1617 4755 1713 4811 ampu-

82 4865 176 4935 patria
188 4863 216 4920 iu
227 4863 362 4917 virtutum
377 4860 475 4916 studiis
490 4859 605 4915 accincti
620 4858 683 4924 lroc,
698 4856 772 4927 quod
787 4855 872 4913 fortes
923 4845 999 4903 tavit·
1017 4841 1088 4910 Quid
1102 4853 1167 4895 tutu
1179 4837 1231 4891 huc
1245 4834 1307 4890 lucu
1320 4847 1367 4903 per
1380 4840 1491 4900 terram,
1507 4833 1561 4889 nisi
1575 4835 1713 4903 peccatrix

82 4958 160 5028 prius
181 4956 209 5011 iu
224 4953 330 5010 mundo
354 4952 466 5009 inerunt
480 4951 590 5008 vinculo
607 4949 776 5006 humilitatis
797 4949 872 5005 inse,
923 4936 1060 5011 gentilitas
1070 4927 1239 5003 designatur?
1250 4924 1319 4980 Nam
1330 4940 1393 4980 cum
1403 4925 1505 4996 justam
1513 4925 1607 4982 iudaea
1616 4942 1646 4984 se
1657 4942 1719 4984 cro-

82 5057 213 5121 quantur.
921 5033 1011 5096 tieret,
1029 5032 1138 5083 constat
1150 5035 1233 5094 quam
1246 5018 1368 5089 reproba
1383 5017 1416 5072 de
1429 5018 1578 5088 gentilitate
1591 5023 1713 5084 sentiret,

923 5121 1008 5177 Paulo
1022 5123 1174 5174 attestante.
1194 5110 1250 5165 Nos
1267 5118 1365 5163 natura
1378 5106 1480 5178 iudai,
1497 5119 1522 5165 ct
1543 5127 1594 5166 stou
1605 5128 1638 5165 eu
1651 5126 1714 5181 pert-

925 5211 994 5267 tibus
1005 5216 1153 5282 peccatores
1167 5200 1240 5273 (Gai.
1254 5217 1285 5268 ιι,
1302 5200 1359 5270 15).
1379 5199 1512 5259 Mediator
1524 5202 1609 5273 igitur
1619 5210 1715 5258 noster

923 5301 1002 5372 quasi
1012 5299 1126 5354 detonsa
1137 5292 1225 5363 capite
1235 5291 1263 5344 in
1274 5297 1375 5344 terram
1385 5291 1499 5357 corruit,
1513 5292 1578 5362 quia
1588 5291 1712 5347 ludaeam

923 5394 1063 5459 deserens,
1081 5389 1145 5444 dum
1159 5388 1330 5441 sacramenta
1354 5396 1404 5437 sua
1425 5383 1460 5438 ab
1473 5384 1534 5455 ejus
1560 5383 1713 5440 sacerdotio

389 5135 503 5194 CAPUT
522 5135 566 5191 lll.

370 5248 411 5288 ou
429 5245 587 5288 corruas.

115 5323 249 5394 eorporis
272 5320 385 5380 nomina
406 5321 533 5392 quaelibet
556 5327 649 5375 nostra
664 5315 875 5387 actiodesigna·

82 5425 136 5482 tur,
151 5415 227 5472 sicut
246 5414 276 5469 in
299 5411 447 5484 Evangelio
459 5409 582 5466 veritatis
602 5423 669 5464 voce
686 5406 787 5462 dieitur
799 5423 807 5460 ε
819 5404 876 5458 Lus

82 5525 159 5564 aem
172 5507 292 5577 eorporis
303 5506 343 5559 tui
356 5520 395 5560 est
407 5502 500 5558 acutam
514 5511 583 5556 tuus.
597 5500 627 5557 si
640 5499 731 5555 oculus
745 5507 804 5552 tuus
815 5497 877 5567 sue·

82 5603 259 5671 ritumquam,
285 5608 370 5653 tatum
396 5613 491 5667 corpus
520 5603 595 5650 tuum
621 5591 782 5647 tenebrosum
810 5588 872 5642 erit.

82 5691 193 5759 (lutri.
205 5708 246 5758 rt,
257 5690 315 5762 Ἡ).
330 5689 401 5758 Quid
414 5689 487 5746 euim
501 5703 550 5759 per
571 5684 680 5742 oculum
699 5681 874 5754 exprimitur,

924 5485 1045 5551 abstulit,
1060 5482 1095 5538 ab
1112 5477 1237 5536 notitiam
1249 5475 1371 5546 gentium
1391 5477 1476 5532 venit.
1495 5475 1614 5547 Capillos
1636 5477 1711 5532 enim

924 5578 1041 5648 acapite
1052 5575 1129 5641 rasit,
1143 5571 1207 5643 quia
1230 5576 1400 5623 sacramenta
1422 5569 1489 5655 legis
1504 5569 1538 5626 ab
1559 5569 1607 5623 illo
1622 5570 1713 5640 primo

924 5685 976 5727 suo
989 5665 1140 5724 sacerdotio
1151 5657 1270 5719 sustulit.
1287 5654 1316 5711 ln
1334 5665 1435 5713 terram
1449 5661 1563 5730 corruit,
1579 5660 1643 5731 quia
1657 5658 1713 5717 sal·

82 5782 166 5866 m
178 5783 232 5840 oisi
248 5797 319 5856 opus
337 5798 417 5844 suum
441 5777 607 5851 preveniens
629 5773 721 5832 cordis
747 5770 880 5837 intentio,
923 5751 1287 5834 randissesepeccatoribus
1299 5749 1526 5829 deditaliumque
1540 5771 1588 5816 eos
1600 5754 1713 5828 quisine
