3817 6000
57 186 130 246 3709
368 151 647 253 cuuttuutlltibtt
667 192 701 249 ιδ’
716 188 889 249 assultus,
908 222 944 231 -
962 190 1053 246 PARS
1069 189 1114 248 t’l.
1134 222 1168 231 -
1186 187 1283 247 PShL.
1305 191 1383 248 tull.
1624 196 1695 259 llio

60 307 96 359 od
116 307 208 365 naias.
231 309 417 369 Misericordia
440 326 498 381 tao,
522 315 549 370 id
568 323 612 371 est
642 313 760 386 Spiritus
787 327 853 368 sao·
867 318 891 373 Α
905 307 1031 379 inquam,
1046 308 1139 380 populi
1154 323 1203 380 per
1214 308 1283 365 tales
1297 310 1385 367 nubes
1399 310 1426 366 in
1442 328 1525 369 unam
1543 310 1625 371 bdem
1644 333 1694 375 co·

60 408 132 460 erus.
157 415 219 455 cunr
234 402 272 459 sit
285 404 446 475 immensus,
466 416 494 463 et
507 407 534 461 in
549 423 579 464 se
604 406 772 479 magnilieari
797 417 851 459 non
903 401 1028 469 adunati,
1043 417 1095 459 nos
1115 411 1209 473 gentes
1231 416 1282 474 ρει
1301 403 1373 459 ἰιιιεε
1391 404 1477 462 ειειοε
1491 405 1577 463 baum
1592 424 1696 480 eogno-

59 489 159 557 ualeat,
174 501 265 548 tamen
294 494 321 549 lo
343 497 502 567 operatione
524 513 574 553 sua
595 497 785 570 magnificatus
810 502 853 551 cst
903 503 1012 552 scentes
1026 504 1053 550 ιε
1066 490 1197 551 factorem
1212 495 1694 571 nostrum,jurcconiitebimurtibi,

59 598 142 653 ιιιςιιι
158 585 193 638 od
206 585 285 641 reios
299 580 489 657 fabricandos,
502 591 634 661 quoniam
655 610 664 643 ι
681 590 778 644 ridebo
796 603 853 644 em·
903 595 931 642 et
950 588 1087 658 psalmum
1109 587 1228 644 dicimus
1247 588 1351 643 nomini
1374 597 1431 656 tuo,
1447 589 1474 645 id
1492 599 1535 646 est
1546 591 1616 648 Filio
1634 605 1693 659 tuo,

61 672 104 731 los
120 684 147 731 et
165 692 249 749 opera
269 680 418 752 digitorum
435 692 543 738 tuorum
559 682 646 753 (Psoi.
665 698 725 749 ιιιι,
740 682 779 749 i),
800 700 809 734 ι
825 680 853 737 id
902 680 951 752 qui
966 679 1043 751 ponit
1058 695 1203 737 ascensum
1215 690 1295 735 suum
1308 679 1335 734 ln
1349 679 1506 751 hujusmodi
1518 683 1635 740 nubibus
1646 700 1695 754 ρει

59 778 102 824 εει
115 771 254 839 apostolos
269 788 317 844 per
331 774 463 844 Spiritum
487 785 623 837 sanetum,
640 775 667 828 in
690 774 765 829 omni
786 788 852 830 san·
903 782 1038 844 praecepta
1053 781 1080 828 et
1090 772 1183 827 miuas
1197 768 1366 840 tetrantibus,
1389 787 1438 842 ρει
1447 776 1581 831 'miracula
1596 792 1695 834 corus·

52 863 162 919 utitatis
181 864 305 920 claritate
323 877 528 923 consummatos
540 877 567 921 et
577 866 710 922 exaltatos
725 882 757 922 ac
769 864 850 932 coelia,
903 866 1041 931 cantibus,
1062 880 1109 936 ρει
1122 863 1215 919 dulces
1228 865 1366 921 orationes
1380 875 1406 920 ει
1421 869 1620 937 promissiones
1633 870 1695 940 pln-

59 956 87 1011 id
101 965 142 1012 est
162 957 267 1029 angelis
289 958 457 1015 assimilatos
473 978 480 1012 ε
499 968 619 1014 attamen
632 960 709 1030 prius
726 961 852 1031 oropoifi·
903 957 955 1012 niis
969 965 1069 1012 terram
1087 955 1275 1028 irrigantibus.
1298 955 1359 1013 Non
1383 961 1472 1017 solnm
1494 938 1558 1016 vero
1578 961 1694 1031 apostoli

58 1058 120 1102 coto
131 1056 171 1102 cst
185 1049 281 1102 ueritas
297 1058 353 1113 tua,
370 1049 453 1105 idest
470 1048 556 1106 Filius
571 1059 636 1107 tuus
659 1051 687 1105 in
709 1067 791 1122 opere
802 1067 853 1107 suo
904 1057 968 1103 sunt
981 1047 1140 1119 hujusmodi
1159 1048 1256 1115 nubes,
1268 1059 1294 1105 ει
1312 1052 1384 1120 ειειι,
1398 1053 1444 1109 sed
1464 1066 1561 1110 eorum
1584 1068 1696 1125 quoqne

59 1155 108 1209 ρει
125 1155 236 1196 carnem
260 1142 393 1198 risibilem
416 1160 497 1215 arque
512 1144 547 1198 od
566 1145 646 1201 nobes
662 1144 811 1212 iaciendas,
825 1145 852 1200 id
904 1151 1036 1212 sequaces
1059 1143 1234 1213 complurimi
1250 1143 1365 1199 nubium
1378 1154 1405 1201 ct
1427 1144 1560 1202 emiorum
1583 1146 1695 1201 nominc

58 1241 102 1287 est
113 1233 225 1289 eosdem
247 1235 387 1305 apostolos
407 1235 574 1292 condendos.
599 1235 710 1292 Christo
730 1237 803 1293 eninr
824 1237 852 1291 in
903 1233 978 1304 digni
992 1243 1054 1304 post
1066 1236 1206 1305 apostolos
1217 1252 1251 1292 ex
1266 1238 1523 1295 eorumimitatiohe
1535 1239 1694 1296 venerandi,

59 1341 143 1381 carne
166 1326 281 1383 docente
301 1330 469 1399 permultas
489 1330 636 1399 parabolas
659 1339 686 1385 et
708 1322 851 1398 miracula,
903 1323 972 1381 Cum
985 1340 1051 1400 crgo
1073 1336 1112 1383 tot
1129 1328 1231 1384 habeas
1246 1330 1341 1396 eoelos,
1365 1328 1447 1398 licus,
1465 1340 1532 1401 quot
1545 1332 1647 1389 electos
1660 1330 1695 1387 ad

55 1419 157 1489 paucis
169 1419 360 1492 intelligibilia,
375 1437 425 1478 nec
444 1422 513 1494 ipsis
526 1424 658 1494 apostolis
672 1423 852 1496 intelligenti·
903 1415 1019 1489 gloriam
1030 1418 1170 1475 coelestem
1185 1420 1404 1489 predestinatos,

59 1511 124 1578 bus,
144 1511 210 1583 quid
226 1513 429 1584 significaretur
453 1515 481 1570 io
507 1515 619 1583 talibus,
641 1516 693 1587 ipsi
712 1516 780 1572 tales
801 1533 852 1573 aa·
936 1501 1024 1566 Viti·
1037 1509 1081 1566 ¹2·
1096 1508 1229 1566 &⁰1¹⁰st
1243 1529 1321 1583 stier
1333 1515 1444 1571 widem
1463 1514 1654 1583 ιωῑθιιῦθίιιι
1668 1525 1697 1570 ⁶²

60 1603 164 1659 ιιῑιοιεε
188 1602 299 1659 lernau
322 1613 388 1660 sunt
406 1605 440 1661 ln
464 1608 556 1674 notes,
578 1607 705 1664 nubilosa
727 1608 853 1665 videlicet
904 1618 982 1670 runo
996 1618 1098 1657 omrem
1114 1612 1212 1658 terram
1227 1602 1313 1676 oiorr'a
1329 1616 1385 1663 tuo.
1399 1606 1475 1663 liubi
1489 1623 1521 1665 ει
1536 1608 1696 1678 huiusmodi

53 1694 216 1765 cognitione
227 1695 255 1749 ιιι
278 1710 308 1751 se
328 1697 504 1754 continentes
524 1700 685 1771 mysterium
701 1698 777 1774 regni
794 1699 852 1767 bei,
868 1683 890 1739 Β
905 1695 982 1750 ειειίε
996 1705 1126 1766 tauquam
1139 1696 1166 1751 in
1181 1697 1306 1754 in'ieriori
1321 1699 1514 1772 hemisphaerio
1525 1700 1697 1772 latent,qui'a

54 1785 168 1841 caemris
179 1796 269 1842 autem
283 1786 462 1858 inparaholis
476 1790 504 1846 id
523 1799 708 1864 contegentes,
729 1800 760 1848 ut
777 1790 854 1848 rarbi
903 1780 946 1842 rel
961 1787 1083 1843 nondum
1097 1789 1155 1843 nati
1172 1789 1216 1844 rel
1236 1789 1263 1844 in
1286 1788 1424 1861 speluncis
1440 1792 1557 1849 latentes
1576 1793 1625 1849 tibi
1642 1792 1697 1849 soli

60 1878 158 1948 gratia,
171 1895 234 1935 cum
246 1881 383 1938 diceretur
395 1882 456 1939 eis:
477 1875 583 1939 «bohis
606 1883 699 1939 datum
720 1896 854 1941 estnosse
903 1879 962 1935 ιιιιιι
975 1888 1049 1936 ιιιι.
1066 1878 1197 1936 Excitore
1214 1881 1307 1954 itaque
1322 1898 1404 1955 super
1422 1885 1484 1941 illos
1502 1885 1647 1942 exaltando
1662 1885 1696 1941 il-

60 1972 222 2042 mysterinm
241 1975 318 2046 regni
335 1973 400 2040 bei,
422 1976 529 2033 waaris
554 1986 645 2032 aaron
673 1976 700 2032 in
715 1978 854 2048 parabolis
904 1970 958 2043 los,
976 1978 1007 2026 ut
1020 1971 1151 2028 omnibus
1168 1972 1245 2029 ciclis
1267 1975 1403 2042 exaltatis,
1418 1977 1460 2032 rel
1479 1978 1571 2048 potius
1583 1987 1609 2033 tc
1623 1976 1696 2034 Deus

61 2061 160 2129 (liora.
175 2080 213 2131 ιι,
228 2065 283 2137 ιι).
298 2085 307 2119 ι
324 2065 412 2122 irem:
428 2086 438 2120 ι
452 2065 561 2123 Nemini
575 2068 700 2125 dixeritis
709 2069 853 2136 visionem,
904 2060 1023 2119 exaltato
1039 2063 1066 2118 in
1080 2064 1121 2121 eis
1134 2058 1207 2135 pleni
1224 2066 1280 2122 sint
1293 2068 1355 2124 coeli
1370 2078 1398 2123 et
1409 2079 1480 2125 terra
1496 2069 1582 2141 gloria
1599 2080 1657 2138 tua,
1669 2077 1696 2125 ct

60 2155 147 2213 donec
159 2156 247 2215 Pilius
267 2160 391 2218 hominis
415 2176 431 2216 a
454 2161 571 2219 mortuis
594 2170 720 2234 resurgat
742 2156 851 2231 (ιιιιιιιι.
904 2172 983 2228 super
999 2167 1101 2212 omnam
1118 2167 1216 2215 tamem
1228 2160 1313 2232 glorio
1329 2171 1385 2226 tuo,
1401 2162 1465 2218 dum
1482 2163 1575 2219 niellus
1598 2163 1698 2233 hujus·

63 2265 131 2316 ιιιι,
147 2250 186 2322 9),
200 2271 210 2303 ι
225 2251 283 2317 Sic,
298 2269 315 2306 o
330 2251 403 2309 Deus
411 2251 503 2320 Pater,
519 2255 691 2326 magnificato
703 2264 742 2310 cst
756 2255 853 2309 ueritas
904 2249 979 2306 modi
992 2245 1123 2306 coelorum
1137 2248 1204 2308 latet
1214 2248 1245 2308 in
1270 2254 1410 2324 spelunca,
1430 2254 1473 2310 rel
1497 2254 1696 2325 hemisphaerio

62 2351 109 2396 too
129 2357 212 2412 osque
239 2343 276 2396 od
294 2343 378 2398 ttubes
392 2344 558 2410 condendas,
571 2345 605 2400 de
620 2338 720 2415 quibos
736 2340 854 2401 nubibus
905 2340 1098 2410 subterraneo,
1111 2342 1158 2397 sed
1172 2343 1282 2398 exaltati
1298 2344 1488 2415 gloriabuntur
1500 2349 1527 2399 tc
1549 2343 1577 2399 in
1593 2344 1647 2399 illis
1663 2357 1697 2400 aa

61 2443 157 2502 postea
173 2447 222 2504 ρει
235 2434 452 2491 miscricordiam
469 2445 543 2491 tuam
558 2433 621 2490 iacti
636 2445 702 2491 sunt
714 2435 788 2492 eoeli.
904 2447 988 2504 super
1000 2429 1063 2489 iilos
1075 2428 1205 2490 exaltato.

97 2523 239 2582 Undenas
259 2527 352 2597 populi
369 2538 396 2583 et
407 2538 512 2599 gentes,
527 2544 579 2583 nos
597 2528 719 2584 minores
733 2543 781 2598 per
802 2527 854 2583 hu·
940 2522 1035 2579 Gloria
1042 2523 1131 2593 Patri,
1145 2526 1193 2596 qui
1204 2523 1274 2581 Filio
1285 2524 1370 2582 dicit:
1389 2524 1614 2597 bairgaptorto
1626 2542 1694 2583 roca.

59 2610 180 2687 iusroodi
194 2616 281 2671 nubes
299 2619 442 2689 compluti,
462 2629 489 2675 ει
504 2634 552 2689 ρει
565 2616 675 2674 eosdem
690 2620 774 2675 coelos
790 2616 853 2674 illu·
905 2609 999 2669 Gloria
1009 2610 1093 2683 Filio,
1111 2616 1158 2687 qui
1170 2625 1212 2672 est
1222 2614 1313 2673 Patris
1324 2617 1441 2689 piorioet
1453 2618 1549 2674 veritos
1561 2632 1642 2690 arque
1659 2616 1696 2672 cd

57 2707 176 2774 aninati3
195 2708 329 2778 compluti
339 2725 391 2780 per
406 2704 577 2766 historialem
596 2725 648 2766 seu
668 2704 853 2780 parabolicam
904 2705 985 2763 nobes
1007 2709 1190 2779 magnificata.
1220 2708 1313 2765 Gloria
1328 2706 1441 2780 Spiritui
1464 2719 1569 2777 sancto,
1585 2712 1633 2782 qui
1653 2717 1698 2767 cst

58 2815 154 2857 rernm
169 2801 323 2858 divinarum
350 2803 495 2868 notitiam,
518 2803 663 2859 illuminati
679 2818 727 2873 per
739 2818 853 2858 earum·
904 2803 1277 2877 misericoroiomoqoipeora
1291 2807 1426 2878 usquead
1439 2805 1527 2862 caios.
1543 2807 1640 2864 htnen.

58 2889 125 2946 dem
137 2906 229 2953 rerum
246 2894 401 2964 mysticam,
413 2910 461 2951 seu
476 2894 607 2950 moralem
618 2894 760 2951 seientiam
772 2912 780 2952 :
791 2908 852 2963 nos,

71 3050 1688 3080 *qm-w
1699 3050 1702 3082 ι

652 3198 917 3290 ustibus
951 3198 1101 3287 Lvtt.

101 3554 132 3613 Si
146 3572 203 3612 aare
221 3555 310 3627 utiqrre
321 3552 459 3624 justitiam
473 3549 622 3620 loquimini,
642 3546 855 3617 rectojudicote,
870 3553 891 3610 c
908 3541 1073 3602 alteriacob
1083 3541 1204 3603 luctatur
1215 3564 1276 3604 cum
1289 3539 1355 3616 beo,
1375 3556 1403 3603 tu
1414 3547 1571 3619 quicunque
1582 3547 1644 3604 talis
1655 3561 1697 3615 cs,

61 3648 116 3720 fiiri
126 3648 333 3714 hominumetc.
348 3643 449 3701 Psalmi
464 3640 651 3712 hujustitulus
662 3647 745 3711 patet,
756 3637 803 3708 qni
814 3637 855 3692 sic
907 3638 974 3693 mibi
986 3637 1075 3710 primo
1088 3638 1276 3694 admonendus
1287 3654 1318 3694 es
1341 3655 1372 3694 ιιε
1382 3638 1519 3708 disperdas
1539 3640 1567 3695 in
1582 3650 1609 3695 ιε
1629 3639 1698 3695 titu-

62 3758 94 3800 r·
110 3741 214 3796 babet:
740 3771 744 3780 -
907 3731 964 3786 lum
977 3727 1059 3803 Regis
1073 3728 1245 3799 iudaeorum,
1261 3727 1288 3785 id
1303 3733 1346 3786 est
1363 3730 1564 3798 confitentium,
1576 3732 1619 3786 vel
1641 3744 1698 3788 non

99 3833 194 3905 (i'sns.
215 3831 254 3903 l..)
274 3846 397 3897 turrucu,
410 3840 856 3886 rranrsrnnuisrstnsconnourns
908 3825 1068 3883 confitendo
1085 3824 1160 3896 quod
1184 3824 1224 3881 sis
1249 3833 1387 3896 peccator,
1401 3823 1445 3879 rai
1465 3839 1521 3879 non
1535 3833 1608 3880 recte
1621 3823 1698 3894 judi·

187 3939 268 3979 ιιιιιι
290 3938 316 3977 ιιι
334 3937 427 3977 rtrum
444 3935 629 3977 ruscrrrrtons
644 3918 730 3988 (lii),
907 3920 997 3978 cando
1023 3920 1097 3976 unde
1114 3911 1154 3976 sis
1168 3928 1305 3990 peccator.
1331 3915 1400 3972 Nam
1414 3917 1437 3974 si
1456 3927 1528 3973 recte
1547 3915 1699 3984 chanaaei

99 4015 179 4083 Quod
191 4025 234 4071 est
244 4015 335 4070 dicare
347 4032 354 4069 :
367 4012 555 4070 Psalmusiste
565 4009 713 4082 respiciens
724 4010 751 4064 io
765 4009 855 4079 finem,
907 4029 963 4068 non
979 4021 1053 4069 recte
1077 4012 1184 4069 dividas
1197 4021 1310 4084 peecata
1332 4007 1441 4084 quidem
1463 4009 1630 4076 conitendo,
1649 4010 1698 4066 εειι

63 4106 148 4163 idest
169 4107 196 4161 ιιι
209 4106 361 4172 Christum,
386 4105 516 4159 admonet
532 4111 568 4170 ιε,
587 4102 745 4173 quicunque
758 4101 807 4167 sis,
825 4116 857 4154 oc
907 4120 963 4161 non
978 4113 1033 4161 tuae
1043 4103 1130 4175 culpae
1143 4105 1318 4169 ascribendo,
1330 4103 1461 4175 peccasti.
1483 4101 1553 4170 Quid
1569 4118 1634 4174 crgo
1649 4118 1698 4158 es-

63 4199 203 4268 disperdat
216 4196 303 4253 Dauid
316 4198 342 4250 r'n
356 4195 430 4250 tiroli
442 4194 622 4264 inscriptione,
635 4194 661 4249 id
672 4202 715 4249 est
726 4208 761 4248 ιιε
776 4190 856 4248 sicuti
907 4199 983 4270 pedit
994 4198 1063 4264 fleri,
1079 4213 1096 4253 ο
1109 4197 1158 4253 filii
1174 4191 1339 4253 betorinum?
1352 4196 1419 4252 bico
1430 4197 1509 4252 vohis
1524 4215 1530 4252 :

64 4288 153 4346 iudaei
167 4289 287 4346 dicentes
299 4286 387 4342 Pilato
412 4304 419 4341 ;
442 4304 452 4338 ι
471 4286 531 4343 lioli
544 4286 664 4342 seribere
679 4286 736 4340 ilex
748 4282 857 4340 iudaeo·
944 4290 1027 4347 voris,
1042 4291 1070 4347 ι,
1092 4285 1122 4347 si
1135 4308 1194 4345 ocra
1215 4292 1305 4362 orique
1322 4291 1458 4361 justitiane
1473 4289 1622 4361 loquimini,
1646 4289 1696 4356 ait,

64 4396 129 4437 rum
143 4377 234 4451 (icore.
246 4380 370 4450 iusti),
385 4399 394 4430 r
407 4387 554 4449 tuquoque
568 4378 677 4434 abieras
687 4377 797 4433 Christo
812 4392 856 4432 re·
908 4393 981 4439 recta
991 4384 1123 4454 judicare,
1138 4383 1190 4454 litii
1203 4382 1350 4440 leoninum.
1365 4381 1424 4440 Non
1438 4383 1536 4440 dicatis
1553 4401 1560 4438 ι
1571 4381 1638 4454 justi
1650 4393 1699 4439 su·

71 4488 156 4544 gnum
171 4473 390 4543 eius,quantun1
405 4472 432 4526 in
448 4481 474 4526 te
487 4480 539 4537 est,
555 4470 661 4526 scilicet
673 4478 700 4524 ιε
721 4471 811 4540 ipsum
831 4468 857 4523 ei
907 4492 980 4532 mus,

66 4564 266 4631 subtrahendo,
289 4564 363 4635 quod
387 4577 502 4634 regnum
527 4561 555 4615 in
580 4562 652 4616 tituli
677 4561 857 4632 inscriptione
945 4566 1027 4622 iens.
1041 4566 1068 4621 5.
1089 4564 1196 4620 Etenim
1208 4565 1237 4619 in
1248 4564 1325 4619 corde
1335 4561 1490 4635 iniquitates
1503 4565 1660 4635 operamini,
1670 4564 1699 4620 in

66 4656 119 4712 loir
134 4665 267 4711 notatum.
909 4669 980 4714 terro
993 4661 1140 4729 injustitias
1158 4674 1252 4712 manas
1265 4655 1357 4713 oestro
1367 4659 1538 4713 concinnant.
1552 4657 1611 4714 Nisi
1622 4658 1699 4715 diea-

102 4747 147 4802 uir
166 4756 256 4801 autern
274 4744 409 4817 Propheta
437 4745 464 4801 in
490 4743 543 4800 hoc
566 4743 672 4815 psalmo
694 4741 727 4797 de
750 4742 857 4813 justitia
908 4751 965 4805 tis:
982 4756 1249 4819 peccnurressumus
1263 4758 1290 4802 et
1310 4746 1455 4816 justificari
1479 4764 1532 4802 non
1548 4762 1698 4819 possumus

66 4839 270 4920 primaindaeis
283 4855 338 4896 non
355 4849 428 4897 recta
444 4838 632 4910 judicantibus
653 4836 854 4908 exprobrando,
908 4842 963 4898 nisi
986 4856 1034 4912 per
1052 4840 1192 4896 hominem
1215 4835 1309 4895 iesum
1331 4838 1482 4906 Christum,
1497 4840 1698 4909 disperdidistis

67 4936 94 4989 in
109 4949 142 4988 co
156 4948 206 4989 nos
213 4932 367 4988 admonens
388 4948 422 4988 ιιε
442 4931 541 4988 similia
554 4929 697 4985 iaciamus.
719 4928 855 4996 Secundo,
872 4898 895 4953 D
911 4933 984 4987 lronc
996 4931 1117 4998 titulum,
1134 4946 1185 4986 nee
1199 4932 1295 4985 attinet
1307 4930 1340 4986 ad
1353 4945 1402 4986 ros
1412 4930 1486 5000 qnod
1503 4929 1623 4985 dicitur:
1638 4927 1698 4983 lies

66 5041 129 5096 qoae
149 5025 204 5080 illis
225 5025 261 5081 sit
283 5025 426 5081 retributio
450 5034 545 5080 narrat
570 5023 607 5079 ibi
624 5042 631 5077 ι
647 5022 718 5077 Deus
743 5031 858 5078 conteret
909 5017 1077 5079 iudeorum.
1093 5022 1159 5078 item
1176 5023 1199 5079 si
1214 5022 1332 5079 dicatis:
1347 5032 1505 5093 peccatores
1526 5021 1636 5091 quidem
1651 5036 1698 5075 su·

67 5119 156 5172 dentes
170 5133 272 5172 aaroni.
290 5115 383 5171 Tertio
398 5117 465 5173 dicit
481 5117 628 5188 impiorum
642 5115 745 5170 ultione
756 5115 857 5187 corrigi
909 5133 984 5185 mus,
996 5116 1044 5173 sed
1056 5114 1112 5171 iata
1126 5115 1177 5171 hoc
1187 5109 1320 5182 iecerunt,
1333 5114 1418 5170 stellae
1435 5113 1489 5169 hoc
1503 5110 1636 5178 iecerunt,
1651 5130 1699 5168 rra·

67 5210 128 5281 pios
148 5220 176 5266 ει
199 5211 290 5282 justos
310 5209 346 5265 ibi
363 5228 370 5264 ε
389 5208 538 5266 Letoiitur
553 5210 655 5281 justas,
678 5224 738 5262 cum
761 5208 857 5263 uiderit
909 5225 1048 5281 quaquam
1056 5210 1193 5279 justitiam
1206 5207 1357 5279 loquimini,
1378 5220 1552 5277 nequaquam
1566 5215 1637 5260 recto
1654 5206 1700 5276 y'a·

67 5303 221 5359 vindictam.
249 5301 303 5358 Sed
317 5301 383 5374 quia
399 5302 503 5359 inistis
528 5301 724 5373 quinquaginta
744 5301 857 5371 psalmis
909 5303 1018 5367 dicatis,
1028 5301 1080 5372 filii
1091 5302 1237 5355 ironrirnon.

67 5394 213 5453 instruitur
227 5404 348 5452 εειιιιοι
370 5394 427 5462 ιιιε,
449 5394 496 5466 qui
511 5394 582 5451 inter
607 5411 683 5466 spem
704 5403 732 5450 ει
752 5403 855 5450 metum
946 5394 1029 5452 iras.
1045 5395 1072 5449 i.
1092 5393 1233 5465 Ejusnrodi
1255 5400 1413 5464 peccatores
1434 5390 1578 5446 abalienari
1596 5401 1658 5446 root
1681 5405 1700 5445 ιι

67 5487 176 5563 positus
193 5504 248 5544 noo
262 5488 353 5545 solum
368 5498 463 5545 curura
483 5504 604 5557 carnem,
622 5488 670 5545 sed
683 5488 765 5545 etiam
777 5488 857 5559 quasi
910 5486 997 5556 onina,
1015 5494 1168 5542 ειιιιιειιιιι
1186 5485 1218 5540 oi
1234 5493 1319 5554 atero,
1341 5484 1423 5540 iocati
1432 5492 1494 5539 sont
1508 5483 1590 5555 solco,
1604 5482 1700 5540 rideli-

105 5674 180 5747 (132)
203 5672 336 5749 Vulgata:
354 5671 396 5732 Ne
410 5672 550 5746 disperdas
565 5672 650 5729 Dorici
668 5666 696 5729 in
708 5673 779 5729 tituli
794 5672 1003 5743 inscriptionem.
