3817 6000
61 244 113 300 idi
303 239 381 298 tua.
398 239 588 299 destitutus
600 241 831 299 impositus
842 240 1124 299 nbtcduusesuu.
1147 273 1181 283 -
1197 241 1464 302 inolescimus.
1645 247 1699 305 tta

58 359 179 417 mentis.
202 358 282 416 Nunc
296 374 363 431 ergo
375 376 457 433 aquae
467 362 552 418 maris
566 361 594 417 ln
615 371 676 418 utre
688 370 859 433 congregate
871 373 898 433 Α
911 361 1022 418 cutione
1043 370 1184 417 crescente
1197 371 1307 433 apertas
1330 362 1519 419 hereticorum
1533 378 1613 419 voces
1628 366 1698 420 tola-

58 453 140 519 suut,
153 466 219 507 eum
230 452 386 508 amaritudo
401 467 535 523 μεινεκε
550 454 649 510 mentis
663 468 718 510 aron
737 452 857 522 erumpit
909 470 973 512 rare
985 454 1170 526 compellitur,
1188 470 1251 511 cum
1263 462 1356 512 motus
1369 454 1461 512 cordis
1472 454 1526 521 sui,
1543 470 1612 524 quos
1625 472 1700 511 nnnc

61 545 230 602 erumnam
241 560 336 602 rocem
347 561 440 617 praru
451 545 598 604 libertatis.
611 545 689 604 'lunc
702 548 775 603 euim
787 548 859 604 sicut
908 548 980 603 intra
995 547 1194 619 cogitationum
1216 545 1294 602 sinus
1314 555 1482 618 contegunt,
1507 555 1573 601 tune
1585 546 1613 600 in
1631 561 1700 603 noce

61 633 257 705 perloaunem
267 635 649 707 dicitur,drucoinulgautm
665 637 858 693 clamucium·
908 639 1046 697 manifesti
1071 639 1175 696 erroris
1191 641 1327 711 aperiunt.
1353 637 1391 693 lle
1416 637 1497 710 652
1521 637 1575 692 lroc
1598 637 1698 691 iterum

61 726 217 796 urtupoe.
231 742 261 796 x,
274 725 316 799 2),
328 727 394 798 qnia
410 727 544 784 diabolica
555 729 700 785 malitiain
711 742 858 799 pratorum
908 740 969 787 utre
983 747 1031 802 per
1044 730 1169 786 eumdem
1187 729 1362 786 Psalmistum
1385 730 1450 784 alibi
1469 727 1699 784 diciturestutuit

62 817 191 874 subdolis
207 818 343 875 cordibus
364 818 528 875 occultatur.
541 817 610 887 Sed,
632 819 705 875 sient
719 819 776 876 illie
788 820 858 876 scri-
908 840 992 895 uquas
1016 822 1093 893 quusi
1117 823 1147 877 in
1169 833 1229 877 utre
1248 822 1336 894 (Paul.
1352 838 1454 888 nxxrrr,
1467 822 1523 890 ld).
1537 820 1655 892 Require
1669 821 1697 877 iu

61 918 142 980 ptum
165 920 232 966 esta
250 909 386 965 Educetur
412 911 494 966 druco
517 911 550 966 de
570 920 650 981 puteo
672 911 762 982 abgari
779 910 857 981 (ibid.
908 915 1012 985 capric
1025 913 1114 984 aquis.
1125 913 1226 970 Utrum
1238 913 1348 969 nomine
1356 913 1439 968 etiam
1449 913 1599 967 electorum
1613 911 1699 967 corda

64 1017 103 1067 rx,
114 1001 158 1073 2),
174 1002 242 1073 quia
254 1000 302 1072 qui
316 1001 466 1073 modoprae
477 1002 575 1058 timore
586 1001 698 1074 tegitur,
713 1011 780 1060 tuuc
789 1017 858 1060 con·
909 1006 1064 1077 signantur,
1079 1003 1149 1059 sicut
1163 1004 1191 1058 in
1203 1002 1475 1074 Evangeliodieitur:
1489 1000 1587 1057 Vinum
1602 1014 1701 1058 nomn

63 1099 106 1146 tra
125 1101 255 1148 metam
269 1091 421 1149 Ecclesiam
432 1092 541 1164 publice
551 1093 586 1149 de
597 1093 754 1164 iniquorum
768 1094 859 1151 cordi·
909 1098 1104 1151 inutrcrnouos
1120 1094 1230 1167 (liuttlu.
1243 1110 1281 1163 rr,
1294 1094 1350 1165 ll).

61 1179 219 1238 mannua
240 1180 410 1254 serpentium
424 1182 502 1238 virus
529 1191 675 1254 aperturus
700 1191 753 1239 est.
780 1181 860 1240 Nunc
1211 1226 1325 1284 CAPUT
1345 1226 1378 1281 lx

64 1269 138 1326 euim
153 1270 302 1328 amcoudit
325 1286 358 1328 se
384 1271 436 1329 sub
458 1272 615 1330 blandiente
635 1272 729 1345 lingua
744 1274 859 1330 seriem
1383 1268 1391 1283 ’

64 1358 249 1428 mentia,
261 1369 288 1416 ct
301 1359 406 1416 malitia
420 1360 577 1418 calliditatis
591 1362 672 1435 quasi
694 1361 814 1435 quodam
827 1377 859 1419 sc
1182 1356 1230 1396 Μ
1261 1355 1419 1396 mm·

63 1448 132 1522 tegit
141 1450 248 1525 abysso
267 1450 465 1510 simulationis.
481 1451 579 1509 llcnict
594 1452 718 1525 prolecto
732 1462 857 1525 tempus,
941 1451 1116 1524 lagenarum
1135 1453 1247 1508 nomine
1263 1467 1378 1522 corpora
1398 1460 1493 1508 nostra
1508 1452 1698 1524 designantur,

63 1543 175 1609 qundo
197 1552 294 1601 contra
312 1555 437 1603 sanctam
452 1545 604 1604 Ecclesiam
617 1547 740 1619 perversi
759 1561 858 1603 carna·
909 1545 982 1602 uictu
1002 1547 1031 1601 in
1050 1546 1120 1601 bello
1147 1544 1283 1601 Gedeonis
1308 1543 1478 1616 significatur
1498 1563 1509 1599 a
1535 1540 1618 1613 Cujus
1633 1543 1700 1597 socii

64 1616 105 1691 ἴα
116 1644 215 1706 aperta
230 1651 299 1693 voce
314 1637 475 1709 praedicem,
489 1638 564 1711 quod
575 1655 651 1697 natue
663 1640 770 1697 occulta
783 1638 860 1712 cogi-
908 1636 1128 1709 cunimundum
1142 1635 1321 1707 lampadibus,
1344 1643 1370 1692 et
1389 1635 1459 1690 tuiis
1474 1634 1508 1689 cd
1524 1634 1621 1690 tellum
1636 1649 1699 1704 pru·

65 1728 169 1785 tadone
184 1729 348 1786 moliuntur.
367 1729 491 1788 Extremi
502 1731 603 1804 quippe
616 1731 749 1803 temporis
762 1745 858 1803 perse-
904 1737 1052 1786 cesserunt.
1065 1726 1133 1784 lide
1144 1726 1193 1782 lib.
1205 1742 1232 1794 u,
1247 1741 1307 1798 cap.
1321 1725 1368 1793 27,
1382 1724 1446 1781 dist.
1457 1724 1484 1780 3.

69 1888 1702 1955 mee-zm

737 2150 805 2191 auxo
823 2148 915 2190 1201le
937 2149 1038 2191 fimi}

312 2374 618 2583 vnn.
707 2366 1436 2582 cannones

145 2765 696 2887 PRAEPOSITUS
729 2765 1619 2887 REICHERSPERGENSIS

334 3151 998 3318 nissun'rnrro
1046 3180 1434 3314 rnnvin

397 3464 472 3554 ΒΕ
507 3462 653 3557 vlit
688 3462 764 3552 ΕΤ
798 3459 1067 3552 SClilPTlS
1102 3456 1378 3550 GiiltHOlll

79 3676 128 3750 (D.
154 3674 313 3734 summus
338 3670 448 3741 Psurus,
475 3670 585 3743 Prolcg.
611 3671 646 3726 ad
670 3667 1042 3810 Comffsgt.vidngzllnol¹rini8n)
1061 3665 1205 3735 Psalmos,
1232 3666 1359 3725 inurar.
1382 3666 1530 3737 Aratu..
1551 3675 1619 3728 tour.
1645 3666 1681 3730 V.

367 4051 417 4109 nb
435 4048 780 4117 suvunmotssmtttt,
800 4044 1070 4104 Punmuusrsuu
1090 4046 1136 4104 st:
1155 4039 1395 4103 metisstittitt

585 4226 640 4313 b.
680 4225 737 4312 l).
774 4221 1188 4313 HERCULANUM

63 4422 297 4491 celeberrime
326 4438 362 4485 nc
387 4414 676 4482 florentissimum
705 4411 849 4494 Βηθανία
870 4395 1042 4474 'uronice
1065 4410 1407 4492 lieichcrspcrgonsis,
1432 4409 1558 4474 ordinis
1576 4413 1698 4477 Cauou.

164 4500 283 4584 ilegul.
300 4503 334 4566 s.
351 4495 527 4580 Augustini
544 4493 753 4574 prepositum
770 4490 1077 4583 uigilantissimum,
1094 4497 1174 4580 etc,
1188 4499 1269 4567 etc,
1285 4507 1384 4556 sacro
1402 4489 1606 4572 antiquitatis

525 4581 560 4638 et
577 4574 737 4636 bonarum
754 4570 937 4635 litterarum
952 4574 1227 4635 amantissimum.

86 4938 208 5003 Nouem
229 4941 440 5008 pruterpmpter
458 4929 524 4986 anni
541 4935 617 4993 sunt,
633 4924 871 4991 reverendissime,
883 4923 1049 4996 perillustris
1071 4936 1104 4977 ac
1114 4918 1284 4992 amplissime
1304 4918 1490 4993 precntum
1505 4934 1521 4975 a
1535 4934 1581 4977 ms
1601 4918 1702 4978 litteris

55 5033 235 5093 mutuentur
256 5028 420 5100 appellatus,
434 5022 600 5080 lectissimos
616 5028 679 5076 octo
695 5018 887 5074 membraneos
899 5016 1021 5083 codices,
1031 5014 1134 5086 quibus
1148 5012 1298 5080 luculenta,
1313 5021 1342 5068 et
1353 5012 1422 5069 uiris
1436 5012 1552 5068 eruditis
1567 5012 1701 5069 hactenns

55 5131 167 5204 perdite
187 5127 343 5185 desiderata
363 5119 618 5190 sanctissimiJnxta
633 5133 666 5173 ac
678 5114 832 5171 doctissimi
847 5130 895 5171 ses
905 5112 963 5170 lere
976 5112 1076 5170 abhinc
1088 5110 1196 5168 saeculis
1217 5105 1403 5165 antecessoris
1416 5104 1457 5159 tui
1480 5103 1601 5160 Gerbobi
1618 5119 1702 5173 opera

55 5224 164 5281 inedita
179 5218 400 5283 continebantur,
415 5213 548 5287 singulari
565 5212 732 5285 benignitate
749 5210 977 5280 immanitateque
1002 5207 1179 5264 transmissos
1192 5220 1262 5261 rucue
1284 5201 1348 5258 fidei
1371 5209 1399 5258 et
1413 5200 1563 5273 diligentiae
1575 5199 1703 5256 commit·

53 5327 118 5374 tere
145 5312 362 5383 haudquaquam
383 5308 545 5380 dedignatus
564 5322 604 5363 es.
626 5305 702 5373 Quos
724 5303 837 5376 quidem
858 5319 922 5361 moa
949 5312 981 5360 ut
1001 5303 1121 5359 uidimus
1137 5298 1325 5373 (ecquisenim
1340 5302 1447 5350 tantum
1459 5291 1628 5363 triumphum
1637 5303 1702 5345 cum

51 5424 142 5481 quam
160 5404 290 5478 piurimis
302 5417 392 5459 rerum
405 5400 499 5473 gnaris
512 5414 567 5456 non
579 5399 652 5455 illico
662 5396 886 5466 communiceti)
908 5411 965 5452 uon
976 5395 1117 5467 potuimus
1134 5408 1189 5450 non
1208 5407 1225 5448 e
1248 5387 1365 5459 vesdgio
1391 5386 1460 5442 adeo
1484 5385 1650 5456 sapientem,
1672 5381 1702 5436 iu

53 5502 230 5561 sacratiores
246 5496 341 5555 llusas
360 5494 469 5552 lacilem
482 5492 679 5563 liberalemque
690 5489 837 5562 presulem
846 5487 964 5560 prolixis
975 5488 1005 5543 iu
1014 5487 1114 5544 caelum
1125 5483 1254 5543 laudibus
1267 5481 1349 5550 leurs,
1363 5496 1481 5553 eumque
1507 5479 1555 5534 toti
1570 5478 1631 5534 orbi
1654 5476 1701 5534 lit·

52 5594 162 5652 terario
177 5591 264 5648 eduse
274 5587 416 5662 gratulari,
429 5597 460 5644 ut
471 5588 519 5659 qui
529 5587 664 5644 nobiliora
677 5586 895 5658 pretiosioraque
916 5583 1018 5642 ueteris
1029 5585 1190 5640 litterature
1204 5589 1382 5636 monumenta
1407 5587 1435 5634 et
1455 5575 1600 5633 arcaniora
1632 5574 1702 5631 insi-

51 5691 117 5764 gnis
131 5686 376 5746 bibliothecarum
390 5684 498 5742 cimelia
509 5684 562 5741 luci
576 5683 692 5756 publicu
706 5682 805 5741 etusui
820 5680 960 5741 communi
979 5678 1140 5752 exponenda
1163 5686 1219 5736 taur
1236 5679 1361 5750 prompte
1372 5685 1404 5729 ae
1426 5668 1554 5726 alacriter
1582 5667 1699 5735 eederet,
