3817 6000
58 259 120 317 2¹53
665 257 986 318 tuuu0n12tu‘tttt.-
1006 262 1070 321 tau.
1093 263 1138 320 l’i.
1658 273 1713 331 151

97 374 257 445 «Denuntio
273 374 361 428 sancti
376 372 500 443 apostoli.
515 373 662 444 olipauuaiu
674 375 870 430 erctesiastim·
887 382 907 436 Α
922 377 1024 448 ptrippe
1038 379 1126 435 satrcti
1141 394 1224 450 snper
1238 382 1418 454 caliginosum
1430 381 1512 457 344
1528 387 1649 442 montem
1674 389 1713 444 sl-

99 444 871 587 wemmam''J'‘'r'agf‘izzzffssm‘zmiffo
921 487 1005 540 guum
1029 469 1147 539 eleuant,
1161 473 1272 543 quaudo
1297 481 1391 529 contra
1411 472 1519 530 Satauae
1540 476 1712 546 snperbiam,

101 587 171 640 σιω,
188 587 243 640 53„
259 602 344 640 mm
366 585 523 656 smmum,
536 585 682 656 anquando
694 587 798 657 amm,-
818 588 870 641 pa.
920 578 982 631 (ιε
994 578 1065 633 supe
1076 564 1128 619 snb
1141 564 1239 621 nebula
1252 566 1437 624 simulationis
1450 568 1628 625 absconditur
1644 572 1713 626 reri-

102 669 160 713 tres
175 655 375 727 iuteliipnntur.
618 655 621 663 '
922 663 1004 710 tatem
1015 656 1105 713 criseis
1119 658 1249 713 exaltant.

92 748 184 819 ,(111)
204 747 306 804 lloutis
320 746 432 803 nomine
446 746 606 806 incarnatus
623 747 753 804 Dominus
770 748 870 805 intelli·
956 749 1032 820 (liii)
1052 749 1152 808 blotrtis
1166 752 1278 808 nomine
1292 752 1437 809 haereticus
1451 754 1566 825 quilibet
1582 756 1715 828 exprimi·

62 844 153 915 gitur,
169 842 245 897 sicut
257 856 307 911 per
321 838 490 896 Ezechielem
512 842 613 898 dicitnr
628 860 636 897 ε
654 839 688 895 Et
708 842 813 896 diutisit
831 858 871 896 nte
921 850 976 908 tur,
994 842 1066 899 sieut
1079 860 1111 899 cx
1129 860 1196 900 voce
1209 843 1338 902 Ecclesia
1356 845 1504 904 Psalmista
1527 850 1565 904 ait
1578 847 1632 904 :lu
1658 849 1713 904 Do·

62 948 147 1003 saper
170 940 288 985 nsosttem
301 933 434 986 accisam
446 931 527 987 nitatis
542 930 651 1004 (Esecis.
673 947 718 998 au,
729 931 768 1001 1).
782 929 869 999 Quem
921 934 992 988 utino
1005 935 1109 1005 cosrfido
1121 937 1252 1007 paotrtodo
1266 937 1358 993 dicitis
1373 938 1469 995 unitate
1479 941 1561 996 satam!
1576 941 1713 998 Transmi-

63 1026 141 1081 caim
157 1022 301 1097 siguificat
312 1037 392 1079 mous
407 1023 534 1079 excelsus
554 1022 607 1079 nisi
623 1022 801 1079 modiolorum
820 1021 869 1079 Dei
920 1042 968 1096 pru
991 1026 1019 1080 iu
1032 1037 1146 1082 arontam
1165 1028 1232 1084 sicut
1247 1045 1338 1099 passer
1353 1029 1441 1101 (Psoi.
1458 1047 1484 1098 s,
1502 1032 1542 1103 D).
1556 1029 1711 1089 cumcuim

63 1128 92 1174 et
107 1116 261 1173 bominum
277 1114 419 1173 Christum
438 1115 555 1173 iesum?
567 1115 601 1173 lit
615 1118 649 1174 de
661 1126 732 1173 terra
747 1116 868 1189 quidem,
920 1117 991 1173 lrdcli
1008 1118 1107 1174 atrimae
1129 1118 1234 1176 unitate
1260 1120 1400 1190 derelicta,
1418 1122 1563 1177 intumenti
1586 1123 1713 1180 doctrina

64 1213 114 1269 sed
137 1212 214 1268 ultra
241 1219 342 1267 terram
357 1218 420 1266 est:
437 1210 501 1282 quia
519 1226 585 1266 caro
599 1210 720 1283 ejusdem
736 1209 870 1280 liedemp·
919 1210 1186 1268 conDdercitaeretici
1200 1213 1712 1288 praedicatorisdicitur,qttasideserto

66 1305 138 1362 toris
154 1304 248 1360 nostri
262 1305 296 1359 de
308 1304 371 1359 imis
383 1303 463 1360 haltet
477 1302 629 1370 arateriatn,
649 1303 696 1360 sed
712 1304 739 1361 in
752 1304 869 1360 summis
919 1301 1037 1358 Domino
1051 1302 1079 1358 iu
1091 1311 1213 1360 montem
1226 1306 1421 1377 transmigrare
1432 1307 1573 1363 suadetur.

65 1397 236 1470 pneetmnet
247 1411 281 1454 ex
300 1404 444 1468 potestate.
463 1394 551 1463 Quem
573 1394 665 1452 minus
679 1404 751 1463 erat,
774 1404 805 1451 ut
819 1408 869 1451 ex·
954 1394 1055 1453 biantis
1070 1396 1182 1453 nomine
1193 1395 1324 1454 iudaicus
1340 1399 1458 1469 populus
1474 1400 1643 1473 designatur,
1656 1414 1712 1457 sre-

63 1495 178 1552 celsum
189 1491 306 1559 diceret,
319 1490 372 1548 nisi
387 1490 498 1547 adderet
512 1489 596 1546 trimis
612 1507 619 1545 ι
634 1488 699 1561 qrria
714 1504 767 1545 uon
779 1489 868 1546 solum
920 1497 950 1544 ut
973 1486 1057 1545 isaias
1081 1490 1214 1560 propbeta
1238 1498 1363 1558 testatur,
1386 1492 1433 1562 qui
1452 1492 1556 1550 dixisse
1573 1493 1712 1550 diabolum

64 1586 166 1652 bomo,
183 1584 233 1641 sed
255 1582 379 1653 ejusdem
402 1579 582 1637 immanitatis
603 1579 793 1652 conceptione,
807 1594 869 1650 quar
919 1578 1062 1636 denuntiat
1078 1578 1173 1635 diceus
1187 1599 1193 1635 :
1207 1576 1307 1636 Sedabo
1321 1581 1349 1634 in
1364 1590 1451 1636 manta
1466 1584 1616 1637 testanuuti
1629 1582 1657 1636 iu
1670 1582 1713 1636 lu-

63 1678 101 1733 ab
118 1691 156 1733 eo
175 1684 319 1747 assumpta
333 1683 376 1732 est
389 1672 461 1730 Deus
473 1682 501 1730 et
515 1674 617 1730 bomo:
634 1688 687 1729 oon
705 1673 795 1730 solutu
818 1673 869 1728 bo·
920 1673 1019 1727 teribus
1044 1672 1177 1743 aquileius
1201 1670 1270 1745 (lau.
1296 1688 1353 1742 xta,
1373 1673 1429 1745 11).
1453 1672 1554 1745 Repete
1578 1689 1640 1746 cap.
1664 1689 1710 1742 at,

65 1784 112 1825 tuo
125 1784 215 1840 super
234 1768 372 1833 homiues,
392 1765 440 1824 sed
462 1766 547 1823 bomo
562 1766 644 1822 etiam
659 1765 868 1837 superangclos
919 1765 967 1821 lib.
979 1782 1000 1831 r,
1012 1765 1133 1823 distinct.
1146 1766 1172 1820 l.

64 1861 174 1918 iactus.
191 1860 273 1917 lions
284 1876 349 1931 ergo
365 1860 416 1917 iste
427 1859 553 1915 excelsus
565 1857 648 1932 343
658 1867 710 1927 εει,
724 1866 753 1915 ει
765 1858 866 1927 nimis3
954 1857 1030 1929 (tau)
1048 1857 1149 1915 llorttis
1164 1857 1275 1915 nontine
1289 1858 1405 1915 altitudo
1414 1858 1494 1915 bona
1505 1860 1567 1915 ritu
1586 1858 1712 1931 designa·

64 1953 213 2025 quiaetsi
229 1951 348 2008 detersa
366 1960 410 2008 est
419 1966 467 2022 per
482 1951 664 2007 substantiam
677 1950 867 2018 immanitatis,
919 1960 974 2018 tur,
1001 1952 1073 2007 sicut
1094 1967 1143 2023 pcr
1168 1948 1267 2007 isaiam
1293 1952 1467 2021 predicatori
1489 1951 1591 2007 dicitur
1604 1969 1611 2006 ι
1625 1950 1713 2020 Super

65 2044 360 2117 incomprehensibilis
378 2053 470 2099 tamen
489 2052 540 2107 est,
557 2058 590 2098 ex
606 2041 751 2098 altitudine
765 2039 868 2097 Dirini·
918 2051 1032 2097 aretatem
1056 2042 1188 2097 cacabum
1210 2042 1333 2109 ascende,
1356 2051 1385 2097 tu
1405 2043 1451 2114 aui
1466 2042 1631 2113 crannolinus
1646 2041 1712 2099 Sion

66 2138 144 2197 tatis.
163 2134 237 2193 lliue
257 2144 299 2193 est
314 2135 387 2207 quod
402 2135 529 2192 eumdem
543 2133 689 2191 Dominum
702 2148 764 2190 cunt
784 2132 868 2191 isaias
919 2127 989 2200 (isa.
1013 2145 1058 2196 xc,
1073 2128 1112 2200 9).
1127 2126 1197 2195 Quid
1225 2129 1309 2184 etlam
1321 2128 1423 2184 montis
1444 2128 1555 2184 nomine
1574 2128 1628 2186 nisi
1656 2129 1710 2184 alta

67 2229 206 2302 propheta
231 2228 398 2300 prospiceres
411 2228 442 2299 jn⁴
464 2243 547 2285 wne
560 2243 622 2284 esse
641 2236 787 2284 venturum
804 2242 869 2299 pro.
917 2219 973 2281 rita
988 2217 1163 2290 intelligitur?
1173 2216 1262 2289 Super
1272 2227 1392 2274 montera
1407 2216 1490 2289 igitur
1501 2219 1651 2285 excelsum,
1663 2218 1711 2291 qui

68 2322 172 2393 plaetiae
182 2320 282 2391 spiritu
298 2320 456 2376 subteranos
471 2319 509 2374 ait
523 2337 531 2375 a
548 2317 583 2373 lit
594 2318 644 2374 erit
655 2319 804 2374 nouissimis
815 2319 869 2374 die·
918 2311 1087 2383 evangelizat
1099 2312 1247 2368 ascendere
1257 2311 1380 2384 iubetur,
1390 2319 1421 2368 ut
1431 2311 1567 2379 videliceb
1581 2312 1712 2384 <11¹inae-

69 2412 117 2466 tas
133 2419 307 2480 praeparatus
318 2424 392 2462 maus
404 2406 614 2463 dominabamini
625 2407 651 2462 in
664 2409 785 2463 uerticem
797 2425 869 2463 mon-
918 2403 1065 2460 dicationis
1079 2405 1172 2461 locum
1188 2404 1313 2476 suspicit,
1331 2404 1365 2461 ad
1385 2404 1559 2462 altitudinem
1574 2405 1654 2461 bonae
1666 2421 1712 2461 as·

70 2503 138 2557 tisun
157 2498 241 2571 (lsai.
260 2516 291 2565 n,
309 2499 349 2570 Ξ).
366 2498 470 2555 Domus
486 2499 559 2556 euim
575 2497 683 2555 Domini
703 2497 868 2556 israeliticus
918 2496 1016 2553 ccttdat
1030 2496 1157 2554 actionis.
1173 2497 1214 2553 Ad
1235 2497 1343 2555 excelsa
1366 2505 1498 2567 transeat,
1509 2506 1538 2554 et
1550 2512 1646 2554 eorum
1662 2498 1710 2570 qtti

69 2595 192 2666 populus
208 2592 271 2648 tuit.
288 2590 366 2648 tium
381 2592 473 2663 itaque
484 2592 583 2649 domus
594 2590 704 2647 Domini
718 2591 763 2647 ille
776 2589 869 2663 appel·
918 2589 972 2647 sibi
986 2589 1128 2647 commissi
1143 2590 1632 2663 suutoperatranscendatquatenus
1648 2591 1712 2646 sub-

69 2684 210 2751 latusest,
223 2683 272 2756 qui
295 2685 322 2738 in
336 2681 486 2740 israelitico
501 2682 603 2755 populo
618 2682 756 2739 incarnari
776 2681 869 2754 digna·
915 2683 1053 2757 jactorum
1068 2682 1152 2739 uitam
1173 2690 1250 2739 tanto
1272 2683 1400 2740 subtilius
1418 2680 1637 2753 rideat,t1uanto
1656 2688 1711 2737 ter-

69 2785 115 2834 tus
127 2785 183 2833 εει
196 2774 322 2833 Fuerunt
331 2785 423 2832 autem
436 2775 463 2830 iu
479 2774 576 2831 eodem
588 2776 689 2846 populo
703 2775 792 2832 sancti
804 2774 867 2842 riri,
918 2774 993 2830 renis
1007 2782 1035 2831 et
1048 2773 1141 2842 rebus,
1154 2790 1223 2846 quas
1234 2774 1351 2846 despicit
1361 2774 1485 2830 animum
1497 2789 1551 2829 uon
1566 2772 1707 2845 supponit.

70 2869 118 2941 qui
134 2876 248 2925 montes
260 2866 324 2938 jure
334 2874 509 2932 uocarentur,
528 2867 594 2937 quia
606 2882 655 2938 per
666 2866 729 2923 uitae
738 2867 867 2923 meritum
918 2864 989 2923 ilinc
1002 2866 1128 2939 estquod
1144 2865 1278 2934 Ezechiel,
1294 2866 1342 2939 qni
1354 2865 1388 2922 ad
1407 2865 1612 2937 praedicandum
1625 2864 1712 2920 mitti·

71 2963 104 3019 ad
116 2961 245 3020 coelestia
261 2958 585 3033 propinquaverunt.',Sed
596 2961 756 3018 incarnatus
770 2956 869 3034 Dirige·
920 2966 974 3029 tur,
995 2960 1150 3032 speculator
1161 2957 1303 3016 abomino
1317 2959 1475 3016 nominatur
1490 2975 1497 3014 :
1515 2955 1572 3013 Fili
1582 2955 1709 3023 dominis,
1784 2966 1790 2977 ·

71 3060 148 3115 uitus
171 3056 234 3112 istis
246 3054 386 3110 montibus
400 3053 514 3126 aequalis
528 3053 590 3121 luit,
604 3055 668 3125 quia
686 3063 812 3111 naturam
826 3056 866 3112 vi·
880 3061 901 3121 c
916 3055 1106 3127 speculatorem
1118 3065 1143 3111 te
1152 3055 1212 3110 dedi
1224 3053 1315 3109 domui
1325 3052 1412 3111 lsrael
1422 3052 1530 3126 (buca.
1540 3068 1581 3119 ut,
1595 3051 1649 3121 11).
1659 3050 1711 3106 Cui

71 3160 129 3207 um
145 3149 245 3205 merita
259 3146 381 3202 omnium
401 3161 435 3203 ex
459 3161 508 3202 sua
524 3145 668 3203 divinitate
682 3147 862 3205 transcendit.
918 3147 992 3203 euim
1007 3145 1096 3201 aliena
1107 3160 1172 3201 cura
1193 3144 1386 3213 committitur,
1400 3144 1556 3216 speculator
1572 3154 1709 3199 vocatur:

73 3241 154 3300 Unde
173 3250 203 3297 ει
220 3248 293 3297 recte
309 3253 390 3296 mous
403 3254 486 3310 super
500 3239 628 3295 uerticem
650 3239 784 3296 montium
797 3240 868 3297 dici·
919 3247 948 3295 ut
962 3238 989 3293 iu
1003 3237 1103 3294 mentis
1116 3236 1259 3293 altitudine
1270 3237 1371 3301 sedeat,
1387 3245 1469 3308 atquc
1484 3235 1648 3294 vocabulum
1662 3251 1711 3289 no·

72 3343 130 3401 tur,
153 3334 219 3405 qnia
240 3331 368 3388 excelsus
390 3346 423 3387 ca
449 3329 592 3387 diuinitate
610 3346 661 3389 sua
685 3331 812 3389 intentus
827 3341 869 3389 est
919 3329 1002 3387 minis
1014 3344 1046 3385 er
1060 3329 1160 3386 virtute
1174 3329 1289 3386 actionis
1302 3328 1394 3385 trabit.
1415 3325 1476 3383 Nou
1500 3327 1573 3384 enim
1590 3335 1633 3385 est
1646 3340 1708 3397 spe-

72 3425 159 3482 etiam
170 3437 254 3492 super
266 3421 411 3478 cacumina
423 3434 593 3490 sauctorum,
607 3431 637 3478 ut
652 3421 680 3476 bi
694 3421 741 3493 qui
752 3423 868 3479 multum
919 3423 1026 3479 calator
1039 3422 1087 3494 qui
1113 3422 1141 3478 iu
1161 3421 1217 3478 imo
1232 3430 1285 3479 est.
1302 3420 1464 3494 Speculatus
1485 3420 1586 3493 quippe
1601 3433 1710 3490 semper·

75 3517 103 3572 iss
118 3514 177 3571 Deo
191 3512 435 3585 proiecerantejus
453 3513 567 3585 uestigia
582 3514 626 3569 vix
641 3513 795 3585 potuissent
808 3522 869 3570 tan·
919 3515 947 3571 in
959 3514 1101 3571 altitudine
1115 3523 1180 3580 stat,
1195 3525 1224 3570 ut
1238 3514 1372 3586 quidquid
1394 3524 1539 3570 uenturum
1564 3520 1607 3569 est
1625 3511 1709 3583 longe

74 3622 139 3679 gere
153 3621 188 3662 ex
202 3605 304 3661 uertice
318 3604 503 3676 cogitationis.
529 3603 582 3672 Qui
599 3619 664 3677 ergo
684 3604 756 3677 apud
770 3602 868 3662 isaiam
919 3607 1076 3680 prospiciat.
1089 3606 1121 3662 Et
1131 3606 1258 3678 quisquis
1271 3607 1364 3679 populi
1381 3607 1536 3679 speculator
1550 3607 1671 3679 ponitur,
1681 3603 1710 3660 ln

74 3711 156 3753 moos
176 3711 260 3766 super
280 3694 411 3751 verticem
435 3694 570 3750 montium
595 3693 706 3760 dicitur,
723 3693 781 3766 ipse
796 3694 869 3766 apud
919 3700 1005 3757 altum
1022 3699 1103 3755 debet
1116 3708 1190 3756 stare
1202 3713 1251 3772 per
1265 3700 1360 3770 vitam,
1382 3711 1411 3757 ut
1426 3701 1513 3773 possit
1524 3700 1653 3772 prodesse
1661 3714 1710 3770 pcr

75 3785 249 3842 Ezechielem
265 3798 345 3842 mons
356 3783 482 3841 excelsus
496 3784 578 3841 nimis
592 3784 760 3856 perhibetur.
918 3785 1128 3863 providentiam.

109 3877 189 3948 (111)
209 3875 309 3934 lloutis
331 3876 442 3933 nomine
456 3886 550 3942 sancta
562 3875 683 3934 Ecclesia
698 3875 867 3950 designatur,
954 3876 1055 3934 ltontis
1070 3879 1180 3936 nomine
1193 3895 1271 3938 meos
1284 3889 1380 3937 sancta
1402 3880 1546 3952 accipitur,
1565 3881 1637 3937 sicut
1659 3896 1710 3953 per

75 3972 148 4028 sicut
160 3970 295 4040 scriptum
319 3978 363 4026 est
377 3988 384 4024 ε
399 3972 451 4036 Qui
465 3970 602 4041 confidunt
622 3971 649 4025 in
672 3969 786 4026 Domino
799 3972 869 4027 sicut
918 3971 1030 4028 beatum
1038 3970 1212 4030 lobdicitur:
1225 3970 1300 4027 llam
1309 3973 1404 4027 eudem
1412 3972 1506 4043 depluit
1517 3971 1641 4045 (tutare,
1652 3972 1708 4045 18).

75 4080 149 4119 sacas
165 4061 232 4119 Sion
247 4061 335 4135 (Psoi.
356 4077 449 4130 cxxiv,
469 4063 508 4129 1).
523 4061 589 4118 Sion
603 4077 722 4134 natuque
734 4064 869 4134 specuium
920 4063 1012 4121 Unum
1031 4064 1154 4138 345111
1169 4073 1259 4122 urente
1279 4064 1370 4121 ctiam·
1382 4066 1451 4136 justi
1464 4065 1584 4124 bominis
1596 4081 1644 4138 per
1666 4082 1710 4123 re·

75 4157 192 4222 mutor,
222 4167 271 4225 per
287 4169 370 4225 quarn
391 4154 542 4210 secundum
566 4156 779 4226 speculationem
803 4173 870 4214 con·
919 4156 1061 4229 pentinum
1076 4165 1203 4213 evetrtum
1217 4156 1274 4229 agit
1288 4164 1424 4227 quaterms
1437 4156 1477 4212 sic
1487 4156 1579 4212 subito
1591 4164 1710 4213 tcnmtur

76 4249 213 4320 temptans
227 4246 373 4302 Dominum
386 4245 508 4305 Ecclesia
521 4249 662 4320 liguratur.
919 4257 950 4304 ut
964 4249 1039 4305 bunc
1050 4247 1191 4321 inopinato
1200 4257 1334 4320 proventu
1349 4246 1497 4317 concutiat,
1514 4257 1542 4303 et
1553 4255 1711 4319 prosternat

109 4341 191 4410 (123)
211 4339 312 4397 llontis
335 4340 447 4395 nornine
462 4350 654 4398 testamentum
670 4340 718 4398 Dei
735 4343 868 4415 exprimi·
919 4355 1069 4412 casumque
1079 4357 1159 4398 suum
1171 4357 1226 4397 non
1239 4341 1291 4397 nisi
1305 4349 1449 4413 postquam
1462 4340 1708 4408 ceciderit,tideat.

78 4444 135 4497 tur,
154 4434 229 4491 sicut
251 4430 379 4488 liabacnc
397 4432 456 4488 ait:
473 4431 602 4488 Dominus
617 4450 634 4488 a
654 4433 757 4489 Libana
773 4434 868 4504 ueniet,
919 4436 998 4493 lium
1009 4438 1110 4494 cadens
1121 4436 1224 4503 defluit,
1238 4452 1302 4492 eum
1317 4436 1394 4508 justo
1411 4435 1459 4493 Dei
1477 4436 1580 4509 judicio
1594 4429 1722 4491 tentatio

79 4539 102 4583 st
115 4536 226 4582 sauctus
238 4525 271 4580 de
286 4534 373 4579 monte
390 4526 513 4579 uuriroso
525 4534 551 4580 et
563 4526 703 4581 condenso.
726 4523 779 4594 out
796 4527 869 4583 enim
920 4529 981 4601 ejus
995 4528 1078 4584 menti
1093 4527 1140 4599 qui
1154 4528 1181 4584 iu
1193 4527 1247 4583 alta
1261 4536 1334 4584 stare
1348 4528 1481 4595 cernitur,
1495 4539 1607 4600 rcpcnte
1621 4528 1710 4584 domi·

79 4627 223 4673 rerrtnrum
239 4630 268 4670 se
281 4631 329 4687 per
342 4615 508 4672 Testamenti
536 4616 577 4672 sui
596 4617 709 4689 paginas
726 4619 871 4690 spopondit
920 4623 979 4679 nari
996 4623 1163 4694 permittitur
1177 4640 1184 4677 :
1196 4619 1228 4677 Et
1238 4635 1335 4676 saxum
1348 4621 1513 4679 transfertur
1523 4623 1557 4679 de
1570 4623 1631 4677 loco
1646 4636 1708 4686 suo,

80 4710 154 4781 quasi
170 4708 243 4764 rime
255 4708 342 4773 uenit,
354 4708 426 4764 unde
437 4708 511 4765 uelut
524 4708 576 4764 snb
586 4710 773 4781 promissione
786 4725 816 4767 sc
830 4721 871 4766 te·
920 4731 983 4770 enm
997 4728 1074 4769 rsrens
1085 4710 1174 4778 lortis,
1187 4712 1350 4783 cttjuslocus
1361 4713 1469 4785 justitia
1478 4713 1577 4782 luerat,
1588 4714 1709 4784 impulsu

81 4805 145 4861 nuit.
160 4802 242 4871 Quod
259 4803 386 4860 uidelicet
407 4803 612 4861 Testamentum
626 4806 695 4862 bene
713 4821 793 4862 mous
806 4823 869 4863 utu-
920 4805 1012 4861 subito
1026 4800 1190 4859 transfertur
1204 4804 1238 4860 ad
1252 4804 1372 4874 cuipam.

80 4897 178 4953 brosus
190 4906 217 4952 ει
230 4896 387 4954 condensus
403 4895 513 4965 dicitur,
530 4895 595 4968 quia
615 4898 713 4970 spissis
725 4897 869 4970 allegoria·
956 4895 1031 4968 (117)
1050 4895 1149 4954 Montis
1161 4896 1270 4953 nomine
1283 4895 1397 4951 altitudo
1414 4896 1652 4967 contemplationis
1663 4895 1710 4951 da-

78 5003 139 5043 rum
150 4987 365 5043 obscuritatibus
378 4994 520 5057 opacatur.
919 4991 1045 5062 signatur
1056 4991 1128 5060 quod
1146 4989 1215 5046 bene
1228 4990 1295 5062 legis
1309 4989 1465 5060 acceptione
1484 5006 1490 5044 :
1507 4990 1631 5061 signatur
1646 5003 1709 5044 cum

114 5077 192 5148 (lib)
205 5077 307 5135 llotuis
322 5079 433 5134 nornine
450 5088 574 5150 apostata
600 5081 714 5152 angelus
742 5079 870 5152 designa·
919 5086 1041 5142 dicitur:
1058 5083 1129 5152 Quia
1144 5081 1248 5153 diepam
1262 5082 1381 5139 accersiit
1406 5094 1431 5137 et
1448 5081 1580 5137 Dominus
1595 5083 1622 5135 in
1635 5097 1710 5134 mon·

80 5180 134 5234 tur,
161 5168 235 5224 sicut
254 5168 307 5224 sub
324 5166 472 5240 Dabylonis
492 5169 566 5241 repis
586 5170 677 5241 specie
698 5170 732 5226 de
757 5170 870 5242 antiquo
921 5187 972 5233 tem
983 5176 1114 5234 descendis
1130 5175 1229 5247 (baad.
1245 5192 1303 5242 xrs,
1315 5176 1370 5247 11).
1394 5174 1472 5230 llotts
1484 5174 1584 5247 qnippe
1596 5182 1638 5228 est
1651 5173 1709 5242 ipsu

80 5259 157 5316 lroste
168 5259 395 5332 predicatoribus
409 5260 510 5317 dicitur
523 5280 529 5316 :
543 5259 630 5331 Super
647 5272 760 5318 mantem
776 5263 870 5334 111191-
920 5276 1014 5323 nostra
1028 5265 1221 5336 contemplatio
1236 5264 1263 5319 in
1282 5281 1365 5336 quam
1382 5280 1431 5320 uos
1445 5264 1618 5320 ascendimus
1630 5269 1658 5316 ut
1674 5259 1709 5314 ad

79 5367 172 5406 nassas
200 5351 286 5408 lenate
310 5354 416 5425 sianum
440 5352 510 5424 (isa.
526 5370 586 5424 ant,
608 5354 647 5425 1).
675 5354 870 5412 Draedimtores
919 5373 1027 5428 caonas
1054 5356 1125 5412 ultra
1157 5356 1343 5411 irrllrmitatcm
1368 5351 1708 5418 nostramsuutridcuda,

114 5504 190 5576 (111)
208 5503 249 5560 Ex
263 5505 339 5562 bom.
355 5507 389 5562 15
403 5506 430 5563 in
442 5506 541 5566 Eseclt.
955 5513 1031 5584 (1111)
1051 5511 1089 5568 Ex
1103 5512 1198 5569 eodem
1213 5511 1260 5567 lib.

114 5576 190 5642 (test
209 5573 250 5631 Es
266 5576 285 5631 l.
302 5593 390 5633 nsunt
409 5579 436 5634 in
448 5576 510 5644 iob,
526 5594 585 5649 cap.
602 5596 611 5635 t
955 5584 1020 5654 (116
1052 5581 1088 5638 lis
1104 5583 1179 5638 noar.
1197 5583 1226 5638 ll
1241 5583 1267 5636 iu
1279 5580 1378 5636 Eaaob.
1395 5579 1643 5654 postprincipmur.

114 5645 189 5715 (113)
208 5644 356 5702 Excudent
372 5648 419 5729 lib.
436 5657 539 5718 etcap.
957 5652 1020 5728 (121
1051 5651 1088 5708 Ex
1103 5653 1150 5709 lib.
1167 5670 1182 5704 r
1199 5654 1226 5708 in
1241 5651 1303 5720 ittb,
1313 5667 1373 5722 cup.
1387 5667 1460 5706 aaut.

115 5717 190 5788 (111)
209 5716 249 5773 Es
263 5717 281 5776 l.
296 5733 394 5790 narrt,
411 5735 437 5776 m
451 5717 513 5788 iob,
527 5735 549 5774 e.
568 5736 586 5774 t.
