3817 6000
164 240 201 305 95
391 301 393 305 ,
623 239 775 299 Globulo
795 238 873 296 CAN.
895 236 977 293 aad.
998 235 1028 292 S.
1049 233 1212 292 ttctoltls
1230 231 1342 288 cents.
1757 225 1792 280 db

162 357 266 415 veritas
287 357 430 429 accipitur.
455 356 615 414 Sacerdotes
636 371 700 426 crgo
723 364 805 427 atque
824 354 950 410 doctores
964 355 988 414 Α
1000 347 1109 405 datibus
1132 354 1248 404 arescat.
1261 345 1302 402 ltu
1315 340 1468 414 exemplum
1479 355 1609 413 organon
1625 347 1793 394 srrntosten-

162 446 236 507 iuter
247 463 365 505 coronas
379 458 408 506 et
426 450 540 522 plectas,
556 448 583 504 id
606 457 649 505 est
664 449 735 504 irater
766 445 953 503 fortitudinem
1004 440 1103 508 denda,
1122 440 1175 497 nisi
1190 455 1253 512 quas
1276 439 1356 494 firma
1373 446 1447 493 sunt.
1464 434 1544 491 Prius
1570 433 1643 489 euim
1664 432 1792 486 conuale-

159 538 227 597 lrani
242 541 344 612 operis,
358 556 413 613 quo
429 541 464 598 ad
477 540 621 597 uictoriam
633 548 758 605 currunt,
770 551 798 595 et
811 539 953 595 charitatis
1004 546 1081 588 scere
1093 531 1173 587 debet
1195 545 1283 596 mens,
1296 536 1379 599 atque
1398 526 1431 581 ad
1445 525 1590 580 utilitatem
1603 522 1792 593 proximorum

158 632 349 699 concordiam,
363 648 417 705 qua
428 649 444 689 a
457 648 487 690 sc
509 632 631 690 uicissim
651 646 706 687 non
718 631 885 701 discrepant,
905 645 954 701 per
1003 625 1176 695 postmodum
1190 621 1383 688 demonstrari,
1399 636 1462 677 cum
1472 619 1530 691 jam
1552 635 1604 676 nec
1623 634 1672 689 per
1682 617 1793 673 laudem

161 722 258 791 bores,
277 735 306 779 et
330 725 423 780 leones
444 733 526 796 atque
559 723 701 781 eberubim
722 722 855 794 designati
876 730 951 787 suunt,
1003 717 1073 773 elata
1085 725 1206 779 corruat,
1218 730 1268 771 nec
1283 728 1332 784 per
1344 712 1568 783 vituperationem
1582 726 1711 781 percussa
1724 724 1793 766 eon-

162 814 269 886 quirin
291 814 458 886 plenitudine
478 817 600 873 scientiae
619 831 702 887 quarn
724 814 824 870 babent
839 829 953 870 neeesse
1003 810 1133 865 tabescat.
1155 806 1224 863 Nam
1235 815 1263 862 et
1278 806 1301 863 si
1316 805 1460 861 Timotheo
1473 803 1573 859 dicitur
1584 820 1591 858 ι
1604 801 1724 871 Proecc'pe
1735 802 1793 858 brec

162 916 205 961 cst
219 915 248 962 ut
260 915 289 962 et
299 907 381 962 bourn
401 907 638 963 mansuetudinem
652 914 771 974 teneant,
780 915 807 962 et
818 903 951 960 lectorem
1003 910 1028 955 et
1041 900 1115 966 doce,
1129 915 1204 954 neoto
1216 897 1420 953 adolescentiam
1435 905 1509 950 tunm
1520 903 1667 949 contemnat
1680 893 1707 965 (l
1720 893 1790 949 Tim.

161 997 282 1064 leonum,
297 1007 432 1071 quatenus
447 999 642 1071 indisciplina,
657 1015 739 1071 quam
754 998 912 1070 praedicant,
924 1006 953 1053 et
1004 1007 1040 1058 ru,
1054 991 1098 1057 ll,
1115 990 1170 1060 ιι),
1185 989 1325 1046 sciendum
1338 997 1381 1045 est
1394 988 1458 1058 quia
1471 987 1495 1042 ei
1509 985 1692 1043 adolescentia
1703 986 1731 1041 in
1741 1001 1791 1042 an·

161 1104 195 1142 er
214 1096 308 1145 saneto
332 1089 390 1145 zelo
414 1089 522 1147 accensi
536 1098 611 1157 sont,
626 1097 654 1146 et
676 1106 710 1146 ex
727 1100 839 1161 paterna
857 1088 951 1144 dulce·
1002 1083 1056 1149 nis,
1072 1098 1126 1138 non
1146 1082 1173 1137 io
1186 1081 1309 1137 moribus
1322 1082 1382 1146 luit,
1399 1079 1525 1152 quamuis
1546 1079 1573 1134 in
1587 1094 1666 1136 sacro
1679 1078 1791 1149 eloquio

160 1177 225 1234 dine
236 1180 385 1251 tranquilli.
1001 1190 1199 1246 nonnunquam
1222 1173 1402 1230 adolescentia
1422 1173 1550 1243 juventus
1564 1182 1686 1228 roeatm.
1713 1170 1791 1228 Unde

196 1268 276 1325 Bovis
311 1272 430 1329 nomine
456 1271 582 1327 diabolus
607 1270 776 1342 designatur,
804 1268 875 1326 sicut
901 1282 950 1339 per
1001 1266 1132 1337 scriptum
1154 1276 1212 1321 est:
1231 1264 1344 1332 Laetare,
1354 1265 1470 1335 jurenic,
1495 1266 1524 1319 io
1547 1263 1724 1321 adclamatio
1742 1272 1791 1319 tac

160 1355 258 1414 isaiam
278 1359 378 1415 dicitur
392 1379 398 1415 :
414 1360 466 1415 Leo
487 1362 556 1416 sicut
574 1361 619 1416 los
634 1360 751 1415 cornedet
772 1357 948 1430 puteoritae.
1001 1356 1109 1429 (Euro.
1126 1373 1156 1425 rt,
1169 1357 1208 1428 9).

160 1465 199 1515 xr,
210 1449 253 1522 7);
267 1459 295 1507 et
309 1452 380 1508 sieut
392 1452 426 1509 de
442 1453 538 1508 eodem
553 1467 619 1508 soce
632 1451 773 1508 bomiuica
787 1452 821 1507 ad
836 1450 948 1506 beatum
1296 1423 1411 1482 CAPUT
1426 1423 1493 1481 vm·

159 1542 211 1601 tob
225 1546 326 1602 dicitur
342 1565 350 1602 ι
365 1546 469 1604 Fenorrt
482 1550 551 1603 sicot
564 1548 609 1603 dor
620 1549 735 1603 coraedet
753 1545 816 1621 (tot
832 1564 876 1613 xc,
891 1546 946 1617 lb).
1326 1535 1359 1574 ΒΕ
1372 1534 1464 1575 ”⁰⁶⁴-

158 1631 231 1701 Quid
246 1637 318 1692 caim
333 1637 421 1694 leonis
434 1637 546 1694 nominc
559 1638 613 1694 nisi
623 1637 760 1705 diabolus,
774 1637 840 1709 quid
855 1638 947 1709 palea·
1001 1610 1033 1667 ιη
1049 1609 1188 1695 &sim
1210 1627 1287 1695 mm.
1301 1626 1360 1664 ‘¹⁸¹¹'
1372 1626 1461 1694 ,ΜΨ
1474 1608 1605 1693 *ξ’ΨΜΡη
1620 1624 1791 1692 ''“m⁶f⁰.l'⁰'

1033 1681 1267 1752 odoratoodorato
1278 1681 1421 1750 rnfirmrtos
1433 1679 1622 1734 incarnationis
1631 1677 1789 1747 Ilomtnrcoe,

159 1742 220 1782 rum
232 1728 274 1783 vel
286 1726 341 1784 leni
354 1729 474 1797 nomine,
496 1730 550 1786 nisi
565 1730 715 1787 carnalium
734 1730 790 1785 rita
805 1729 947 1803 signatur?
962 1731 984 1786 B
1037 1752 1183 1825 uuquam
1197 1767 1258 1806 cm
1276 1760 1367 1806 mm„
1381 1753 1523 1820 acervum,
1541 1750 1608 1804 qum
1622 1765 1681 1803 ,ηρ
1697 1749 1788 1819 ptum.

159 1817 212 1874 Sed
229 1817 294 1889 quid
310 1827 352 1875 est
368 1819 441 1890 quod
455 1818 482 1873 in
502 1819 669 1874 comestione
680 1819 819 1890 palearum
834 1820 876 1874 vel
891 1816 947 1875 lorti
1032 1823 1094 1878 liter
1107 1839 1193 1879 nocere
1206 1823 1340 1886 dicantar,
1352 1830 1449 1876 morter
1459 1819 1644 1891 intelligantur
1657 1819 1789 1890 fidetium.

158 1908 352 1965 diabolusnou
370 1926 451 1981 equo,
470 1912 517 1968 sed
541 1911 603 1966 boni
618 1912 811 1981 comparatur?
826 1909 946 1967 liucau·
1036 1916 1116 1987 110
1129 1914 1225 1973 Vaccae
1236 1915 1348 1971 nomine
1366 1914 1511 1970 urdrmitas
1524 1913 1720 1969 iucarnationis
1732 1910 1789 1968 Do·

159 2011 214 2057 tcru
237 2001 319 2058 citius
342 2003 526 2074 agnoscimus,
548 2005 571 2060 si
593 2003 621 2058 in
641 2005 764 2074 utrisque
783 2004 948 2061 animalibus
997 2005 1107 2062 minicae
1117 2007 1284 2079 designatur,
1309 2005 1380 2062 sicut
1395 2004 1481 2077 lloysi
1499 2021 1514 2061 a
1535 2003 1787 2061 Durnioodicitur:

158 2106 221 2162 quae
230 2092 266 2148 sit
276 2090 505 2149 nutrimentorum
517 2092 645 2149 distantia
655 2092 864 2164 perpendamus.
877 2092 948 2164 Equi
999 2097 1118 2170 Procipe
1143 2099 1209 2171 giliis
1246 2097 1333 2154 irruet
1365 2110 1394 2154 at
1424 2098 1559 2153 adducunt
1573 2096 1607 2151 ad
1632 2106 1656 2151 te
1682 2111 1790 2150 uaccam

158 2195 278 2252 iramque
301 2181 394 2238 lcttuut
425 2183 575 2255 quamlibet
604 2184 744 2241 sordidum
780 2185 946 2250 comedunt,
998 2190 1088 2261 rusam
1122 2191 1209 2246 etatis
1242 2191 1371 2261 inteproe,
1408 2192 1436 2245 in
1477 2205 1529 2259 qua
1561 2189 1637 2243 natta
1666 2189 1701 2244 rit
1729 2204 1790 2243 rno-

158 2289 259 2345 aquam
274 2290 340 2331 uero
353 2292 408 2331 noo
420 2276 474 2332 nisi
486 2278 616 2333 mundam
629 2276 739 2333 bibunt.
754 2276 841 2334 Boves
855 2286 947 2334 autem
997 2282 1070 2349 coto,
1085 2299 1131 2336 trec
1147 2283 1291 2353 portaverit
1297 2281 1404 2353 jupam.
1422 2283 1573 2353 Traderqae
1583 2298 1642 2336 eom
1658 2280 1790 2335 Eleazaro

159 2382 258 2437 aquam
273 2367 423 2438 quamlibet
448 2369 587 2426 sordidam
609 2369 716 2434 bibunt,
742 2369 789 2425 sed
808 2369 871 2426 leno
892 2385 946 2424 non
997 2374 1140 2430 sacerdoti.
1166 2372 1218 2439 Qui
1244 2372 1367 2426 eductum
1385 2382 1462 2428 extra
1489 2383 1578 2428 castro
1595 2371 1742 2426 irrrnmtolit
1761 2372 1790 2425 irr

159 2458 212 2514 nisi
234 2459 337 2515 muodo
356 2469 514 2516 vescuntur.
540 2458 610 2528 Quid
630 2469 672 2516 est
692 2475 758 2532 ergo
784 2459 858 2531 quod
872 2460 946 2528 boui,
998 2475 1135 2537 conspecto
1156 2463 1273 2531 domini,
1298 2475 1323 2520 ct
1343 2465 1453 2536 intinget
1476 2465 1591 2536 cipitata
1609 2465 1637 2518 in
1662 2465 1791 2535 sanquine

158 2549 205 2620 qui
227 2549 330 2608 mundo
343 2552 444 2623 pabulo
465 2555 596 2619 rescitur,
621 2552 747 2609 diabolus
762 2562 946 2623 comparatur,
997 2556 1066 2628 einr,
1085 2573 1224 2628 aspergens
1238 2567 1330 2612 contro
1345 2557 1415 2627 [orca
1431 2555 1597 2611 tabernaculi
1614 2564 1712 2626 reptem
1724 2556 1789 2610 nici-

158 2642 212 2699 nisi
227 2642 280 2699 hoe
289 2644 362 2715 quud
373 2643 407 2699 de
419 2646 479 2715 ipso
491 2660 540 2716 per
552 2645 713 2716 prophetam
730 2645 815 2700 alium
829 2645 946 2701 dicitur:
998 2646 1046 2701 bor
1054 2663 1064 2712 ,·
1080 2646 1262 2718 comburetque
1285 2662 1354 2709 eam,
1367 2646 1468 2700 canetis
1482 2643 1629 2700 ridentibus
1637 2660 1647 2711 ;
1659 2656 1713 2699 tarn
1731 2646 1791 2716 pct-

161 2734 231 2791 Erca
251 2737 310 2808 ejas
331 2736 503 2809 clectollil)
528 2736 644 2810 (Hodoc.
669 2754 689 2806 t,
705 2737 830 2809 tojam
853 2736 946 2812 Lxx).
999 2739 1050 2794 leur
1071 2755 1151 2810 quant
1175 2754 1280 2793 carnem
1300 2738 1369 2804 eius,
1393 2754 1425 2792 cc
1446 2738 1600 2809 sangninem
1625 2754 1657 2791 ac
1696 2737 1791 2806 fimum

158 2824 252 2898 Neque
262 2829 336 2884 enim
352 2844 401 2885 eos
418 2844 449 2885 se
462 2829 560 2901 gaudet
581 2845 687 2900 rapere,
711 2844 781 2901 quos
803 2828 947 2900 protervis,
997 2829 1791 2902 promerentem(Nnn.1rxt-5).Qoidprovocatoria

159 2932 193 2974 ac
211 2918 330 2977 sordidis
357 2920 511 2976 actionibus
535 2920 689 2990 implicatos
714 2920 742 2975 in
766 2920 829 2976 imis
853 2935 947 2975 secum
999 2932 1139 2995 assumpta
1170 2922 1204 2979 ad
1236 2923 1400 2979 sacrificium
1425 2922 1569 2978 inllrmitas
1592 2921 1790 2978 incarnationis

159 3009 314 3067 voluntarie
336 3012 449 3083 respicit
465 3013 567 3082 jacere.
594 3012 697 3070 Ferrum
719 3028 786 3083 ergo
804 3013 876 3069 sicut
896 3013 948 3069 bos
1000 3015 1147 3072 dominicae
1167 3016 1317 3087 liguratur?
1342 3015 1380 3071 lle
1397 3031 1453 3086 quo
1476 3015 1666 3087 scriptumest
1686 3016 1749 3086 qaia
1762 3024 1790 3069 ct

160 3103 304 3159 comedere
336 3104 457 3174 appetit,
483 3105 548 3176 quia
570 3105 754 3178 suggestionis
782 3120 839 3161 suae
869 3073 983 3162 tlerrtec
999 3108 1054 3178 ipre
1070 3116 1189 3162 mortuos
1209 3107 1282 3177 (lta)
1301 3117 1339 3162 ert
1358 3123 1391 3162 ca
1408 3108 1582 3178 infirnritate,
1605 3108 1651 3163 scd
1672 3107 1733 3162 uiuit
1755 3123 1790 3162 ea

160 3202 301 3250 conterere
314 3195 444 3251 mundam
463 3195 627 3267 spiritalium
645 3196 728 3252 uitam
747 3196 854 3267 quaerit.
1000 3201 1095 3254 uirtute
1109 3197 1177 3254 Dei?
1188 3196 1232 3269 (tl
1244 3197 1305 3254 dor.
1321 3214 1381 3267 xnr,
1394 3198 1433 3271 ι.)
1445 3197 1517 3255 liene
1530 3210 1622 3255 antem
1636 3215 1718 3257 uacca
1731 3200 1790 3257 ltaec

196 3285 270 3358 (tta)
296 3286 377 3342 Bonis
408 3288 519 3344 nomine
536 3289 607 3344 bona
632 3289 756 3360 operatio
780 3289 949 3361 designatur,
1000 3292 1083 3348 etiam
1109 3290 1294 3358 ruiadicitur,
1317 3292 1382 3363 quia
1398 3291 1525 3348 videlieet
1546 3293 1607 3364 ejus
1632 3294 1789 3364 humanitas

160 3378 234 3434 sicut
249 3394 298 3450 per
317 3378 436 3452 lloyseur
451 3381 572 3437 dieitur:
589 3379 652 3436 Noa
671 3380 761 3437 arabia
776 3382 804 3436 irr
818 3382 950 3453 primoqe-
1001 3384 1083 3439 rubra
1097 3398 1144 3454 per
1158 3397 1283 3439 cruorem
1299 3383 1436 3453 passionis
1449 3382 1510 3438 luit.
1533 3381 1611 3440 Unde
1629 3393 1656 3440 ct
1674 3385 1702 3440 in
1717 3384 1790 3441 Can-

161 3470 217 3524 nito
229 3470 300 3527 borio
314 3470 405 3543 (Dect.
426 3488 473 3540 xv,
489 3471 544 3544 lo).
558 3472 629 3542 Quid
647 3473 720 3529 enim
738 3489 788 3545 per
815 3475 952 3546 primoge-
1001 3476 1064 3531 ticis
1089 3475 1258 3532 canticorum
1281 3490 1296 3529 a
1323 3490 1427 3545 sponsa
1450 3476 1615 3533 describitur
1641 3477 1748 3533 dicente
1778 3496 1786 3532 ε

160 3563 250 3619 ultum
265 3563 353 3632 bovis,
379 3565 432 3621 nisi
446 3565 547 3623 bonam
570 3567 757 3638 operationem
784 3567 952 3640 accipimus?
1001 3564 1121 3620 ltitectar
1134 3581 1206 3619 meaa
1221 3563 1351 3620 candidas
1362 3573 1388 3619 et
1405 3564 1567 3619 rubicundas
1582 3563 1671 3636 (Cant.
1683 3583 1710 3632 r,
1725 3567 1787 3639 ld);

160 3653 375 3729 Primogenitum
390 3668 480 3714 autem
502 3658 580 3716 bonis
599 3658 777 3732 intelligimus
798 3659 826 3714 in
843 3658 951 3715 inllrrna
1001 3659 1134 3715 candidus
1156 3658 1281 3715 uidelicet
1314 3674 1346 3716 es
1376 3657 1528 3726 diuinitate,
1556 3658 1726 3716 rubicundus
1753 3677 1788 3717 ex

160 3759 240 3805 aetate
250 3748 330 3820 primi
346 3751 432 3806 nostri
443 3753 574 3823 temporis
586 3749 685 3808 lionam
701 3751 907 3824 operationem:
923 3754 951 3809 in
1001 3748 1151 3822 sanguine;
1162 3747 1296 3805 candidus
1310 3763 1360 3819 per
1371 3747 1506 3820 justitiam
1531 3747 1603 3813 nita,
1619 3749 1789 3806 rubicundus

160 3857 217 3913 quo
232 3852 322 3898 tamen
336 3844 470 3900 arandum
484 3859 539 3900 non
553 3853 605 3912 est,
627 3844 691 3915 quia
706 3859 768 3902 cum
790 3845 879 3916 prima
896 3845 952 3902 sint
1001 3857 1036 3898 ex
1050 3856 1147 3897 cruore
1159 3829 1321 3911 passionis*

162 3943 255 3990 trostm
276 3935 467 3993 adolesoenriae
486 3938 529 3993 rol
546 3937 698 4009 juventutis
722 3938 802 4009 109
816 3947 950 4009 tempora,
1036 3932 1138 3988 AEtotir
1155 3933 1264 4002 irueproe
1277 3932 1305 3985 in
1316 3946 1369 4002 qno
1383 3946 1435 3984 nort
1454 3932 1489 3984 cit
1508 3930 1623 3985 maccla.
1645 3929 1724 3987 AEtas
1737 3931 1787 3988 bo·

162 4027 252 4083 adbuc
275 4027 355 4086 nobis
381 4045 397 4084 a
419 4028 613 4101 predicatione
638 4031 802 4088 cessandum
827 4039 887 4100 est,
921 4042 952 4088 ut
1002 4028 1142 4085 manitatis
1162 4026 1270 4082 bomini
1284 4025 1387 4096 integra
1401 4033 1452 4090 est,
1475 4026 1566 4081 omnis
1588 4026 1648 4096 ejus
1665 4027 1789 4097 operatio

162 4135 257 4175 vomer
270 4121 371 4193 lirrguae
394 4130 495 4178 nostra
507 4122 682 4194 proscindere
696 4139 750 4178 non
771 4123 871 4180 audeat
893 4135 951 4180 ter·
1001 4121 1130 4194 perlecta.
1150 4119 1179 4175 ln
1200 4134 1254 4190 qua
1273 4117 1398 4173 uidelicet
1418 4116 1586 4174 humanitate
1608 4119 1713 4175 macula
1732 4133 1789 4176 aron

165 4227 225 4266 ram
255 4212 347 4269 cordis
366 4212 458 4276 alieni,
478 4212 671 4285 quoadusque
693 4212 766 4268 enim
788 4212 888 4269 iotlrmi
901 4230 950 4270 su·
1003 4211 1064 4280 luit,
1091 4213 1155 4285 quia
1174 4220 1201 4267 et
1215 4211 1347 4267 ueraciter
1367 4211 1401 4267 de
1424 4225 1457 4266 eo
1482 4211 1614 4283 scriptum
1638 4221 1700 4268 estc
1717 4213 1787 4279 Quia

162 4320 234 4370 rnrrs,
250 4305 390 4361 continere
403 4321 454 4363 nos
467 4306 539 4361 intra
553 4306 736 4377 nosmetipsos
751 4306 893 4376 debemus,
905 4323 950 4376 ne,
1002 4314 1139 4376 peccatam
1164 4305 1299 4374 abraserit,
1319 4320 1366 4358 nec
1388 4303 1509 4358 iocentur
1533 4302 1609 4359 dotas
1631 4306 1660 4360 in
1675 4321 1719 4360 ore
1731 4305 1788 4376 ejas

162 4396 227 4451 dnm
239 4404 332 4453 tenera
343 4396 414 4452 bona
424 4398 505 4455 citius
517 4398 870 4467 ostendimus,amittamus‚
885 4401 950 4471 quia
966 4416 988 4470 p
1004 4397 1030 4468 (l
1053 4397 1125 4452 Patr.
1147 4413 1177 4464 n,
1190 4396 1247 4468 ἥ).
1264 4395 1336 4453 Bene
1352 4404 1443 4452 autem
1461 4394 1596 4462 subditur,
1615 4412 1661 4451 nec
1673 4397 1788 4466 portarit

162 4494 191 4543 et
202 4487 313 4544 arbusta
332 4487 463 4559 plantata,
476 4490 500 4545 si
515 4489 591 4562 prius
614 4490 642 4546 in
668 4501 739 4546 terra
761 4491 881 4548 radicata
893 4508 949 4548 nou
996 4490 1101 4561 jupam.
1124 4487 1262 4559 Scriptum
1280 4489 1380 4561 quippe
1394 4496 1437 4543 est
1448 4505 1456 4542 :
1469 4485 1561 4542 Omnia
1575 4488 1621 4560 qui
1632 4495 1722 4558 peccat
1734 4504 1790 4543 rer·

162 4578 274 4649 tuerint,
290 4597 373 4637 manu
386 4589 459 4639 tacta
470 4583 551 4639 eitius
564 4593 702 4650 arescunt,
718 4592 746 4640 at
758 4585 782 4641 si
803 4585 888 4642 semel
901 4600 949 4640 ra·
1000 4599 1046 4637 eur
1059 4591 1096 4637 ert
1110 4581 1211 4652 peccati
1222 4579 1312 4652 (torro.
1328 4597 1389 4650 narr,
1404 4579 1461 4649 35).
1485 4576 1555 4646 Quia
1574 4577 1707 4636 Dominus
1721 4579 1790 4636 nulli

162 4673 250 4731 dicent
263 4676 382 4745 dxerint,
396 4692 495 4733 manus
511 4678 607 4751 tangit,
626 4687 654 4734 et
673 4688 763 4734 tameo
777 4678 845 4735 nibil
856 4680 948 4745 allicit,
999 4683 1112 4746 peccato
1123 4673 1277 4740 succubuit,
1290 4676 1386 4746 jugum
1406 4673 1519 4729 minime
1542 4673 1670 4744 portarit.
1686 4671 1788 4743 Sequi·

162 4766 236 4821 renti
254 4767 406 4838 impellunt,
421 4782 472 4823 nee
492 4776 583 4823 tanuen
607 4767 776 4839 impellentes
791 4769 900 4825 laedunt.
918 4768 950 4825 Et
1000 4779 1065 4824 tur:
1080 4766 1228 4838 Trodcrqne
1238 4783 1296 4821 earo
1311 4765 1656 4835 Eleazarocoeerdotisqoi
1666 4764 1790 4820 edoctum

162 4860 311 4915 constructi
333 4859 460 4930 parietes,
480 4860 504 4917 si
526 4860 713 4931 impelluntur,
738 4871 882 4928 eruantur,
898 4861 950 4917 nisi
1000 4872 1077 4919 retro
1098 4873 1186 4918 castr-r
1211 4860 1358 4916 immolabit
1380 4863 1407 4915 io
1425 4870 1564 4932 conspectu
1586 4858 1702 4914 bomini.
1718 4859 1789 4928 Quid

162 4950 240 5021 prius
260 4966 276 5005 a
300 4967 351 5007 suo
374 4950 476 5009 luerint
500 4952 615 5008 bumorc
632 4952 736 5009 siccati.
762 4950 839 5008 utens
859 4952 951 5024 itaque
1001 4952 1126 5025 estquod
1138 4952 1197 5008 lraee
1212 4967 1293 5009 vacca
1306 4951 1340 5007 ad
1355 4951 1552 5008 immolandum
1567 4949 1683 5006 traditur
1697 4965 1789 5006 sacer-

163 5057 308 5115 quousque
329 5044 444 5101 humore
466 5044 607 5114 pravitatis
631 5059 689 5100 suae
711 5059 765 5100 non
790 5043 871 5099 luerit
886 5059 950 5115 per·
1000 5045 1068 5113 doti,
1091 5044 1146 5101 nisi
1169 5044 1242 5116 quod
1264 5044 1422 5100 incarnatus
1435 5043 1586 5109 'Dominus
1602 5043 1649 5114 qui
1672 5059 1722 5114 pm
1745 5058 1789 5099 re-

164 5134 233 5194 lecte
243 5138 390 5203 exsiccata,
415 5138 512 5194 alienae
532 5138 631 5209 brugna
645 5152 727 5192 manu
742 5137 815 5210 tangi
834 5152 889 5193 raon
904 5137 951 5193 de·
1002 5140 1157 5211 demptione
1168 5146 1261 5195 nostra
1285 5136 1447 5193 saerilleiurn
1468 5137 1644 5208 semetipsum
1660 5135 1735 5201 lecit.
1759 5135 1788 5191 io

164 5229 221 5297 bet,
238 5243 282 5296 ne,
298 5229 456 5301 priusquam
468 5229 548 5300 plene
560 5228 704 5301 percipiat,
722 5228 820 5300 perdat
829 5228 952 5285 solidita·
1001 5230 1107 5288 iudaici
1121 5231 1212 5302 populi
1231 5230 1359 5286 manibus
1373 5228 1471 5284 datur?
1483 5227 1537 5295 dut
1555 5228 1638 5284 etiam
1650 5236 1726 5284 extra
1742 5242 1788 5283 ca·

166 5329 219 5377 tcrn
235 5337 324 5391 suam,
339 5337 375 5379 ne
391 5321 507 5393 impulsa
519 5331 590 5390 ruat,
606 5338 640 5378 oe
649 5322 725 5378 relat
737 5322 878 5378 arbustum
892 5322 952 5378 sine
1002 5333 1059 5380 stra
1073 5323 1230 5380 immolatus
1243 5330 1286 5378 est
1297 5321 1324 5376 in
1337 5330 1484 5393 conspectu
1500 5319 1620 5389 Donrini,
1635 5321 1700 5393 quia
1714 5317 1789 5374 uide·

164 5413 314 5483 radicibus,
326 5413 391 5472 dum
404 5414 550 5487 plusquam
564 5414 636 5471 ualet
648 5416 767 5472 tolerare
785 5414 950 5482 concutitur,
1002 5415 1066 5473 licet
1079 5425 1155 5472 extra
1169 5422 1275 5486 portam
1288 5428 1386 5484 passus
1396 5422 1448 5469 est.
1461 5409 1539 5468 Urrde
1550 5423 1577 5469 et
1588 5412 1656 5468 dicit
1665 5409 1788 5469 Paulus:

201 5550 276 5620 (tlt)
295 5552 334 5610 lbi
348 5554 449 5626 vulgat.
465 5551 531 5609 edit.
545 5551 712 5608 babeteibor
727 5551 784 5621 ejus
802 5550 909 5606 eiectas.
1038 5551 1114 5623 (lto)
1135 5551 1173 5608 lbi
1193 5558 1287 5608 nostra
1311 5549 1377 5608 edit.
1400 5563 1450 5621 pru
1475 5558 1595 5604 mortuas
1615 5546 1680 5619 legit
1701 5543 1791 5606 croci

166 5620 276 5748 tow
297 5623 335 5680 Es
358 5625 453 5682 horruit.
480 5622 547 5680 iio
565 5621 677 5690 Ezeeb„
704 5623 776 5680 baud
801 5620 953 5692 proculab
1003 5621 1073 5692 fiens
