3817 6000
82 143 110 170 ιη’

115 229 173 291 m
434 192 713 284 comminatori
732 224 767 281 ΙΝ
785 223 955 283 PSALMOS.
976 224 1101 285 -nnns
1118 224 1193 284 1.-
1211 221 1309 287 PSAL.
1327 226 1410 288 xltt.
1697 231 1750 289 800

118 344 276 412 noluerunt,
295 337 344 396 sed
363 346 551 397 transversum
578 339 704 395 abierunt
728 346 754 394 et
768 337 942 402 claudier-a
961 337 1116 406 «Crescite,
1132 345 1160 395 ει
1176 337 1406 410 multiplicamini,
1417 345 1445 396 et
1469 339 1570 411 repleta
1595 315 1707 411 terram,
1721 355 1749 403 et

117 441 211 494 urant
220 448 238 486 n
247 428 348 485 remitit
361 430 429 485 satit.
453 427 680 484 claudicaverunt
695 441 752 484 uno
773 425 842 499 pede
857 426 907 484 de-
957 428 1084 499 subjieite
1096 444 1168 498 cato,
1181 438 1209 486 ct
1224 430 1404 486 dominamini
1422 431 1545 502 piscibus
1566 434 1652 491 maris
1664 446 1690 490 et
1702 452 1748 491 urt-

117 525 187 582 biles
202 521 287 577 lctus
300 519 504 576 Testamentum
519 519 547 575 in
561 518 665 576 carnali
679 517 853 576 obseruantia
865 527 907 575 te·
957 519 1077 576 latiiibus
1090 520 1165 587 eneti,
1179 527 1207 576 et
1219 520 1315 578 bestiis
1331 530 1411 577 terrae
1422 521 1527 592 (Cerea.
1551 540 1570 591 r,
1585 524 1643 597 ξι).
1660 526 1746 583 »tlibi

116 624 225 681 εειιιεε,
242 610 389 670 stilorum
404 621 575 684 respuentes,
598 610 717 667 litteram
736 610 906 668 occidentem
956 609 1085 668 Ecclesiae
1099 625 1208 683 sponsae
1232 627 1300 681 suae,
1328 623 1411 684 atque
1434 615 1503 670 meis
1525 614 1600 683 liliis,
1627 619 1748 674 maxime

116 719 271 777 sectantes,
288 718 315 765 et
339 708 466 779 spiritum
484 706 668 765 vivificantem
693 720 748 762 nen
770 716 905 772 amantes,
957 703 1011 760 illis
1030 718 1101 774 quos
1128 701 1220 773 operis
1246 703 1289 760 sui
1308 703 1427 761 vicarios
1444 706 1587 762 coustituit
1611 723 1673 764 εεεε
1697 707 1747 779 pi-

115 802 165 859 llei
195 800 355 858 traditiones
372 798 550 870 negligentes,
576 806 682 854 etsnas
700 805 835 865 maenas,
858 809 907 853 oro
957 805 1043 852 stores
1065 804 1092 850 ει
1110 803 1230 851 rectores
1251 794 1545 862 rtrinorum,'similitcr
1567 813 1641 853 nune
1663 798 1748 855 bene·

116 891 203 949 oenn
220 891 358 948 Abrabam
374 891 544 957 invocantes,
557 897 585 945 et
601 887 682 946 laetis
708 889 785 946 ilium
800 904 905 960 negau·
955 886 1033 953 dicit,
1052 886 1154 958 quibus
1178 901 1234 942 non
1253 894 1309 942 tam
1330 901 1398 943 roca
1417 902 1499 959 quam
1516 903 1608 945 rerum
1627 889 1746 946 eiiicaeia

114 991 169 1049 tes,
191 981 276 1039 Βεειιε
290 980 398 1037 Patrem
412 995 504 1037 meum
521 978 608 1035 Mum
623 993 704 1035 suum
716 980 849 1046 dieentes,
861 991 906 1034 mo
955 981 1022 1038 dicit
1036 1000 1044 1036 :
1061 999 1071 1034 e
1099 980 1229 1048 Crescite,
1246 989 1274 1037 et
1291 981 1522 1052 multiplicamini.
1541 1002 1550 1036 t
1574 983 1695 1040 Crescite
1718 985 1746 1040 in

114 1071 216 1129 Filium
233 1073 294 1144 ejus
307 1072 392 1129 Deum
404 1079 543 1143 negantes.
557 1069 596 1126 lta
610 1070 906 1129 einadienaernntnre-
955 1072 1078 1144 proleetu
1101 1073 1244 1141 uirtutum,
1260 1080 1287 1128 et
1304 1074 1524 1145 multiplicemini
1541 1091 1590 1146 per
1613 1076 1745 1132 uirtutum

114 1165 190 1219 aritia
208 1165 276 1231 nais,
295 1179 357 1236 quae
377 1179 435 1220 sue
447 1162 577 1219 deberent
591 1177 667 1230 esse,
681 1177 697 1217 a
710 1162 816 1219 semitis
827 1163 905 1219 uide·
954 1164 1084 1221 exercitia
1101 1155 1128 1219 ει
1141 1163 1265 1234 exempla
1282 1165 1384 1221 multos
1407 1168 1600 1222 eontertnndo.
1617 1163 1656 1222 Nc
1685 1167 1746 1224 sitis

112 1239 187 1310 lieet*
201 1255 335 1321 veritatis,
366 1270 428 1326 quan
454 1254 592 1325 promissa
613 1263 656 1310 cst
681 1254 749 1326 filiis
775 1253 902 1324 Abrabae,
953 1257 1045 1329 pauci.
1072 1254 1206 1323 Crescite,
1225 1271 1261 1312 ne
1283 1255 1346 1312 sitis
1361 1258 1436 1328 parui
1460 1258 1581 1315 merito:
1607 1260 1743 1330 multipii-

112 1346 211 1417 qnales
230 1346 282 1417 ipsi
303 1346 432 1403 deberent
445 1362 517 1414 esse,
532 1354 559 1402 ει
571 1346 667 1417 quales
683 1359 785 1415 essent,
803 1347 827 1403 si
841 1362 904 1404 vere
954 1350 1065 1419 camini,
1088 1364 1123 1406 ue
1138 1349 1198 1406 sitis
1218 1348 1298 1419 pauci
1317 1364 1441 1427 nuarero.
1469 1348 1503 1405 Et
1522 1351 1622 1421 replete
1634 1361 1745 1420 terram,

111 1437 163 1492 lilii
179 1436 273 1494 lideles
284 1453 347 1494 eum
362 1437 435 1494 ildeli
461 1437 600 1494 Abrabam
615 1438 714 1495 uellent
725 1438 849 1496 benedici
858 1455 905 1496 re·
953 1442 991 1498 ita
1008 1441 1142 1508 rideiieet,
1157 1452 1187 1497 ut
1202 1442 1230 1496 in
1256 1450 1312 1499 toto
1332 1451 1468 1496 terrarum
1488 1441 1556 1496 orbe
1580 1442 1744 1510 dilatemini,

111 1529 640 1601 ritatemeonlrtendo,atquedicendo:
932 1541 981 1590 .et
1003 1533 1113 1589 tandem
1128 1532 1255 1603 repleatis
1279 1541 1379 1588 terram
1406 1531 1537 1602 paradisi,
1554 1539 1655 1587 terram
1678 1549 1745 1603 pre-

151 1618 235 1677 Vens.
259 1621 304 1678 tl.
337 1621 406 1678 Viuit
436 1624 578 1691 Dominae,
605 1633 631 1682 ει
653 1625 802 1681 benedictae
830 1625 902 1681 Deae
953 1623 1103 1691 missionis,
1130 1623 1324 1679 terramlaetis
1346 1632 1372 1678 et
1389 1623 1486 1688 meilis,
1506 1633 1606 1678 terram
1629 1624 1663 1679 de
1690 1640 1745 1694 qun

110 1726 198 1776 meaa,
220 1722 245 1766 et
268 1712 401 1768 eeniletttr
420 1714 492 1772 Dens
506 1716 602 1772 uniatis
621 1732 698 1772 mete.
714 1715 748 1773 Et
768 1716 808 1772 iili
825 1716 902 1772 clau·
918 1681 939 1740 B
953 1715 1033 1787 ejecti
1045 1723 1110 1771 sunt
1124 1714 1249 1771 immines
1266 1713 1402 1771 maledicti
1420 1714 1446 1769 iu
1464 1714 1560 1785 primis
1574 1715 1743 1784 parentibus,

110 1802 232 1861 diceudo
253 1803 374 1861 latentur
398 1807 511 1878 quidem
525 1809 599 1880 quod
619 1816 745 1867 mortuus
763 1824 836 1875 sunt,
853 1808 901 1865 sed
952 1817 980 1863 et
992 1809 1019 1862 in
1038 1823 1120 1878 qnam
1139 1808 1312 1864 introductus
1327 1817 1370 1863 est
1380 1807 1455 1862 latro¹
1464 1805 1624 1862 benedictus
1638 1823 1684 1878 per
1698 1822 1742 1862 me

109 1895 212 1952 nolunt
236 1896 271 1954 de
291 1913 336 1955 nte
363 1898 475 1956 elicere:
497 1899 566 1956 Vicit
585 1901 724 1958 Dominae.
750 1901 819 1970 Quia
836 1915 902 1973 ergo
952 1899 1125 1957 benedictum
1148 1899 1283 1955 dicentem
1304 1899 1329 1954 ei
1342 1919 1349 1954 :
1364 1918 1373 1951 a
1387 1900 1485 1965 dureo,
1502 1898 1563 1954 dieo
1578 1899 1636 1966 tibi,
1663 1899 1744 1954 bodie

109 1985 152 2041 illi
178 1987 231 2057 filit
245 1987 327 2043 niierti
347 1991 451 2046 mentiti
465 2001 537 2059 teat,
554 2000 582 2048 ct
601 1994 629 2047 in
655 1993 901 2065 mendaciopersi-
951 2005 1059 2047 meeum
1081 1990 1137 2047 eris
1160 1990 1188 2046 iu
1213 1990 1340 2061 paradiso
1355 1989 1433 2061 (Lae.
1451 2005 1530 2052 narrt,
1558 1990 1643 2061 lbi.»
1667 1988 1744 2047 Harae

109 2084 190 2134 stunt
206 2087 340 2150 negantes
361 2094 407 2137 me
422 2081 538 2151 altere,
568 2083 690 2154 gentium
711 2084 901 2154 populus,qoi
951 2090 1053 2138 terram
1068 2097 1118 2138 ros
1143 2082 1254 2152 replete,
1274 2080 1300 2138 id
1329 2090 1371 2137 ast
1399 2081 1435 2137 ita
1458 2080 1539 2136 uiuite
1555 2082 1582 2135 in
1603 2082 1655 2137 bac
1671 2092 1743 2138 terra

108 2169 261 2240 aliquando
274 2180 334 2227 erat
348 2173 466 2243 populus
485 2189 540 2231 non
561 2189 650 2242 meus,
676 2183 704 2231 et
717 2190 791 2231 nunc
812 2190 896 2247 popu·
951 2172 1096 2228 maledicta
1119 2181 1148 2228 et
1163 2175 1286 2244 spinosa,
1301 2182 1332 2228 ut
1352 2173 1416 2228 ltine
1440 2183 1572 2227 exeuntes
1600 2173 1744 2229 introeatis

107 2257 156 2315 lut
166 2274 245 2317 meus
258 2259 382 2329 effeetus,
393 2262 422 2316 ia
436 2262 531 2318 andita
547 2265 622 2319 naris
635 2263 748 2319 obedivit
763 2266 838 2333 aridi,
850 2267 899 2337 qui
951 2263 1068 2320 inillam
1090 2271 1191 2318 terram
1212 2262 1398 2329 benedictam,
1423 2262 1537 2319 iloribus
1559 2272 1587 2318 ct
1609 2261 1743 2321 fructibus

106 2349 259 2421 Quando
273 2367 329 2408 non
345 2353 562 2412 misericordiam
572 2364 748 2424 consecutus,
763 2373 837 2414 nune
850 2374 900 2414 au·
950 2366 1059 2413 teternae
1069 2355 1249 2427 jucunditatis
1261 2357 1439 2411 uberrimam.
1458 2354 1569 2412 interitu
1581 2372 1658 2422 uero,
1676 2358 1742 2413 dum

106 2451 166 2501 tem
182 2443 399 2501 misericordiam
416 2456 581 2503 enuseeutus
603 2446 746 2504 acritatem
761 2463 900 2520 recogno-
950 2450 1018 2506 estis
1035 2448 1149 2504 interra
1174 2447 1329 2514 maledicta,
1352 2463 1415 2520 quae
1439 2448 1522 2505 babet
1539 2449 1652 2516 bestias,
1667 2452 1743 2507 uola-

107 2539 174 2604 seit,
190 2536 248 2607 ipse
260 2537 351 2594 sciens
363 2551 407 2594 me
419 2554 474 2596 uon
496 2539 669 2598 solummodo
687 2551 837 2610 mortuum,
850 2542 899 2600 sed
950 2541 1008 2597 tilia
1027 2549 1054 2597 ct
1068 2540 1167 2612 pisces,
1178 2555 1228 2596 uos
1243 2540 1423 2596 dominamini
1437 2542 1478 2598 eis
1490 2557 1539 2612 per
1549 2542 1677 2600 virtutem
1692 2544 1742 2598 bc·

106 2628 193 2684 etiam
206 2629 398 2686 resuscitatum
412 2630 571 2700 ipsedicat:
591 2630 661 2688 Vivit
678 2631 816 2689 bominac.
831 2633 901 2692 Abs·
949 2634 1113 2691 nedictionis
1133 2649 1211 2701 meae,
1231 2648 1286 2707 qua
1309 2649 1360 2708 ego
1374 2634 1526 2691 benedictas
1551 2636 1678 2692 benedixi
1693 2652 1755 2694 ros„

106 2733 165 2789 que
181 2719 275 2789 dubio,
288 2735 370 2792 quem
384 2737 433 2779 tos
447 2721 534 2780 ludaei
554 2723 646 2782 dicitis
666 2732 817 2794 mortuum,
840 2726 898 2797 jam
949 2741 1006 2805 prae
1028 2725 1134 2783 eunctis
1148 2726 1335 2783 animantibus
1364 2741 1426 2797 qum
1446 2735 1591 2784 mouentur
1614 2728 1642 2783 in
1659 2737 1741 2785 tena.

106 2812 187 2880 vivit,
210 2824 238 2870 et
266 2815 322 2870 nita
348 2815 491 2872 bominum
514 2832 578 2874 eum
606 2832 640 2874 eo
669 2818 798 2876 surrexit.
828 2818 898 2875 Nam
948 2816 1017 2874 Nam
1042 2819 1347 2875 restrateontersatio
1367 2819 1457 2875 estin
1479 2819 1741 2893 eoelisiPlriiip.rtt,

109 2922 122 2957 r
140 2902 267 2961 Christus
280 2921 426 2978 resurgens
435 2923 469 2963 ex
483 2909 601 2965 mortuis
619 2908 677 2980 jam
698 2926 753 2967 non
770 2912 898 2982 moritur,
948 2909 1018 2975 ²⁰l²
1039 2908 1106 2964 tubi
1122 2924 1166 2964 me
1180 2909 1322 2966 credentes
1335 2923 1396 2966 esse
1416 2909 1527 2966 dicitis:

105 3010 186 3053 mors
202 2995 239 3052 iili
254 2997 325 3054 ultra
342 3012 396 3054 aton
410 2999 594 3057 dominabitur
612 3020 618 3058 :
641 3003 717 3073 quod
737 3004 811 3061 enim
824 3020 935 3083 mor-(3
987 3001 1022 3056 Et
1040 3000 1171 3056 renitetur
1191 3001 1263 3057 Dens
1276 3002 1372 3057 scintis
1398 3017 1473 3059 men.
1489 3002 1568 3071 Quod
1596 3004 1669 3060 enim
1691 3020 1741 3063 nos

106 3095 175 3143 tuus
193 3097 245 3155 est,
262 3097 374 3159 peceato
396 3098 523 3147 mortuus
544 3100 597 3165 est,
612 3093 687 3163 quud
704 3102 795 3150 numm
821 3095 898 3163 sitit,
952 3094 1075 3161 creditis,
1093 3095 1146 3151 boc
1160 3103 1188 3151 et
1209 3093 1270 3150 aliis
1286 3102 1381 3150 notttm
1410 3095 1467 3150 lieri
1484 3097 1594 3166 optatis.
1612 3094 1740 3166 Creditis,

105 3178 176 3236 sitit
190 3178 246 3235 Deo
262 3180 350 3250 (Rom.
366 3199 403 3251 ur,
416 3182 557 3255 limidi.»
574 3182 746 3242 blortuusest
759 3194 789 3242 ut
803 3186 898 3256 bomo,
951 3195 1062 3257 propter
1084 3187 1157 3258 quod
1179 3195 1207 3244 et
1220 3186 1375 3256 loquimini,
1400 3188 1473 3257 quod
1488 3204 1538 3258 ego
1564 3187 1636 3245 Deus
1652 3201 1743 3252 tester

106 3271 159 3328 scd
170 3272 237 3329 sitit
250 3283 280 3330 ut
292 3274 434 3332 Dominus.
462 3274 587 3334 blortuus
602 3293 636 3334 et
663 3286 757 3335 nostra
774 3280 899 3337 mortali·
950 3276 1003 3332 sim
1020 3277 1190 3342 ditissimus,
1206 3276 1341 3333 ditissimi
1356 3277 1376 3330 F
1379 3276 1454 3332 ilius.
1473 3275 1550 3333 Uttde
1565 3285 1605 3343 tu,
1621 3279 1743 3338 Ecclesia

106 3373 176 3433 tate,
203 3366 250 3422 sod
271 3367 339 3423 riuit
364 3367 498 3425 Dominus
521 3367 549 3423 iu
575 3384 624 3425 sua
644 3369 797 3427 divinitate.
823 3371 898 3430 llor-
949 3370 983 3426 de
996 3369 1123 3442 gentibus
1135 3369 1258 3436 collecta,
1275 3367 1355 3439 eujus
1369 3368 1395 3424 in
1409 3377 1473 3440 typo
1487 3384 1541 3424 una
1552 3371 1689 3440 peccatrix
1705 3367 1743 3428 ie·

105 3466 174 3515 tuna
193 3458 221 3514 io
232 3457 320 3515 iorma
336 3461 417 3528 semi,
434 3461 481 3517 scd
499 3461 561 3516 eicit
580 3459 710 3517 Dnnrintta
732 3461 788 3533 jam
813 3464 898 3520 totius
949 3460 1024 3516 mina
1040 3460 1135 3515 rolens
1148 3475 1192 3516 me
1207 3468 1317 3530 tangere
1330 3457 1434 3514 audivit
1451 3476 1458 3513 ε
1477 3478 1486 3511 r
1506 3457 1568 3515 Noli
1584 3475 1627 3515 me
1642 3469 1740 3532 tange>-

105 3559 242 3605 crcaturaa
263 3550 366 3606 babens
378 3550 540 3608 dominium.
563 3549 641 3610 Unde
654 3560 681 3607 ει
695 3552 764 3610 dixit
778 3572 785 3609 :
801 3571 810 3609 r
830 3553 898 3612 bata
949 3567 979 3608 re
996 3571 1002 3607 :
1020 3551 1141 3607 nondum
1157 3549 1229 3604 enim
1246 3550 1357 3606 ascendi
1370 3549 1404 3606 nd
1419 3548 1526 3606 Patrem
1544 3567 1634 3607 meum
1648 3551 1739 3623 (iona.

105 3650 151 3697 εει
165 3642 233 3697 milri
250 3642 340 3699 omanis
358 3651 478 3713 potestas
491 3645 520 3699 in
533 3644 605 3702 eaelo
620 3653 648 3700 et
658 3643 685 3701 iu
702 3653 773 3703 terra
785 3646 895 3717 (lintri.
948 3658 997 3706 ιε,
1013 3641 1052 3711 7),
1068 3661 1078 3695 r
1093 3641 1204 3696 nuncin
1215 3641 1270 3695 alto
1280 3640 1502 3711 metangismon
1516 3656 1559 3697 me
1569 3642 1740 3698 ditissimum

105 3746 207 3798 xsrnt,
223 3732 279 3804 ts).
293 3733 376 3806 lgitur
390 3735 474 3795 bomo
496 3746 635 3806 mortuus,
650 3745 679 3795 et
698 3719 755 3808 inm
776 3740 897 3797 resusei-
947 3734 1019 3805 apud
1042 3733 1151 3790 Patrem
1179 3732 1344 3788 altissimum
1369 3734 1594 3804 regnarecredis.
1617 3733 1651 3790 iit
1678 3735 1741 3792 ideo

105 3835 182 3882 tatus
194 3834 305 3897 aeeepta
329 3834 463 3897 potestate
488 3828 648 3885 dominandi
673 3830 702 3885 in
727 3830 797 3887 coelo
818 3843 845 3887 ct
868 3832 896 3886 in
947 3824 1036 3880 dicis:
1053 3821 1278 3877 Eanitetnrliens
1293 3820 1390 3877 enitatis
1402 3837 1476 3877 mete.
1494 3820 1541 3877 ille
1555 3822 1644 3888 uitus,
1660 3831 1685 3878 et
1698 3825 1741 3879 be-

106 3926 181 3973 terea
204 3918 268 3973 nisit
293 3917 438 3984 Dnminaae
462 3918 530 3975 vivit
558 3935 612 3975 non
637 3922 895 3994 quomodocunque,
947 3917 1067 3971 nedictus
1090 3913 1172 3982 Dens,
1195 3913 1243 3984 qui
1257 3920 1301 3969 εει
1319 3911 1391 3967 nete
1414 3912 1510 3967 tuintis
1531 3929 1605 3981 mere,
1620 3913 1740 3984 quiame

105 4009 156 4068 ssd
169 4008 242 4065 sicut
260 4007 340 4065 Pater
357 4025 436 4077 suus,
458 4013 505 4081 qui
520 4011 596 4068 solus
611 4011 693 4069 babet
708 4013 898 4069 immortalite·
947 4008 1102 4074 nitideavit,
1114 4005 1263 4072 benedixit,
1277 4013 1304 4060 et
1315 4003 1412 4072 saltat,
1426 4018 1462 4060 ue
1477 4004 1630 4061 benedictio
1641 4006 1701 4077 ejus
1711 4007 1739 4062 in

105 4111 174 4166 mm,
190 4116 274 4172 qnam
290 4101 365 4157 dedit
378 4109 406 4158 et
418 4100 489 4158 Filio
511 4112 623 4174 propter
648 4104 773 4161 homines
791 4103 896 4160 bomini
947 4116 991 4156 me
1015 4106 1116 4170 pereat,
1141 4095 1283 4163 eanitetnr,
1303 4094 1413 4152 idest:
1438 4095 1597 4154 massanus
1617 4114 1677 4155 esse
1691 4113 1739 4155 eo·

105 4192 181 4253 laeto
197 4201 225 4249 et
245 4202 364 4250 mortuo.
383 4212 394 4247 e
409 4191 570 4251 sicutenim
582 4195 665 4252 Pater
678 4196 759 4254 habet
774 4197 857 4254 dmm
869 4197 896 4254 in
946 4199 1103 4265 gnoscatur.
1114 4188 1176 4261 lpse
1188 4190 1262 4247 enim
1275 4188 1347 4245 Dens
1362 4189 1459 4245 enintis
1474 4207 1548 4260 mete,
1564 4190 1622 4263 ipse
1635 4202 1677 4248 εει
1692 4190 1739 4248 Sol

107 4287 265 4355 semetipso,
280 4285 322 4342 sic
331 4284 407 4341 dedit
419 4294 447 4342 et
458 4285 528 4342 Filio
541 4287 625 4345 citam
635 4289 735 4346 trabere
748 4289 777 4345 in
791 4301 895 4347 cernet-
944 4284 1070 4357 justitiae,
1085 4284 1120 4340 de
1134 4296 1190 4354 quo
1211 4283 1343 4353 seriptum
1366 4290 1430 4339 est:
1453 4302 1463 4336 a
1478 4281 1589 4340 orietur
1610 4285 1689 4342 nobis
1705 4285 1739 4340 ti·

93 4374 270 4455 *ipsoiientn
293 4392 321 4444 r,
341 4376 426 4447 26).»
451 4375 519 4433 Viuit
539 4377 669 4435 Dominae
693 4390 720 4437 et
739 4380 895 4440 vivificandi
911 4373 933 4429 b
947 4375 1085 4431 mentibus
1103 4389 1203 4429 nomen
1224 4388 1317 4429 meum
1347 4371 1394 4429 Sol
1406 4373 1530 4445 justitia,
1543 4383 1571 4431 et
1586 4376 1690 4432 sanitas
1710 4376 1738 4432 in

106 4468 190 4523 babet
212 4476 374 4538 potestatem
395 4469 468 4525 sieut
490 4469 582 4527 Pater.
616 4470 695 4528 Sicut
713 4473 786 4529 euim
814 4473 897 4532 Pater
947 4466 1044 4538 1)θηῦῑὸ
1056 4465 1116 4536 lius
1130 4463 1240 4537 (linii-
1252 4464 1338 4533 M)-
1355 4462 1491 4536 »Propter
1502 4466 1738 4535 habesbbib'tlessl.

105 4560 221 4616 suscitat
247 4569 275 4615 et
295 4568 419 4616 mortuns
440 4560 569 4627 titillent,
595 4560 636 4620 sic
660 4569 687 4618 et
706 4561 803 4630 Filius,
825 4580 896 4636 quos
928 4574 1009 4630 Χ(11132
1022 4567 1064 4615 esi
1079 4560 1106 4613 in
1124 4558 1223 4628 dennis
1237 4557 1308 4627 eius,
1322 4556 1350 4612 in
1376 4557 1565 4616 misericordia
1580 4561 1684 4622 seilicet
1705 4578 1739 4621 ao

105 4649 175 4713 cult,
195 4648 322 4704 titillent.
357 4648 426 4703 l'ieit
454 4648 595 4717 Dominae,
615 4657 643 4706 et
671 4650 728 4721 jam
761 4654 896 4711 nunsula
948 4649 1236 4719 miserationeipsius,
1264 4648 1315 4704 sub
1336 4649 1438 4719 quibus
1459 4651 1558 4721 pennis
1583 4668 1736 4723 speramus,

105 4740 237 4797 divinitas
251 4741 312 4813 ejus
323 4750 366 4796 cst
377 4740 538 4797 riniiieatrix
553 4749 736 4810 mortuorum,
752 4744 895 4801 sedetiam
947 4742 1048 4798 dieitur
1063 4741 1133 4795 bens
1148 4740 1332 4804 solatiantem,
1348 4738 1478 4797 Ecclesia
1491 4741 1615 4799 tideiicet
1627 4760 1659 4800 ex
1672 4761 1738 4816 gen·

103 4847 173 4891 caro
184 4833 245 4903 ejus
259 4841 287 4889 et
309 4832 431 4904 sanguis,
447 4832 527 4903 eujus
547 4832 794 4891 communicatione
808 4835 897 4891 viuttt-
946 4833 1020 4890 tibus
1031 4832 1159 4895 collecte,
1175 4846 1257 4901 quam
1272 4831 1353 4902 elegit
1363 4848 1417 4888 non
1429 4848 1462 4887 ex
1473 4833 1564 4889 debito
1577 4837 1738 4906 promissio-

103 4925 244 4983 nabuntur
265 4925 347 4981 etiam
373 4940 488 4995 corpora
517 4925 544 4979 in
570 4925 782 4982 resurreetione.
826 4926 896 4982 Vivit
946 4920 1257 4994 nisutlsraelpuerum
1274 4938 1367 4987 suum,
1393 4939 1474 4995 qoem
1490 4927 1619 4996 suscepit.
1639 4947 1649 4979 e
1667 4929 1739 4985 sicut

103 5030 172 5088 ergo
189 5015 329 5083 Dnmirrtts,
350 5016 423 5087 quod
442 5032 476 5072 ert
494 5016 590 5073 effectu
614 5026 697 5089 patet,
721 5019 785 5090 quia
800 5018 895 5075 Eeele-
946 5017 1107 5072 locutusest
1124 5015 1262 5071 Abrabam
1289 5023 1317 5071 et
1336 5016 1434 5072 semini
1449 5017 1510 5087 ejus
1527 5017 1604 5089 (bne.
1618 5034 1637 5085 r,
1649 5020 1734 5090 55)»

103 5109 177 5166 siam
194 5123 272 5164 suam
289 5107 417 5166 sicilicet.
945 5125 1040 5165 terum
1065 5123 1098 5165 et
1117 5123 1215 5179 magna
1234 5105 1420 5165 misericordia
1447 5118 1473 5164 et
1499 5101 1685 5177 miseratione,
1708 5110 1737 5166 in

149 5197 218 5253 Viuit
245 5195 389 5269 beatiam,
411 5211 438 5258 et
463 5202 613 5258 benedictas
638 5200 708 5257 Dens
738 5218 825 5267 mena,
847 5202 894 5273 qui
945 5202 1056 5273 quibus,
1071 5200 1146 5256 velut
1162 5201 1259 5270 pennis
1280 5199 1373 5255 aeterni
1389 5200 1455 5255 solis
1469 5209 1511 5255 est
1533 5200 1600 5254 milri
1620 5200 1735 5257 sanitas.

102 5299 148 5346 cst
168 5292 292 5348 omnium
305 5291 378 5351 Deus
390 5310 438 5366 per
450 5296 634 5353 conditionem
652 5296 824 5367 generaliter,
838 5296 895 5367 ipse
945 5291 1023 5349 Unde
1035 5302 1100 5362 opto
1127 5300 1158 5346 ut
1182 5292 1315 5346 renitetur
1341 5290 1392 5347 iste
1407 5289 1477 5345 bens
1496 5289 1683 5357 solatiantem,
1706 5298 1737 5346 ut

103 5378 180 5437 Deus
200 5394 273 5437 mma
295 5392 337 5440 εει
358 5386 512 5457 specialiter
538 5401 587 5457 per
613 5386 838 5454 titillcationem,
868 5395 895 5442 et
944 5384 1078 5439 eanltctttr
1102 5383 1152 5440 iste
1176 5378 1223 5439 snt
1248 5383 1361 5454 jttstitiae
1389 5383 1416 5438 in
1442 5381 1614 5436 altitudinem
1630 5380 1735 5438 zodiaci

103 5471 336 5542 benedictionem,
363 5491 418 5547 qua
444 5492 488 5532 me
502 5477 621 5533 titillent
635 5476 785 5534 Ecclesiam
803 5493 893 5545 suarn,
945 5478 999 5542 sui,
1022 5477 1093 5531 aride
1106 5476 1187 5533 iaciat
1202 5492 1249 5547 per
1264 5477 1397 5531 mundum
1412 5460 1569 5530 urr'itersum
1583 5474 1642 5530 dies
1658 5473 1733 5530 testi·

103 5572 137 5619 ut
152 5579 185 5620 ex
207 5566 294 5637 ipsius
307 5568 359 5624 lide
381 5568 524 5633 vitamet
541 5567 688 5635 benedicit,
709 5577 740 5625 ut
752 5569 819 5626 lides
833 5574 894 5626 inea
944 5584 1005 5636 uos,
1025 5568 1083 5625 dies
1105 5568 1202 5639 longos
1225 5558 1263 5624 ει
1278 5568 1384 5634 claros,
1408 5567 1435 5622 in
1459 5566 1558 5636 quibus
1584 5567 1733 5624 dieamus:

104 5654 260 5717 trucident.
294 5658 396 5724 Primis
425 5658 583 5721 bominibus
613 5661 751 5721 benedixit
775 5661 868 5720 dicem
884 5681 891 5719 :
948 5659 1065 5719 ‹ibems
1079 5659 1198 5729 transiit,
1212 5658 1299 5718 imber
1312 5658 1379 5715 abiit
1393 5667 1419 5717 ct
1434 5658 1558 5718 recessit.
1571 5658 1665 5719 Floras
1681 5672 1730 5729 ap·
