3817 6000
81 270 139 339 931
380 268 660 334 tonnubtsutb'tt
679 273 712 329 tu
727 265 898 330 esibiles,
917 290 954 315 ³·-
971 262 1061 325 Psslllss
1079 268 1098 326 Ι.
1117 297 1152 309 -
1168 265 1267 322 isit.
1287 262 1382 323 xt'tlt.
1662 270 1714 328 938
1771 274 1775 279 ·
1807 264 1811 271 “

79 406 141 463 tos,
165 394 242 452 etde
259 406 341 465 parta
361 393 515 450 hurttilitate
534 394 569 449 ad
592 392 723 464 majorem
741 406 872 464 protoca-
886 393 909 448 Α
922 383 1045 442 vacando
1058 399 1091 439 ea
1103 382 1273 454 multiplicat,
1286 379 1412 453 quisquis
1431 382 1589 442 alacicndis
1602 384 1717 445 cessati

79 497 127 543 tus
147 495 198 543 est.
923 480 1000 537 Unde
1018 479 1256 549 rioloerspcctare‚
1268 475 1355 531 donec
1367 474 1516 549 intelligam
1530 477 1628 535 delicto
1642 494 1716 550 moa,

115 581 187 636 Cum
201 593 268 649 crgo
282 577 382 633 talibus
402 576 594 647 experimentis
610 575 780 632 extrinsecus
793 588 873 643 appa·
921 571 987 641 quia
1001 570 1131 626 milrinon
1142 567 1403 639 suntintclligibilia,
1414 568 1466 625 etsi
1476 568 1536 638 tibi,
1547 568 1716 643 neormam.

77 681 145 728 rent
159 670 263 743 judicia
292 670 448 725 intrinsecae
466 669 612 724 chasmatis
637 666 680 723 rel
699 665 871 732 humilitatis,
922 662 1014 717 omnia
1028 668 1093 717 sunt
1107 659 1296 731 intelligibilia,
1312 659 1380 716 mibi
1394 667 1459 717 ειιιιι
1486 662 1602 718 occulta.
1632 661 1715 734 Nolo,

78 779 133 835 pro
146 762 248 835 quibus
261 761 380 816 maxime
394 759 542 816 siraninus
557 768 631 831 patet
642 758 720 831 regni
738 757 870 814 coelorum
920 754 1045 823 inquam,
1056 752 1380 823 exspectarereldilicrre
1391 754 1603 824 postulationem
1616 759 1714 823 reniae.

75 855 212 912 introitus
226 872 233 909 ι
241 853 348 925 judicie
366 851 475 907 Domini
494 868 553 906 nere
570 850 722 923 justificato
742 858 870 905 suntuou
922 845 1291 916 usquedumvideamdeiicto
1302 847 1512 916 mea,quaemilri
1523 856 1588 905 sunt
1596 849 1716 920 occulta,

77 957 189 1005 tantum
204 947 231 1001 in
242 945 399 1016 semetipsis,
411 944 458 1000 sed
470 945 553 1000 etism
565 945 591 999 in
606 943 735 1000 humanis
747 949 774 998 et
785 957 871 1012 ange·
922 937 969 993 sed
981 936 1042 992 dico
1055 936 1111 991 :tt
1125 937 1235 993 cernitis
1246 938 1309 993 mma
1317 938 1416 992 mundo
1427 955 1476 1006 me,
1488 939 1607 997 Domine.

76 1040 142 1096 licis
156 1036 343 1094 conscientiis.
364 1034 480 1102 Quando
499 1045 592 1091 autem
615 1034 689 1090 nulla
703 1034 872 1105 penitusne
958 1028 1040 1086 Vsus.
1062 1029 1106 1085 ll.
1134 1028 1169 1085 Ει
1196 1031 1228 1085 ei
1252 1030 1347 1085 eliensis
1372 1047 1451 1101 parce
1475 1045 1549 1087 servo
1574 1043 1629 1088 tur.
1656 1033 1714 1109 Ego

73 1137 179 1200 parent
192 1128 346 1185 extrinseca
359 1126 522 1184 humilitatis
546 1136 573 1182 et
595 1127 738 1182 charitatis
757 1126 870 1193 indicia,
922 1119 1019 1187 Dauid,
1038 1119 1144 1192 relego
1158 1120 1273 1191 quilibet
1286 1120 1385 1177 similis
1404 1120 1490 1177 Dauid
1509 1123 1652 1195 poeuitcnti
1667 1141 1716 1180 rc··

78 1232 147 1276 tunc
158 1218 268 1274 Indicia
281 1218 399 1286 Domini,
413 1219 483 1276 aiios
496 1228 608 1291 propter
617 1234 729 1290 paruam
741 1234 790 1276 seu
808 1218 871 1273 nul·
921 1227 1069 1286 cogn080⁰s
1080 1211 1167 1283 qniae
1185 1211 1213 1266 5¹¹
1229 1210 1420 1282 in“libitibus
1436 1222 1586 1283 ⁰⁰¹ioeliil¹⁸
1600 1229 1675 1283 sum,
1686 1224 1716 1273 θῑ

76 1315 134 1369 lam
146 1311 328 1369 humilitatem
342 1320 369 1367 et
387 1311 549 1367 charitatem
564 1311 684 1367 habitam
703 1310 870 1383 repellentia,
921 1306 949 1360 iu
969 1304 1088 1377 peccatis
1107 1302 1232 1373 concepit
1250 1318 1294 1358 me
1311 1313 1398 1360 mater
1410 1319 1472 1359 mea
1493 1304 1582 1373 (Psoi.
1596 1322 1625 1375 c,
1639 1306 1677 1377 7).
1701 1326 1712 1363 s

73 1402 152 1459 alios
167 1417 232 1457 tero
244 1412 356 1472 propter
370 1416 499 1472 magnam
516 1401 680 1457 charitatem
692 1410 719 1457 et
730 1401 872 1457 humilita-
921 1392 987 1450 Haec
1001 1401 1067 1451 sulii
1082 1383 1189 1449 00οῧῑῦ
1201 1409 1261 1449 ⁰¹⁸³
1273 1404 1395 1466 beccam·
1416 1395 1542 1454 Ἲῑΰθῑίθθῑ
1556 1399 1714 1472 θΐῐεῑῑῐθῑῑθι

76 1504 133 1551 tem
143 1493 296 1566 colligentia
307 1491 459 1563 justificate
475 1494 577 1549 suntin
590 1492 747 1564 semetipsis,
762 1492 871 1549 etiamsi
921 1499 983 1558 quac
1004 1486 1084 1557 quasi
1103 1501 1153 1557 per
1170 1485 1277 1542 occulta
1298 1486 1465 1558 iudiciorum
1490 1488 1538 1546 Dei
1553 1493 1659 1550 canalia
1680 1495 1715 1550 do

74 1604 175 1643 eornm
184 1585 344 1657 justificatio
354 1584 391 1640 sit
401 1585 562 1642 abscondita
574 1585 735 1641 hominibus
745 1594 772 1642 ct
786 1601 871 1657 ange-
921 1581 1017 1652 primis
1030 1579 1190 1653 parentibus
1209 1596 1258 1652 per
1271 1583 1379 1640 medios
1396 1593 1524 1655 parentes
1537 1600 1671 1645 uenerunt
1685 1592 1713 1648 in

70 1678 124 1743 iis,
136 1679 201 1750 quia
209 1678 315 1748 judicic
330 1677 439 1732 Domini
458 1694 529 1746 aere,
548 1677 600 1734 etsi
619 1685 735 1749 possunt
749 1692 810 1734 esse
824 1693 872 1735 om
921 1690 976 1741 me,
991 1674 1187 1746 atqueocculte
1196 1675 1282 1732 latent
1292 1676 1320 1731 in
1335 1692 1390 1748 sac,
1400 1679 1428 1734 in
1443 1692 1504 1736 mea
1512 1689 1621 1752 natura,
1632 1687 1713 1755 quasi

69 1770 162 1839 culta,
191 1770 267 1825 nullo
288 1769 371 1826 modo
387 1777 506 1841 possunt
530 1784 592 1826 esse
617 1770 740 1841 injusta:
756 1769 872 1842 ideoque
885 1734 908 1792 B
921 1768 1077 1837 naturalia,
1100 1769 1203 1841 quibus
1228 1777 1322 1841 postea
1350 1785 1567 1842 supervenerunt
1594 1778 1713 1835 actualia

69 1861 267 1916 desiderabitis
291 1869 352 1916 snat
368 1876 447 1931 snper
463 1877 559 1914 numm
581 1869 606 1915 et
629 1861 746 1932 inpidem
772 1862 871 1932 pretio·
920 1859 1000 1932 quasi
1011 1860 1224 1918 accidentaliaet
1238 1862 1337 1919 aliena.
1349 1861 1464 1934 Propter
1475 1865 1619 1939 originalia
1631 1869 1712 1928 dico:

74 1970 137 2008 sum
152 1953 276 2018 multum,
299 1962 324 2008 et
340 1952 462 2007 dulciore
476 1969 555 2023 super
580 1952 632 2008 med
651 1963 676 2008 et
701 1953 790 2024 [soum
814 1968 870 2011 uun
922 1951 962 2007 it
978 1953 1089 2010 occultis
1102 1955 1167 2012 meis
1181 1956 1282 2010 mundo
1300 1972 1350 2025 me,
1360 1954 1605 2031 Domine.Propter
1618 1973 1712 2020 actua·

71 2046 155 2102 omni
187 2046 308 2119 populo,
337 2046 384 2101 sed
412 2044 523 2102 cuilibet
549 2060 629 2102 seruo
662 2054 727 2115 tuo,
755 2045 870 2103 Domine
919 2043 955 2100 tta
971 2043 1216 2102 dicozrliniienis
1240 2056 1404 2118 perdeserta
1424 2056 1480 2107 tuo.

73 2135 161 2194 neus,
953 2138 1058 2196 Aliter:
1075 2149 1198 2210 peccata,
1216 2156 1278 2212 quae
1298 2141 1325 2196 in
1339 2155 1400 2198 mea
1415 2142 1669 2214 suntconscientia‚
1684 2156 1712 2207 et

114 2228 196 2286 Vsss.
212 2228 256 2285 li.
273 2228 379 2285 Etenim
391 2247 479 2286 semus
494 2239 554 2285 taor
566 2230 681 2285 custodit
695 2240 736 2285 en.
753 2228 868 2287 Etiamsi
917 2228 952 2285 de
972 2245 1032 2286 mea
1051 2230 1203 2287 intentione
1222 2231 1418 2302 procedentia,
1438 2234 1498 2305 ipsa
1520 2245 1584 2293 sont
1605 2237 1711 2295 occulta

73 2336 166 2376 umus
182 2329 243 2374 taes
255 2327 297 2376 est
307 2335 406 2376 aurum
419 2321 462 2377 sei
476 2321 545 2392 lapis
561 2321 698 2392 pretiosus
712 2322 786 2376 omni
802 2323 868 2377 cba-
918 2335 979 2376 mea
1000 2339 1007 2375 :
1025 2334 1087 2392 qnae
1104 2337 1171 2378 acro
1191 2322 1282 2380 alienu
1302 2337 1388 2381 suasu
1402 2323 1523 2385 hominis
1546 2328 1589 2385 uel
1608 2330 1710 2387 diaboli

71 2413 165 2469 ruatis
178 2418 206 2467 et
218 2412 380 2469 humilitatis
395 2413 494 2470 uirtute
510 2429 597 2485 purus
608 2423 635 2470 et
649 2413 793 2484 solidatus,
813 2415 866 2483 vei,
915 2413 1055 2481 commisi,
1068 2426 1102 2470 eo
1113 2423 1238 2485 respectu
1250 2425 1315 2472 sunt
1326 2415 1394 2472 milti
1406 2417 1506 2487 aliena,
1517 2420 1589 2490 quod
1600 2420 1711 2479 alicnde

72 2505 97 2562 si
111 2514 154 2561 est
170 2505 359 2576 meletianos,
375 2516 450 2563 totus
464 2507 493 2562 in
504 2507 584 2563 melle
596 2506 706 2572 mentis,
718 2517 745 2565 ct
762 2508 789 2563 in
806 2506 867 2566 sato
918 2504 1158 2563 semicremata
1177 2507 1241 2563 meis
1256 2507 1368 2563 oreatus
1389 2508 1558 2566 assimilatus
1575 2524 1638 2569 sum
1650 2512 1710 2568 dia·

69 2599 169 2654 carnis
189 2614 245 2654 suae
260 2598 400 2669 jucundus
416 2619 423 2655 ε
441 2601 498 2671 ipse
519 2609 609 2656 mmen
627 2617 707 2672 saper
720 2618 825 2670 aarum
841 2614 866 2660 et
916 2597 991 2662 boio,
1007 2598 1054 2669 qui
1068 2599 1191 2670 peccauit
1211 2598 1240 2655 in
1259 2599 1343 2657 corde
1360 2614 1412 2657 suo
1430 2601 1614 2672 superbiendo
1633 2605 1710 2661 nullo

70 2687 192 2758 lapidem
206 2691 349 2758 pretiosum
363 2690 488 2758 maltum,
502 2689 530 2746 id
550 2700 591 2747 est
608 2691 753 2764 plusquam
768 2703 867 2751 semei.
917 2689 1060 2756 ssadente,
1072 2689 1101 2745 in
1119 2698 1232 2761 peccato
1255 2704 1307 2747 suo
1322 2692 1389 2761 ruit,
1405 2691 1480 2748 nubo
1496 2692 1663 2766 impellente.
1677 2695 1709 2754 lu

72 2777 178 2848 ipsum,
194 2780 236 2835 uel
249 2781 332 2838 aliurn
346 2790 472 2838 sanctum
484 2782 537 2839 sibi
547 2784 717 2841 consimilem
729 2786 866 2843 desidero·
916 2777 1012 2833 “¹50⁸ss
1031 2777 1100 2835 meis
1125 2779 1293 2835 ³³⁵imi¹²ffl³
1313 2780 1495 2853 u¹0i⁰l¹³⁸¹⁰s
1518 2782 1566 2854 (lui
1586 2786 1709 2855 Decimii

69 2870 372 2945 interpunctionem
395 2882 451 2942 sua,
472 2884 499 2931 er
518 2876 666 2946 superne
680 2885 707 2931 ee
725 2878 825 2949 favam,
840 2879 867 2936 tu
916 2869 1123 2939 stromateum,
1139 2879 1222 2943 sique
1241 2873 1270 2928 m
1287 2881 1430 2944 moratum
1450 2873 1631 2933 ruitsuasorc
1645 2888 1709 2951 post

72 2971 116 3019 est
142 2964 287 3035 piusquam
316 2966 493 3039 semetipsum
511 2967 652 3025 petatium
666 2969 718 3026 sipi
736 2972 867 3028 conspui.
915 2961 1055 3021 suasionis
1065 2977 1232 3022 consensum
1246 2965 1382 3023 trahente.
1393 2963 1458 3024 ideo
1468 2966 1606 3025 dionidi
1617 2968 1707 3025 occei-

73 3057 128 3112 lem
141 3056 229 3130 diligit
239 3057 408 3128 judiciorum
423 3068 534 3116 tuorum
555 3060 738 3119 dulcedinem.
757 3061 792 3119 Et
811 3064 899 3153 hoec
916 3055 951 3111 ‘⁴⁴⁸
968 3057 1033 3112 Μ’*
1053 3058 1153 3113 mutili
1175 3074 1227 3127 mes
1252 3057 1381 3127 Domine,
1407 3074 1442 3116 ¹¹⁶
1465 3059 1565 3118 similis
1582 3060 1707 3119 inlessiil‘

73 3146 142 3203 iacit
154 3163 208 3203 nou
221 3149 281 3207 siue
305 3164 399 3218 causa,
412 3151 477 3223 quia
491 3150 519 3205 in
544 3153 722 3209 custodiendis
743 3152 799 3209 iilis
823 3165 866 3211 est
915 3147 1189 3219 diaboloseductori;
1208 3159 1233 3205 el
1252 3150 1284 3205 ai
1303 3150 1398 3206 ademi
1411 3168 1490 3221 parce
1508 3167 1582 3208 serm
1596 3162 1651 3221 tuo,
1672 3159 1707 3211 ni

71 3240 213 3296 retributio
227 3239 323 3309 meite,
335 3250 363 3299 et
376 3241 482 3299 fructus
496 3242 609 3299 multus.
629 3242 688 3300 Non
701 3244 788 3302 solum
803 3257 866 3319 post
915 3242 1015 3299 similia
1030 3242 1156 3299 iuveniat
1170 3242 1254 3299 ueteri
1274 3241 1380 3298 homiui
1397 3243 1522 3302 teduciu·
1534 3244 1574 3299 Ab
1596 3245 1707 3304 occultis

71 3347 171 3389 eorum
189 3334 342 3390 custodiam
361 3342 454 3407 sperat
467 3352 556 3390 semus
572 3346 633 3391 tuor
646 3338 863 3409 retributionem,
915 3336 981 3392 meis
993 3335 1093 3391 mundo
1103 3352 1154 3404 me,
1166 3331 1289 3402 Domine,
1303 3349 1338 3391 ue
1351 3334 1443 3391 ueniat
1457 3334 1524 3390 milii
1545 3350 1594 3406 pes
1609 3351 1705 3409 supcr-

71 3423 122 3479 sed
138 3425 221 3479 etiam
240 3438 314 3480 nnnc
326 3424 355 3481 in
369 3426 486 3482 haesita
505 3427 532 3482 in
554 3427 730 3483 custodiendis
751 3429 806 3485 iliis
824 3448 865 3485 re·
914 3425 987 3495 biset
1010 3437 1036 3482 et
1049 3427 1082 3481 oi
1100 3427 1194 3484 aliems
1211 3418 1488 3498 perseuerantique
1502 3441 1705 3502 manuspecca·

71 3516 187 3571 tributio
204 3517 300 3587 meite,
317 3529 345 3576 et
361 3518 469 3576 iructus
482 3520 595 3586 multus,
612 3521 656 3578 cui
676 3523 766 3579 omnis
782 3524 864 3594 buius
915 3517 984 3574 loris
1002 3527 1110 3576 moveat
1124 3535 1179 3576 me·

71 3608 170 3664 mundi
182 3608 286 3666 iructns
294 3627 348 3666 non
357 3621 398 3667 est
408 3611 619 3682 comparandus.
632 3612 738 3681 «Quem
753 3634 764 3668 s
779 3617 863 3686 enim,
949 3610 1192 3681 curassemus
1206 3612 1391 3670 contremisco
1400 3627 1457 3684 prae
1467 3613 1566 3671 timore
1583 3616 1706 3673 occuito<-

71 3699 113 3754 ait
126 3698 283 3770 Apostolus,
295 3718 305 3752 ι
315 3701 680 3760 imctumbabnististuncin
694 3705 748 3775 his,
760 3706 788 3762 in
803 3710 865 3780 qui·
913 3722 976 3762 rum
994 3721 1116 3762 meorum
1130 3708 1136 3760 l
1153 3705 1209 3779 Ego
1222 3704 1310 3762 Duuid
1333 3719 1381 3760 rex
1395 3706 1518 3777 quandin
1534 3705 1574 3763 toi
1587 3706 1704 3765 afflictus

70 3789 126 3846 bos
139 3804 212 3849 nunc
225 3792 500 3852 erubescitistllme
515 3810 579 3852 vero
592 3795 862 3870 liberatlapeccato,
913 3804 1094 3869 persequente
1113 3812 1157 3852 me
1187 3794 1280 3864 Saule,
1304 3796 1444 3866 propriam
1469 3810 1602 3865 uxorem,
1619 3813 1703 3868 quam

71 3882 146 3940 serui
160 3894 252 3942 antem
277 3887 341 3944 iacti
368 3887 424 3945 Deo
442 3888 548 3945 habetis
570 3887 688 3947 tractum
701 3900 823 3949 uestrum
836 3895 864 3949 in
913 3888 1078 3962 desponsari
1092 3889 1160 3944 milti
1176 3898 1286 3946 centum
1300 3886 1441 3960 praeputiis
1462 3885 1702 3955 Philistltinorum,

68 3973 277 4047 iustificatione,
293 3980 375 4037 daem
388 3996 455 4037 vero
474 3982 557 4037 vitam
575 3990 707 4040 aetertrem
721 3984 809 4057 (Rom.
823 4003 862 4054 m,
913 3980 1031 4036 retinere
1048 3993 1102 4035 non
1114 3979 1203 4051 potui,
1221 3979 1353 4052 qnoniam
1370 3986 1448 4049 pater
1468 3976 1534 4034 Saul
1551 3978 1620 4036 milri
1642 3996 1704 4036 eam

70 4067 119 4136 it,
147 4068 204 4140 ᾗ).
235 4087 246 4125 s
267 4070 350 4145 igitur
362 4075 543 4132 sanctificatio
563 4075 625 4131 vitae
645 4073 788 4146 praesentis
805 4078 863 4136 [ιιι.
913 4071 1036 4140 abstulit,
1050 4081 1132 4144 atque
1150 4071 1226 4128 alteri
1242 4071 1355 4128 tradidit
1369 4068 1416 4142 (il
1430 4067 1494 4143 liep.
1517 4085 1559 4139 tu,
1573 4070 1629 4144 lli.
1647 4070 1704 4129 lloe

69 4165 134 4214 ctus
152 4160 255 4217 multus
285 4171 328 4218 est
354 4164 382 4219 in
408 4166 594 4224 custodiendis
613 4166 713 4224 divinis
733 4169 860 4240 indicum
911 4164 1046 4236 patienter
1058 4163 1186 4232 sustinui,
1199 4147 1271 4222 lianc
1281 4162 1411 4237 iniuriam
1422 4177 1486 4221 cum
1497 4163 1704 4237 longanimitate.

70 4249 129 4304 rita
142 4265 207 4308 vern
220 4259 323 4310 aeterni
348 4252 454 4312 tructus
469 4263 511 4313 est
530 4258 653 4328 postilla
669 4258 816 4330 custodita,
836 4262 861 4318 si
910 4256 1029 4328 portati,
1048 4256 1228 4328 quoadusque
1247 4254 1368 4324 tandem,
1386 4253 1469 4311 sante
1489 4256 1703 4323 monomacha·

70 4349 164 4398 umen
177 4344 236 4400 sine
254 4346 361 4417 magnis
380 4354 407 4403 et
425 4349 586 4407 mortalibus
604 4350 710 4409 delictis
736 4367 862 4424 perseve-
911 4348 960 4418 hui
973 4363 1086 4405 uxorem
1107 4362 1207 4404 meam.
1222 4346 1302 4405 Sensi
1322 4355 1414 4405 tamen
1431 4361 1542 4418 prorem
1555 4361 1618 4402 esse
1631 4345 1702 4404 itanc

70 4441 152 4489 ratur
168 4435 195 4490 in
209 4450 304 4494 eurum
316 4440 453 4497 custodia.
475 4439 541 4497 Dico
553 4450 643 4499 autem
668 4457 740 4500 nnnc
763 4443 860 4499 deiieta
875 4452 899 4513 υ
912 4438 1054 4510 iniuriam,
1064 4436 1088 4494 si
1102 4436 1165 4510 quis
1177 4436 1286 4493 tolleret
1302 4435 1410 4492 homini
1422 4449 1538 4492 uxorem
1550 4437 1701 4509 propriam.

70 4525 210 4594 mortalia,
223 4543 295 4599 quae,
310 4527 334 4585 si
347 4547 402 4587 non
416 4530 517 4588 luerint
528 4544 591 4590 ante
603 4544 718 4592 mortem
741 4535 859 4606 expiata,
912 4527 991 4588 Sensi
1005 4538 1033 4587 et
1046 4531 1117 4587 hanc
1130 4529 1260 4602 injuriam
1272 4537 1338 4585 tunc
1350 4528 1467 4600 patiens,
1479 4543 1623 4600 nunquam
1638 4543 1699 4585 earn

69 4625 137 4689 post
150 4628 266 4675 mortem
280 4630 362 4677 erunt
371 4621 559 4696 inexpiabilia.
573 4625 702 4693 Quaedam
715 4643 780 4684 aero
796 4638 876 4684 sunt,
910 4639 979 4681 ame
991 4623 1072 4681 alicui
1086 4622 1240 4680 faciendam
1252 4620 1367 4679 credidi.
1383 4620 1460 4678 tideo
1480 4619 1534 4677 iuit
1546 4621 1655 4678 occulta
1671 4621 1700 4676 in

68 4710 155 4764 etiam
176 4719 238 4781 post
258 4721 374 4769 mortem
387 4716 543 4787 expiabilia,
558 4717 622 4774 licet
636 4715 861 4791 inhaesimspo·
910 4733 954 4775 me
975 4719 1034 4775 hec
1049 4717 1203 4789 disciplina,
1216 4723 1249 4771 nt
1262 4728 1313 4787 eqo
1327 4721 1392 4771 tunc
1416 4714 1529 4770 minime
1547 4714 1697 4780 crederem,

67 4801 178 4858 cialiter
194 4817 250 4858 non
264 4802 366 4862 luerint
378 4810 527 4879 recognita,
544 4810 586 4866 rel
601 4810 696 4867 saltem
712 4811 858 4869 intellecta.
910 4807 985 4881 quod
999 4822 1112 4865 uxorem
1124 4806 1242 4862 adenem
1254 4802 1338 4860 alicui
1349 4803 1445 4859 tollere
1455 4802 1593 4861 deberem.
1607 4801 1699 4860 Sedet

67 4890 141 4948 Cum
155 4895 228 4950 enim
242 4897 316 4953 nulla
326 4897 424 4956 delicta
436 4901 536 4958 lateant
549 4903 714 4959 intellectum
725 4904 859 4972 divinum,
910 4902 1000 4973 ipsum
1019 4899 1128 4956 Saulem
1145 4913 1227 4970 super
1240 4898 1292 4955 hoc
1305 4906 1427 4970 peccato,
1442 4905 1524 4968 atque
1535 4895 1638 4964 vuum,
1653 4899 1697 4953 cni

67 4985 190 5057 plurima
206 4988 291 5046 latent
306 4992 461 5052 intellectus
487 4996 623 5053 humanos
644 4997 726 5054 etiam
748 5006 859 5054 sancto-
908 4994 1008 5052 tradita
1021 4990 1365 5063 luitnxormea,1ndieaui
1378 4986 1697 5060 acriusiortassequam

67 5093 134 5133 rum
145 5078 279 5137 uirorum.
299 5081 368 5140 llam
908 5088 1046 5155 deberem,
1061 5085 1173 5142 nescius
1184 5082 1257 5156 quod
1271 5083 1300 5139 in
1319 5082 1411 5140 simile
1430 5081 1473 5138 uel
1492 5079 1583 5150 maius
1600 5094 1696 5150 pecea-

106 5170 191 5231 Vens.
205 5175 248 5232 tlt.
258 5175 362 5234 Delicta
374 5181 433 5252 qais
448 5181 581 5254 inteiiiqit.
593 5178 736 5239 Peccatum
750 5181 860 5253 proprie
908 5190 967 5238 tum
982 5194 1097 5237 casurus
1106 5193 1195 5235 essem
1207 5196 1215 5246 ;
1227 5177 1291 5249 quia
1308 5192 1363 5233 non
1374 5174 1494 5233 intelleri
1507 5172 1614 5230 occulta
1627 5172 1692 5227 libi*

67 5262 182 5333 dicitur,
198 5268 307 5338 quando
321 5272 424 5344 aliquid
438 5275 478 5342 tlt,
493 5275 565 5345 qnod
580 5272 760 5329 interdicitur.
786 5271 860 5328 Deli·
908 5270 982 5328 dinis
1004 5268 1180 5326 incitamenta
1196 5268 1267 5323 intra
1285 5282 1330 5323 me
1350 5277 1415 5324 tunc
1437 5263 1607 5330 abscondita,
1623 5263 1695 5319 sicut

68 5365 147 5413 ctum
158 5373 232 5428 vero,
254 5363 365 5434 quando
379 5364 445 5419 illud
462 5379 517 5420 nou
530 5366 571 5434 lit,
585 5365 659 5437 quod
669 5363 748 5423 debet
758 5364 860 5432 flectet
909 5362 980 5437 ignis
993 5361 1169 5419 absconditur
1181 5358 1330 5431 aliquando
1348 5357 1400 5415 sub
1419 5355 1522 5424 latitia,
1544 5355 1632 5411 donec
1645 5363 1692 5409 acd

66 5455 361 5522 praeceptumestileri.
371 5455 491 5514 Facilius
502 5472 568 5531 ergo
580 5469 720 5531 peceatum
732 5458 859 5530 intelligi·
908 5456 1020 5513 cedente
1036 5470 1068 5512 ac
1085 5453 1167 5512 Dante
1181 5462 1263 5510 vento
1275 5453 1427 5509 suscitatur
1444 5449 1516 5522 ignis
1534 5448 1581 5520 qui
1602 5446 1691 5505 latuit.

66 5549 126 5612 tur,
136 5545 261 5616 quiahoc
276 5548 571 5621 bumanaperpetratur
581 5551 859 5624 actionepraeccdeute
909 5547 956 5604 Sic
973 5548 1102 5604 nimirum
1116 5551 1188 5603 intra
1203 5560 1247 5602 me
1258 5543 1364 5601 occulta
1380 5542 1500 5599 libidinis
1510 5549 1538 5597 et
1548 5539 1694 5598 crudelita³

67 5635 142 5691 mala
158 5635 317 5696 intentione.
327 5640 431 5697 Delicta
439 5658 503 5699 uero
509 5646 568 5714 quis
582 5644 729 5716 intelliget?
738 5654 786 5701 aut
795 5644 859 5715 quis
908 5642 1032 5712 tisatque
1045 5638 1209 5695 infidelitatis
1218 5637 1352 5692 incentiva
1363 5636 1502 5692 latuerunt
1514 5635 1692 5707 quoadusque

67 5741 103 5781 ee
117 5728 266 5800 intelligere
281 5732 391 5801 poterit,
416 5734 526 5805 quando
547 5733 629 5789 etism
645 5735 805 5791 dormiendo
831 5746 858 5794 et
908 5732 989 5789 alieni
1007 5739 1150 5798 venerum,
1161 5739 1188 5785 et
1200 5727 1352 5786 forinsecus
1365 5729 1454 5784 llando
1468 5728 1633 5786 intrinsecus
1647 5737 1694 5783 ιιιὀ

230 5824 365 5886 Ριτιιοι.
390 5827 524 5889 ΕΧΕΙΙΙ.
1494 5821 1534 5881 30
