3817 6000
194 201 249 258 253
658 193 912 252 nanneticam.
932 192 1012 251 ned.
1034 193 1065 250 S.
1087 193 1250 255 ttctonts
1269 196 1383 254 Panis.
1773 198 1828 257 256

193 317 380 376 sublevemur.
396 313 451 371 Sed
465 314 493 370 iu
509 315 581 370 hane
605 311 739 370 hominus
763 309 991 381 descendit‚quia
1007 312 1030 370 tt
1044 322 1074 364 se
1099 306 1219 367 exterrita
1244 311 1421 382 despiciendo
1447 310 1589 381 dejiciunt,
1612 320 1687 367 tanto
1714 313 1833 384 arrrplius

193 406 404 497 nobisruultum
424 403 631 476 proicientibus
657 418 754 474 parum
773 401 807 457 de
832 416 862 457 se
884 398 989 472 aliquid
1039 399 1158 457 interius
1189 402 1387 460 revelationum
1416 402 1647 473 contemplatione
1670 417 1831 475 pascuntur.

193 495 322 553 serrsibns
353 494 456 551 nostris
477 492 574 565 aperit.
596 490 868 563 contemplatoribus
895 498 988 546 autern
1040 492 1117 551 Unde
1132 495 1264 567 scriptum
1278 505 1321 553 est
1337 516 1343 551 :
1360 496 1490 552 Ascensus
1502 498 1530 551 iu
1544 496 1623 552 eorde
1637 514 1685 552 ratu
1704 499 1835 570 demisit

193 589 253 645 suis
266 586 294 642 in
308 588 359 642 bac
374 587 466 642 adhuc
492 586 547 640 uita
562 585 659 656 positis
684 599 856 657 nequaquam
872 598 902 640 se
916 582 989 639 divi·
1039 587 1067 641 in
1082 587 1150 643 uuile
1172 587 1354 660 laerymarum
1379 587 1470 659 (Paul.
1485 604 1602 657 sxxxttt,
1617 589 1655 660 7).
1680 589 1752 659 Quia
1763 608 1832 664 quos

193 682 278 749 nitas,
304 680 377 736 sicut
400 687 441 735 est
470 678 602 743 insinuat,
618 676 665 733 sed
690 676 867 749 lippientibus
889 674 989 732 mentis
1038 679 1161 736 exterius
1186 680 1213 735 in
1227 680 1289 737 lietu
1304 680 1573 738 coutinetconuallis
1587 680 1760 752 humilitatis,
1783 699 1833 744 eos

185 781 296 851 *nostrae
310 770 399 826 oculis
411 770 565 827 claritatem
575 784 654 826 snam
668 769 787 825 tenuiter
805 768 988 825 demonstrat.
1039 768 1156 829 interius
1173 772 1297 831 subleuat
1308 787 1442 830 aseensus
1457 774 1706 845 contemplationis.

194 864 223 921 Si
237 874 327 921 tanuen
339 866 392 922 dici
408 867 435 922 in
463 866 521 934 illo,
539 866 703 937 rotpertum,
718 864 759 920 uei
773 861 876 935 aliquid
898 868 990 934 potest
1075 864 1152 935 (454)
1169 863 1292 921 Possunt
1314 864 1398 923 etiarn
1425 872 1534 922 montes
1559 880 1672 936 pascua
1700 865 1834 925 sublimes

193 957 257 1027 quia
269 972 341 1012 unus
352 971 461 1027 semper
470 965 498 1013 et
510 956 581 1013 idem
605 969 779 1027 permanens,
794 934 908 1026 intelligi
925 967 991 1025 par·
1040 950 1152 1023 intelligi
1164 954 1281 1011 uirtutes
1305 955 1467 1026 angelorum
1483 972 1489 1009 :
1516 970 1577 1027 quae
1603 956 1706 1013 idcireo
1721 957 1766 1012 hic
1780 972 1834 1013 nos

193 1046 245 1102 iter
259 1062 313 1101 nou
329 1055 428 1117 potest,
440 1056 467 1103 ct
487 1055 604 1103 amena
618 1034 678 1103 suis
690 1045 815 1101 ildelibns
830 1041 989 1114 participari
1040 1043 1222 1101 ministrando
1240 1055 1268 1102 et
1283 1045 1439 1116 adiuvando
1465 1045 1603 1112 reticium,
1627 1048 1693 1120 quia
1711 1049 1767 1104 illic
1787 1049 1833 1105 in-

193 1138 305 1205 dicitur,
319 1154 382 1195 eum
397 1139 424 1195 in
438 1140 499 1210 ejns
518 1139 672 1195 susbstantia
689 1153 753 1211 pars
770 1137 927 1193 nullatenus
940 1136 990 1191 ad·
1040 1144 1119 1192 terno
1134 1125 1373 1207 contemplationis
1388 1151 1450 1193 rore
1474 1136 1666 1209 pinguescunt.
1685 1138 1753 1207 Quae
1765 1138 1834 1210 quia

194 1231 329 1285 nrittatur.
1039 1225 1170 1299 largiente
1182 1224 1298 1282 Uonrioo
1309 1225 1338 1282 in
1355 1225 1430 1282 omui
1446 1243 1498 1283 nos
1511 1228 1661 1285 certamine
1672 1236 1830 1303 protegunt,

230 1320 306 1393 (i28)
323 1317 455 1376 ilontium
468 1320 579 1375 nomine
603 1318 692 1375 sancti
705 1317 824 1390 apostoli
840 1317 988 1390 designan-
1038 1327 1113 1377 recte
1127 1318 1301 1389 circumspici
1312 1318 1451 1375 dicuntur.
1467 1317 1594 1391 Undique
1606 1320 1679 1377 enirn
1691 1323 1770 1380 uobis
1780 1322 1833 1379 ad·

192 1422 258 1482 tur,
281 1411 352 1470 sicut
373 1427 422 1484 per
446 1411 621 1467 Psalmistam
645 1412 745 1468 dicitur
764 1430 770 1466 :
787 1408 990 1480 incursarentur
1037 1426 1100 1469 csse
1114 1410 1660 1484 circumspicimus,quorumdeiensione
1676 1424 1771 1471 contra
1783 1416 1834 1472 ad·

193 1505 333 1559 montesis
353 1504 499 1558 corrueris
520 1502 607 1573 (Psoi.
634 1519 696 1570 xer,
718 1500 987 1572 struendarum
1038 1505 1176 1562 uersarios
1191 1520 1225 1560 ex
1242 1503 1318 1560 omni
1333 1504 1418 1561 latere
1431 1505 1582 1564 munimur.
1667 1566 1673 1571 ,

191 1595 278 1649 maris
288 1603 395 1650 montes
407 1595 532 1652 translati
549 1604 625 1660 sunt,
636 1610 698 1650 curn
714 1594 909 1666 predicatores
921 1608 989 1664 apo·
1073 1597 1155 1672 347
1176 1597 1252 1670 (454)
1272 1596 1407 1654 hlotttium
1431 1597 1544 1654 nomine
1554 1597 1615 1655 atre
1628 1598 1770 1657 renuntias
1783 1618 1832 1658 sa·

191 1686 255 1742 stoli
267 1702 282 1741 a
296 1685 397 1743 iudaeae
407 1686 520 1759 pertidia
543 1685 646 1759 repulsi
670 1687 705 1743 ad
732 1686 901 1743 intellectum
917 1700 987 1757 gen-
1038 1705 1092 1747 crae
1107 1688 1257 1760 Scripturas
1269 1688 1467 1760 intelliguntur.
1482 1687 1522 1745 De
1536 1689 1638 1760 quibus
1651 1705 1701 1761 per
1715 1689 1834 1748 Psalmi.

190 1778 260 1833 tium
272 1788 415 1835 uenerunt.
431 1777 510 1836 Unde
529 1780 581 1850 ipsi
606 1780 633 1834 in
650 1779 708 1836 suis
727 1776 845 1835 Actibus
866 1778 986 1835 dieunt:
1038 1795 1108 1842 stam
1119 1785 1242 1842 dicitur:
1265 1784 1368 1840 Montes
1381 1785 1478 1840 meelri
1502 1786 1584 1841 seruis
1597 1784 1685 1859 (Psoi.
1697 1802 1756 1853 ιιιι,
1773 1786 1830 1859 48).

195 1867 275 1925 Vobis
285 1870 421 1942 oportebat
440 1873 555 1943 primunr
567 1871 639 1943 loqui
661 1889 769 1944 reguum
785 1872 843 1940 Dei,
864 1872 911 1927 red
923 1872 987 1943 quie
1038 1875 1108 1944 Quia
1142 1875 1269 1934 videlicet
1296 1874 1316 1931 ii
1340 1876 1388 1948 qui
1413 1873 1470 1946 jam
1502 1876 1568 1932 dare
1589 1878 1834 1948 contemplationis

189 1962 325 2033 repulistis
336 1963 415 2031 uliud,
427 1972 451 2018 et
466 1964 588 2036 indignus
599 1981 643 2020 uos
651 1965 782 2034 judicatis
797 1974 903 2020 oeternre
915 1965 986 2033 uite),
1037 1970 1124 2030 saltus
1135 1977 1271 2025 noverunt
1286 1967 1356 2025 altos
1374 1966 1572 2025 sententiarum
1598 1968 1753 2027 divinarum
1766 1986 1832 2029 ver.

188 2070 247 2109 ecre
266 2057 443 2113 convertimur
470 2058 506 2111 ud
527 2068 615 2129 gerres
639 2057 710 2129 (Act.
728 2074 788 2126 xrrr,
808 2056 866 2128 tot.
892 2055 931 2114 Ue
943 2057 987 2114 his
1037 2061 1106 2119 tices
1117 2060 1197 2132 quasi
1214 2060 1358 2117 eacumina
1384 2060 1519 2116 montium
1533 2059 1749 2120 ascendunt-td
1768 2080 1834 2136 qnae

189 2146 332 2203 montibus
344 2147 372 2203 in
387 2148 458 2203 libro
472 2148 545 2205 beati
556 2148 608 2206 lob
622 2149 722 2207 dicitur
737 2168 745 2206 ε
767 2150 821 2219 Qui
845 2150 987 2207 transtulit
1036 2153 1158 2227 proiecto
1169 2154 1394 2225 cacumioa‚quia
1405 2153 1829 2227 indrmiperrerrirenonualent,

187 2247 301 2304 montes,
323 2249 348 2295 et
366 2240 514 2297 rreseirrunt
536 2238 597 2313 (iob
611 2258 649 2310 rx,
664 2243 703 2312 5).
719 2241 753 2298 444
771 2257 841 2314 quos
853 2237 988 2300 subuer'tit
1036 2251 1110 2300 recte
1130 2242 1257 2300 subditur
1277 2261 1284 2299 ι
1306 2242 1389 2298 Petro
1412 2243 1544 2315 refugium
1565 2245 1707 2304 lrerirruer'ir
1726 2251 1830 2321 (4440),

188 2329 217 2384 iu
239 2327 334 2387 iurore
351 2348 414 2389 suo.
435 2331 519 2390 illecti
540 2335 641 2407 qnippe
656 2335 850 2408 predicatores
877 2345 987 2393 aeternae
1036 2336 1101 2410 quia
1113 2334 1244 2391 nimirum
1257 2334 1392 2390 inualidos
1403 2352 1457 2394 uon
1480 2337 1635 2395 sublimiter
1649 2340 1830 2414 intelligentia

189 2426 354 2498 patriaenon
379 2428 517 2486 immerito
540 2439 648 2487 montes
674 2439 810 2487 vocantur
825 2449 832 2486 :
849 2429 914 2502 quia
937 2445 987 2501 per
1036 2434 1155 2494 exercet,
1180 2425 1229 2484 sed
1242 2426 1301 2483 sola
1312 2424 1425 2483 Christo
1450 2426 1518 2485 tides
1533 2428 1675 2487 hunriliter
1690 2433 1824 2491 continet.

185 2519 251 2578 ,ιη
276 2535 336 2583 5„ae
371 2521 574 2592 mmmmm,
602 2523 657 2581 qma
680 2531 815 2581 mmmm
843 2523 984 2590 degerunt,
1072 2516 1147 2590 (455)
1165 2513 1299 2573 hiantium
1321 2517 1433 2576 nomine
1444 2517 1551 2589 antiqui
1563 2517 1660 2576 Patres
1681 2520 1833 2595 designan-

187 2612 299 2670 cteulo
309 2613 456 2701 propinqui
469 2614 565 2672 fiunt:
594 2613 648 2673 sed
661 2623 769 2675 montes
782 2616 986 2674 ventusnam-
1036 2610 1175 2676 tur,sicut
1191 2625 1240 2681 per
1256 2607 1429 2667 Psalmistam
1451 2610 1567 2677 Domino
1581 2611 1702 2671 dicitur:
1721 2612 1833 2673 illustri-

187 2703 261 2772 tulit,
276 2704 547 2779 compendiosiores
564 2715 675 2765 sanctos
697 2706 920 2783 niumm
935 2709 985 2767 0b·
1035 2718 1085 2758 rua
1110 2711 1139 2756 tu
1152 2701 1311 2758 mirabiliter
1335 2719 1352 2758 u
1368 2705 1499 2760 montibus
1520 2709 1626 2761 oeternis
1642 2705 1730 2776 (Psoi.
1746 2725 1830 2777 cxxv,

187 2798 333 2856 duratione
357 2800 504 2856 subtraxit.
522 2801 576 2859 Sed
590 2801 663 2858 hane
686 2802 810 2858 eamdem
828 2801 986 2859 translatio-
1035 2795 1075 2867 5)-
1088 2794 1160 2864 Quid
1189 2797 1264 2852 enim
1287 2804 1396 2854 montes
1420 2796 1474 2854 nisi
1499 2806 1656 2868 peccatores
1670 2788 1830 2870 praeceden-

187 2905 250 2945 oem
279 2891 414 2947 ruorrtium
447 2891 476 2947 bi
503 2892 554 2962 ipsi
587 2893 765 2960 nescierunt,
794 2894 843 2967 qui
869 2894 900 2950 in
928 2892 985 2950 Uo·
1036 2895 1077 2945 tes
1086 2885 1325 2959 accipimusiQui
1343 2888 1416 2944 eninr
1443 2890 1578 2948 orientem
1593 2892 1678 2949 solem
1703 2902 1830 2949 conmm-

185 2981 257 3039 xttiui
282 2979 376 3040 iurore
399 2983 525 3042 subversi
543 2994 607 3042 sunl
623 3005 630 3043 ε
648 2986 713 3057 quia
730 3002 793 3043 cum
821 2986 856 3044 de
878 2986 937 3045 suis
949 2984 983 3043 ll-
997 3002 1020 3065 c
1035 2980 1105 3053 pluri
1128 2995 1184 3037 ¹¹⁰ss
1207 2979 1289 3049 wiell
1315 2964 1462 3039 isiadfflwss
1478 2993 1586 3042 ¹¹¹⁰ssl0⁸
1601 2984 1707 3057 ²⁸P'10512
1723 2985 1829 3058 etquis

185 3073 270 3132 ttihtts
297 3073 404 3132 Hebraei
428 3078 567 3148 apostolos
590 3078 732 3149 pellerent,
758 3079 866 3137 lucrum
889 3095 921 3137 se
942 3078 983 3136 ie·
1034 3073 1075 3131 sul
1088 3084 1165 3131 ortus
1180 3072 1216 3129 sit
1237 3073 1426 3143 deprehendit.
1445 3071 1486 3130 Ex
1507 3073 1619 3131 aeternis
1635 3089 1704 3147 ‚ergo
1725 3077 1831 3132 morth-

187 3165 260 3223 cisse
272 3166 398 3224 arbitrati
414 3177 490 3237 sunt,
503 3170 568 3240 quia
590 3170 793 3241 praedicationis
805 3172 898 3228 lumen
913 3172 984 3228 ami·
1034 3163 1086 3220 hus
1100 3178 1151 3220 uos
1178 3161 1311 3218 Uominns
1336 3162 1481 3233 illuminat,
1506 3164 1571 3237 qnia
1592 3182 1640 3237 per
1664 3165 1829 3224 admiratam

188 3268 294 3317 serunt.
311 3258 351 3315 Ex
370 3261 498 3332 gentihus
513 3261 615 3334 quippe
638 3260 714 3332 iusta
736 3262 838 3319 mentis
857 3261 984 3319 animad—
1033 3256 1117 3310 uitam
1128 3253 1239 3310 Petrum
1252 3254 1462 3326 precedentium
1473 3256 1550 3313 radio
1558 3272 1610 3315 nos
1625 3272 1682 3315 suae
1694 3256 1829 3315 claritatis

187 3351 314 3410 versione
326 3351 472 3422 percussit,
489 3360 567 3408 tanto
579 3351 766 3423 intelligentiae
787 3366 881 3407 errore
895 3365 983 3408 excae·
1034 3348 1163 3405 illustrat.

186 3440 325 3509 catisunt,
342 3449 373 3497 ut
388 3441 461 3513 quod
487 3443 579 3499 lumen
604 3442 749 3512 perderent
775 3441 829 3498 hoc
852 3441 982 3515 gaudium
1322 3437 1437 3496 CAPUT
1454 3438 1510 3497 vlt.

186 3545 250 3588 esse
262 3542 398 3602 putarent.
1318 3549 1351 3588 oe
1370 3548 1508 3590 coturnus.

223 3623 299 3695 (tte)
325 3623 460 3681 hloutiurn
492 3624 603 3681 nomine
627 3624 800 3708 saepiarium
815 3631 980 3695 potestatum
1068 3625 1142 3698 (454)
1162 3623 1278 3681 Colliunt
1301 3624 1424 3692 nornine,
1441 3641 1504 3681 oum
1525 3625 1728 3696 comparatione
1747 3625 1827 3681 uallis

187 3715 270 3772 timor
288 3717 461 3788 exprimitur.
476 3716 513 3774 Ue
525 3717 625 3788 quibus
639 3715 784 3774 Psalmista
797 3717 854 3773 ais:
880 3715 981 3771 annun
1031 3727 1182 3791 ponuntur,
1197 3715 1309 3788 superbi
1322 3715 1501 3788 designantur
1528 3716 1601 3772 sicut
1624 3718 1652 3772 in
1680 3715 1826 3790 Erarrgelio

186 3809 257 3864 sieut
271 3825 331 3865 cern
345 3810 479 3879 fluxerunt
495 3826 513 3864 u
527 3809 596 3880 susle
622 3808 731 3865 Domini
754 3807 843 3880 (Psoi.
855 3823 928 3874 ιιιι,
940 3807 980 3874 5).
1031 3828 1080 3884 per
1092 3810 1225 3868 loannem
1247 3809 1367 3866 dicitnr:
1392 3807 1484 3865 Omnis
1511 3807 1589 3864 uultis
1614 3808 1774 3879 implebitur,
1801 3820 1827 3865 et

187 3898 257 3966 Quia
270 3900 350 3957 mubi
361 3900 409 3973 qui
422 3902 500 3972 prins
515 3901 569 3958 alta
587 3901 724 3974 rigiditate
738 3910 907 3968 tumuerunt,
925 3898 982 3955 Deo
1031 3905 1117 3959 onrrrr'r
1129 3918 1203 3957 mous
1216 3913 1241 3958 et
1253 3901 1329 3957 sullis
1344 3901 1530 3956 humiliabitur
1544 3900 1622 3972 (hue.
1645 3917 1686 3968 tn,
1699 3902 1738 3973 h).
1754 3899 1826 3968 Quid

186 3991 216 4046 in
242 4007 326 4049 carne
349 4004 497 4065 apparente
522 4011 621 4066 magrro
638 4004 703 4051 sunt
723 4009 773 4064 per
793 3992 981 4063 paenitentiam
1031 3997 1103 4052 enim
1116 3996 1227 4052 uallium
1240 3995 1351 4053 nomine
1377 3994 1431 4052 nisi
1463 3994 1592 4064 humiles,
1610 3995 1674 4067 quid
1691 3996 1826 4051 morrtiuur

186 4082 286 4141 timore
305 4084 455 4158 liquefacti,
480 4087 522 4143 rel
538 4088 609 4143 sicut
624 4085 697 4142 idem
714 4084 850 4156 Propheta
880 4083 980 4138 iterum
1030 4094 1058 4142 et
1073 4087 1184 4143 collium
1208 4087 1320 4145 nomine
1347 4086 1401 4144 uisi
1429 4086 1539 4158 superbi
1566 4087 1779 4160 intotttguntnrt
1795 4085 1823 4141 ln

184 4179 272 4236 dicit:
285 4179 436 4234 dscerrduut
452 4189 563 4248 moriter,
579 4188 605 4236 et
617 4179 777 4242 msoendunt
788 4178 874 4249 compi
890 4176 978 4248 (Paul.
1030 4180 1148 4235 aduentu
1175 4177 1258 4251 igitur
1285 4178 1476 4250 Redemptoris
1506 4179 1593 4235 nostri
1610 4177 1694 4236 ualles
1710 4180 1824 4250 impleti,

185 4286 245 4338 surr,
258 4270 297 4341 8).
313 4267 441 4342 Plerique
457 4273 531 4328 enim
538 4280 728 4343 persecutores
746 4271 853 4327 ltornini
868 4272 979 4343 superbi
1030 4281 1138 4328 montes
1160 4286 1226 4328 vero
1241 4281 1268 4329 et
1292 4271 1376 4328 codes
1398 4271 1535 4327 humiliati
1560 4280 1625 4327 sunt
1641 4289 1648 4325 :
1662 4270 1726 4341 quia
1745 4271 1826 4341 justa

186 4369 282 4417 contra
295 4377 358 4418 eum
369 4363 492 4427 veniunt,
505 4365 554 4420 sed
565 4365 600 4419 ab
612 4363 772 4420 eobumiles
787 4371 977 4419 reuertuntur:
994 4345 1017 4402 ⁰
1031 4363 1092 4436 ejus·
1106 4379 1220 4420 uocem:
1238 4363 1331 4424 Omnis
1342 4364 1426 4437 quise
1437 4362 1540 4419 erultut
1556 4360 1742 4416 humiliabitur
1758 4362 1826 4432 ‚·qui

185 4452 251 4524 quia
266 4463 375 4510 montes
387 4454 540 4512 ascendunt
554 4471 603 4526 per
628 4464 762 4512 tumorem
777 4457 916 4526 potentie,
931 4456 979 4513 sed
1031 4455 1203 4524 renuntient,
1218 4455 1380 4510 exultabitur
1408 4454 1485 4526 (Luc.
1501 4469 1558 4521 suu,
1574 4451 1630 4523 44).
1645 4449 1729 4506 Vallis
1749 4452 1824 4505 enirn

186 4546 275 4615 campi
290 4544 460 4602 descendum
475 4547 550 4620 plani
578 4545 704 4603 uidelicet
720 4545 784 4603 iacti
811 4561 860 4619 per
884 4547 981 4619 cogni·
1031 4548 1142 4619 impleta
1157 4547 1266 4615 crescit,
1292 4561 1372 4602 mons
1401 4556 1491 4602 summ
1515 4552 1543 4601 ct
1561 4543 1640 4600 collis
1666 4542 1827 4597 humiliatus

185 4638 287 4694 tionem
301 4638 399 4708 culpae.
1031 4639 1183 4696 decrescit:
1199 4638 1266 4712 quia
1277 4637 1408 4695 nimirum
1429 4638 1457 4695 in
1479 4636 1531 4694 lide
1553 4635 1710 4693 mediatoris
1732 4632 1780 4689 Uei
1797 4644 1827 4691 et

221 4729 297 4801 (450)
317 4728 450 4786 Montium
475 4729 586 4787 nomine
599 4731 660 4788 altae
673 4730 916 4804 contemplationes
930 4722 980 4788 de·
1031 4730 1174 4786 hominum
1188 4731 1310 4787 hominis
1320 4729 1424 4787 Christi
1437 4729 1501 4786 lesu
1514 4737 1542 4786 et
1555 4728 1691 4801 gentilitas
1702 4726 1825 4799 plenitu-

185 4821 339 4893 sigoantur‚
365 4823 437 4879 sicut
459 4822 494 4880 de
516 4824 640 4895 quolibet
667 4832 799 4880 secretam
819 4823 902 4879 uitam
917 4822 981 4879 dili·
1031 4823 1123 4880 dincm
1140 4820 1490 4897 gratiaeaceepitetludoea
1507 4838 1556 4893 per
1568 4835 1690 4877 errorem
1703 4820 1826 4890 perndie

186 4924 265 4988 geute
277 4915 329 4972 sub
344 4916 439 4987 onagri
451 4917 543 4987 specie
567 4915 678 4972 nomine
688 4916 759 4972 beati
783 4913 835 4971 lob
847 4914 980 4985 seriptum
1032 4916 1085 4971 hoc
1098 4915 1171 4971 unde
1184 4915 1307 4971 tumebat
1323 4912 1450 4985 perdidit.

185 5016 238 5063 est.
259 5003 447 5078 Circumspicit
457 5017 557 5063 neonus
570 5023 676 5079 pascue
687 5006 813 5079 suellob
828 5023 925 5074 xxxix,
939 5007 979 5076 8).
1276 5003 1360 5079 348
1377 5001 1492 5059 ChPUT
1511 5000 1577 5056 t'ltt.

185 5098 292 5157 llontes
305 5113 423 5173 namque
445 5114 555 5171 pascuae
568 5109 642 5168 sunt,
656 5100 718 5157 altae
733 5099 981 5170 contemplationes
1366 5109 1400 5149 oc
1417 5109 1497 5150 seno.

186 5190 301 5248 irtterrtae
312 5190 480 5249 reiectionis.
498 5189 591 5247 Sancti
612 5192 686 5247 euim
710 5192 762 5247 riri
776 5190 981 5264 quantomagis
1032 5185 1066 5241 ln
1079 5184 1220 5257 Scriptura
1234 5201 1312 5241 sumu
1335 5184 1394 5257 apri
1417 5183 1534 5250 nurnine,
1558 5179 1702 5252 aliquando
1717 5176 1826 5251 gentili-

222 5367 298 5453 (448)
316 5366 356 5424 Ex
370 5366 389 5425 4.
402 5382 470 5423 xurn
480 5368 508 5425 iu
522 5366 584 5436 lob,
604 5384 629 5426 e.
642 5384 700 5436 ιιι,
713 5378 740 5424 ιι
752 5369 770 5422 4.
785 5385 822 5433 ιι,
842 5385 867 5422 e.
887 5384 905 5422 ιι
920 5378 981 5438 post
1030 5368 1192 5426 diuisionem
1210 5375 1253 5424 est
1263 5382 1289 5423 e.
1301 5381 1397 5450 xxrrn.

186 5439 356 5577 militiam&
368 5509 388 5565 l.
402 5522 489 5592 xxrttt
501 5508 529 5565 in
538 5507 600 5575 lob,
611 5527 636 5568 c.
648 5525 667 5565 t.
1066 5441 1131 5582 (1Ξὲ
1162 5438 1201 5562 ἐξ
1212 5438 1231 5563 i.
1244 5435 1523 5572 {iirinirffitr'r'ltfcxer
1535 5505 1562 5561 U.

224 5578 298 5716 iffi}
314 5578 357 5704 ἓξ
367 5577 677 5721 1e¹tl¹c¹urmlir⁰betcct¹g⁹
696 5649 742 5705 sed
759 5648 839 5720 justa
859 5655 979 5703 ueterem
1067 5581 1141 5650 (w)
1163 5575 1200 5633 Ex
1214 5578 1289 5635 hom·
1301 5576 1338 5633 w
1351 5594 1379 5633 m
1391 5575 1495 5648 EVM·

395 5668 412 5707 0
510 5669 546 5706 ι.
666 5693 670 5702 .
