3817 6000
223 284 361 345 {208

892 283 1452 342 costati-:numum
1492 284 1559 341 ΙΝ
1597 285 1940 343 PSALMOS.
1983 319 2051 329 —
2090 287 2271 344 PARS
2311 286 2381 343 11.
2421 318 2492 328 —-—
2526 287 2724 344 PSAL.
2761 286 2950 345 XXVI.

3359 284 3499 341 {202

216 414 572 474 permaneam
641 415 698 455 ιιι
749 408 1049 465 aeternum,
1102 416 1209 456 non
1261 400 1330 455 ad
1385 402 1576 455 horam
1630 403 1815 458 exsul-
1842 411 1886 465 Α
1918 402 2069 458 bent.
2103 401 2379 459 Fenestrae
2404 413 2586 459 autem
2616 403 2805 460 domui
2844 403 2925 459 sic
2966 401 3253 469 inltaerent,
3288 409 3347 456 ut
3377 417 3497 457 eam

218 504 347 551 tans
404 494 463 548 in
506 493 628 549 luce
668 504 796 561 tua,
846 494 940 549 sed
1000 509 1176 565 usque
1230 492 1286 548 in
1346 493 1508 549 finem
1558 497 1662 550 line
1715 512 1809 551 ca·

216 597 451 644 rentem.
1579 652 1584 657 q

293 675 553 747 Nunquid
611 690 739 732 vero
778 691 808 731 a
847 676 1141 747 semetipsa
1202 692 1358 735 mens
1403 677 1647 733 humana
1707 690 1808 747 po-

218 778 330 827 test
355 769 560 825 habere
598 768 742 825 banc
785 769 1067 825 interioris
1095 769 1278 838 faciei,
1322 778 1378 825 et
1413 785 1677 842 genarum
1720 769 1807 824 in-

218 859 522 915 visibilium
563 859 1071 930 pulcbritudinem?
1095 861 1440 917 Contradicit
1489 861 1807 932 ApostoluS,

219 963 278 1010 et
295 952 430 1011 dicit
453 972 467 1009 :
500 953 646 1022 Quid
666 954 807 1009 enim
829 953 1008 1021 nabes,
1027 955 1169 1026 qaod
1196 971 1301 1009 non
1328 954 1577 1024 accepisti
1598 952 1652 1024 (Ι
1680 952 1805 1009 Cor.

221 1061 297 1113 tv,
336 1044 391 1116 7)
413 1059 433 1099 .·
462 1043 527 1099 Et
553 1043 795 1105 loannes
822 1064 836 1100 ε
879 1042 1004 1102 Non
1025 1054 1193 1115 potest
1222 1044 1398 1112 homo,
1437 1041 1637 1116 inquit,
1671 1061 1703 1098 a
1726 1059 1809 1097 se-

220 1139 443 1208 metipso
472 1137 711 1208 accipere
732 1136 1042 1209 quidquam,
1074 1137 1181 1191 nisi
1215 1136 1375 1206 [uerit
1408 1137 1459 1191 ei
1504 1136 1693 1191 datam
1718 1135 1810 1189 de·

216 1227 584 1301 super-(Ioan.
636 1244 717 1295 ιιι,
748 1229 866 1300 27).
909 1227 978 1284 Et
1027 1228 1169 1284 alius
1202 1228 1357 1284 testis
1386 1227 1634 1283 veritatis
1686 1226 1804 1282 ait:

222 1323 390 1377 Omne
418 1321 606 1375 datum
644 1320 926 1391 optimum,
968 1330 1020 1375 et
1068 1337 1221 1375 omne
1277 1320 1475 1374 donam
1518 1319 1807 1389 perfectum

215 1416 497 1471 desursum
547 1423 626 1468 est
666 1411 983 1468 descendens
1023 1430 1056 1467 a
1108 1411 1275 1468 Patre
1319 1412 1616 1478 tantinum,
1664 1411 1807 1481 apud

215 1520 370 1577 quem
396 1513 602 1559 nonest
646 1504 1050 1571 transmutatio,
1089 1520 1181 1558 nec
1210 1502 1593 1558 vicissitudinis
1623 1501 1807 1556 obam-

218 1594 392 1648 lvratio
440 1590 592 1665 (Jac.
638 1609 686 1661 1,
738 1591 861 1663 17).
898 1591 1013 1665 Ego
1054 1592 1203 1648 enim
1243 1601 1463 1649 creatus
1500 1591 1569 1646 ad
1611 1592 1807 1664 imagi-

217 1702 344 1742 nem
375 1695 431 1743 et
478 1685 891 1742 similitudinem
954 1694 1103 1741 tuam
1150 1686 1450 1743 secundum
1509 1688 1806 1746 creationis

1916 494 2226 549 illuminent
2270 494 2476 551 lumine
2510 496 2646 552 solis
2702 511 2800 567 per
2855 511 2916 551 se
2954 494 3295 550 intromisso.
3355 493 3501 549 Con-

1915 601 2049 656 grue
2075 585 2261 657 itaque
2294 604 2390 658 per
2426 589 2700 645 cancellos
2753 587 2967 644 Veteris
3007 586 3340 642 Testamenti
3396 585 3501 641 Pa-

1916 688 2049 747 tres,
2104 680 2190 735 vel
2230 681 2392 736 etiam
2443 681 2546 738 sub
2597 682 2715 753 lege
2777 679 3014 737 naturali
3052 679 3396 752 patriarchas
3447 686 3502 734 et

1908 770 2089 841 justos
2123 772 2443 844 accipimus,
2469 780 2525 828 et
2559 789 2652 843 per
2691 772 2960 829 fenestras
3001 771 3280 843 apostolos
3329 770 3497 825 alios·

1913 879 2021 935 que
2081 864 2232 921 viros
2306 865 2671 937 apostolicos,
2725 881 2961 937 quorum
3021 864 3272 921 doctrina
3320 863 3495 934 fulget

1910 954 2178 1024 Ecclesia,
2215 966 2275 1013 ut
2306 958 2424 1014 sole
2457 957 2627 1029 fulget
2659 960 2810 1015 luna.
2862 957 3003 1015 Cum
3043 971 3174 1028 ergo
3204 966 3315 1011 tam
3359 956 3497 1012 den·

1910 1064 2009 1105 sus
2038 1058 2124 1105 est
2170 1050 2353 1121 paries
2382 1061 2737 1122 peccatorum
2780 1060 3119 1117 nostrorum,
3161 1060 3221 1104 ut
3268 1048 3495 1119 exigen-

1911 1140 2059 1197 tibus
2086 1142 2261 1213 culpis
2296 1144 2524 1198 omnino
2557 1145 2733 1199 simus
2779 1143 2834 1198 in
2881 1143 3142 1211 tenebris,
3198 1140 3495 1198 intercluso

1909 1240 2134 1303 aspectu
2167 1243 2354 1290 nostro
2381 1249 2412 1288 a
2440 1232 2580 1289 l'acie
2621 1249 2765 1289 verae
2821 1233 2981 1301 lucis,
3024 1245 3154 1290 tunc
3210 1233 3371 1287 nobis
3427 1230 3497 1285 li-

1908 1320 2088 1378 tanias
2125 1323 2470 1390 canentibus,
2517 1333 2570 1377 et
2609 1332 2831 1380 sanctos
2888 1324 3145 1395 antiquos
3186 1332 3243 1379 et
3298 1337 3496 1392 novos,

1908 1420 1972 1466 ut
2015 1427 2116 1482 pro
2174 1414 2335 1470 nobis
2386 1423 2601 1483 rogent,
2663 1414 2983 1484 rogantibus
3030 1413 3304 1469 interdum
3338 1413 3495 1484 quasi

1907 1515 2006 1573 per
2032 1503 2305 1560 cancellos
2332 1515 2387 1560 et
2444 1504 2713 1561 fenestras
2743 1503 2912 1561 facies
2945 1505 3147 1561 divlnae
3192 1504 3497 1560 clementiae

1907 1595 2070 1651 datur
2114 1596 2470 1666 inspicienda,
2517 1606 2578 1653 ut
2623 1614 2688 1653 ex
2724 1598 2898 1669 ipsius
2929 1611 3152 1667 aspectu
3179 1606 3386 1652 remota
3414 1598 3494 1651 ira

1910 1708 2075 1763 super
2114 1708 2217 1749 nos
2244 1693 2428 1750 rutilet
2476 1694 2876 1751 misericordia.
2949 1692 3126 1760 Quam
3184 1693 3496 1750 misericor-

215 1779 438 1851 quidem
479 1779 717 1834 nobilem
762 1778 1136 1835 conditionem
1178 1794 1302 1835 sum
1357 1781 1661 1849 speculum,
1706 1779 1801 1837 sed
1834 1778 1877 1833 B
1905 1785 2051 1841 diam
2086 1800 2189 1858 ego
2237 1785 2430 1854 David,
2479 1801 2581 1858 ego
2641 1788 2906 1842 innocens
2946 1793 3041 1839 aut
3084 1786 3381 1855 poenitens,
3435 1793 3498 1840 ut

218 1880 445 1942 peccato
480 1879 535 1927 et
589 1870 811 1927 miseria
861 1869 1030 1926 nimis
1070 1870 1367 1926 obscurum
1395 1888 1409 1926 :
1434 1872 1559 1928 ideo
1609 1880 1802 1928 contra
1905 1876 2078 1933 David
2101 1893 2319 1949 semper
2345 1878 2666 1935 desiderans
2705 1879 2830 1934 dico
2855 1877 2974 1945 tibi,
3006 1876 3150 1933 Deus
3177 1894 3356 1939 meus,
3390 1877 3495 1931 mi-

217 1965 429 2035 peccati
460 1966 758 2037 aeruginem
815 1975 943 2037 peto
983 1966 1406 2037 justificationes
1431 1976 1573 2035 tuaS,
1599 1968 1804 2039 quibus
1904 1968 2208 2027 sericordia
2251 1985 2373 2026 mea
2398 2012 2413 2039 ,
2480 1971 2808 2026 illuminatio
2856 1985 2979 2026 mea
3019 1980 3075 2026 et
3123 1970 3273 2025 salus
3319 1985 3442 2024 mea
3476 1986 3490 2024 :

216 2057 578 2114 clarificatum
611 2074 710 2115 cor
746 2074 931 2115 meum
975 2059 1048 2115 sit
1075 2060 1234 2132 quasi
1267 2076 1467 2130 purum
1518 2060 1801 2132 speculum

218 2164 392 2218 capax
424 2157 531 2205 tuae
559 2149 987 2219 pulchritudiuis
1033 2161 1251 2221 tuaeque
1292 2150 1602 2207 dilectionis
1630 2192 1646 2219 ‚
1693 2165 1804 2222 qua

220 2256 331 2297 non
377 2241 557 2297 solum
588 2242 870 2313 pulchras,
918 2257 1111 2297 verum
1163 2243 1331 2298 etiam
1373 2241 1547 2299 l'oedas
1595 2252 1804 2299 mentes

217 2330 465 2398 adamas,
503 2339 563 2386 ut
593 2331 853 2402 pulchras
895 2331 1090 2389 faciaS.
1138 2328 1211 2388 Ut
1251 2343 1433 2388 autem
1467 2331 1673 2403 possim
1704 2333 1805 2388 ob-

219 2423 413 2491 tinere,
437 2423 585 2494 quod
625 2432 774 2494 peto,

288 2512 455 2570 Vens.
478 2514 532 2571 9.
566 2513 650 2571 Ne
675 2525 882 2571 avertas
909 2517 1100 2588 facicm
1129 2526 1276 2571 tuam
1305 2535 1339 2572 a
1359 2534 1459 2573 nte.
1491 2515 1560 2573 Et
1585 2517 1632 2573 si
1650 2533 1806 2574 aver·

219 2605 292 2662 tis
327 2606 624 2677 aliqnando
659 2623 758 2677 per
790 2608 867 2673 id,
920 2608 1069 2679 quod
1116 2623 1176 2663 es
1212 2608 1804 2678 incomprehensibilis,

218 2707 274 2753 et
293 2699 432 2755 dicis
452 2699 609 2766 milti,
641 2700 787 2771 quod
830 2701 1013 2756 dixisti
1052 2699 1221 2773 Moysi
1255 2720 1268 2755 z
1313 2699 1502 2756 Facies
1549 2718 1664 2756 mea
1701 2717 1805 2757 non

218 2793 483 2849 videbitur
523 2794 617 2849 tibi
646 2811 664 2849 :
691 2811 793 2849 non
827 2796 966 2849 enini
997 2796 1192 2850 videbit
1234 2812 1315 2849 me
1339 2795 1514 2862 homo,
1546 2804 1596 2849 et
1640 2796 1806 2851 vivere

222 2894 392 2956 potest
439 2885 637 2958 (Exod.
690 2902 883 2953 xxxin,
926 2886 1063 2957 25):
1102 2884 1217 2943 lloc
1263 2887 1465 2942 obnixe
1523 2901 1679 2957 rogo,
1723 2884 1806 2941 Ne

220 2976 451 3034 declines
496 2981 550 3035 in
583 2980 666 3034 ira
694 2997 727 3035 a
763 2996 909 3036 servo
951 2989 1062 3036 tao.
1126 2978 1280 3036 Sicut
1316 2979 1485 3048 enim,
1514 2980 1608 3052 qui
1660 2979 1803 3036 bona

221 3072 544 3143 temporalia
579 3073 755 3144 petita
786 3081 838 3128 te
868 3073 1129 3145 largitore
1156 3072 1450 3136 bonorum,
1484 3087 1595 3127 non
1628 3069 1801 3126 tesibi

220 3174 374 3236 putat
403 3166 621 3232 iratum,
654 3165 758 3222 nisi
789 3180 914 3221 cuin
945 3180 1131 3234 negas,
1165 3164 1247 3218 vel
1280 3163 1424 3219 tollis
1444 3179 1506 3219 ea
1534 3181 1547 3218 :
1575 3163 1657 3219 sic
1679 3177 1802 3233 ego,

222 3258 319 3333 qui
347 3275 506 3314 unam
539 3259 691 3331 petii,
722 3259 817 3330 qui
870 3259 1084 3314 vultum
1112 3268 1268 3314 tuum
1300 3257 1549 3329 quaesivi,
1577 3263 1708 3312 tunc
1752 3265 1807 3312 te

223 3352 358 3408 mibi
384 3361 537 3424 puto,
563 3363 619 3408 et
647 3353 826 3408 sentio
850 3352 1073 3418 iratum,
1097 3365 1226 3407 cum
1250 3350 1455 3407 avertis
1486 3364 1517 3404 a
1559 3362 1649 3405 me
1683 3348 1805 3403 vul-

224 3454 338 3500 tum
377 3454 531 3500 tuum
561 3445 996 3513 desiderabilem,
1027 3446 1085 3500 in
1112 3460 1266 3516 quem
1290 3442 1597 3500 desiderant
1629 3442 1807 3515 angeli

222 3538 520 3608 prospicere
548 3536 603 3609 (1
644 3536 793 3594 Petr.
840 3554 881 3606 1,
931 3537 1045 3608 12).
1089 3535 1275 3608 ltaque
1303 3536 1361 3592 in
1386 3535 1509 3593 aliis
1535 3535 1696 3593 bonis
1722 3534 1809 3589 in·-

223 3627 439 3682 terdum
496 3627 837 3698 praesentari,
891 3626 1165 3683 interdum
1231 3626 1503 3683 absentari
1543 3624 1806 3692 concedo,

222 3717 354 3774 dum
382 3733 453 3773 ea
472 3719 779 3789 praestando
807 3726 955 3775 tuam
981 3718 1223 3776 ostendis
1247 3703 1613 3789 pra'isentiam,
1652 3731 1809 3771 eam-

224 3808 459 3879 demque
511 3810 771 3877 tollendo,
821 3811 903 3867 vel
955 3810 1277 3883 denegando
1358 3809 1653 3881 quamdam
1705 3817 1811 3864 tuae

222 3901 527 3958 clementiae
558 3903 766 3960 indicas
810 3903 1135 3971 absentiam,
1163 3912 1220 3959 ut
1248 3903 1446 3974 probes
1465 3903 1567 3959 Job
1592 3918 1809 3959 servum

226 4005 401 4061 tuum,
433 3995 517 4050 vel
538 3992 787 4063 Tobtam,
818 3995 932 4051 six-e
952 3995 1118 4050 alium
1150 3996 1333 4062 talem,
1358 3994 1451 4051 sed
1476 3994 1529 4049 in
1559 3993 1813 4050 absenta-

227 4086 379 4142 tione
406 4087 590 4143 vultus
622 4088 722 4155 tui,
749 4088 835 4143 vel
863 4086 1022 4143 faciei
1062 4095 1169 4143 tuae
1188 4088 1325 4143 iram
1360 4095 1507 4142 tuam
1553 4085 1806 4142 formido.

228 4177 358 4233 ldeo
400 4179 525 4236 dico
553 4199 568 4237 :
601 4179 683 4235 Ne
707 4180 935 4235 declines
959 4181 1016 4234 in
1037 4181 1120 4235 ira
1147 4197 1179 4234 a
1205 4196 1350 4237 servo
1376 4189 1484 4236 tuo.

306 4272 553 4328 Declinas
607 4274 756 4328 enim
794 4288 904 4329 uon
943 4274 1002 4327 in
1048 4273 1153 4340 ira,
1192 4289 1317 4328 cum
1358 4271 1562 4327 avertis
1614 4269 1809 4327 faciem

230 4373 382 4419 tuam
422 4379 453 4419 a
490 4364 731 4435 peccatis
769 4364 929 4430 meis,
971 4372 1032 4419 ut
1064 4365 1248 4421 deleas
1277 4371 1364 4431 ea,
1396 4364 1539 4420 sicut
1581 4377 1683 4434 ego
1705 4360 1811 4417 Da·

1908 2061 1995 2116 Ne
2030 2062 2260 2119 declines
2297 2064 2352 2118 in
2392 2066 2477 2119 ira
2515 2082 2548 2117 a
2570 2080 2716 2118 servo
2741 2074 2852 2119 tuo.
2887 2061 2995 2118 Sed
3023 2064 3205 2133 potius

1976 2158 2209 2229 Adjator
2236 2175 2380 2214 meus
2423 2169 2556 2227 esto,
2590 2158 2719 2230 quia
2761 2157 2889 2214 licet
2923 2156 3223 2213 contuleris
3254 2154 3387 2210 mihi
3426 2154 3491 2209 li-

1906 2249 2099 2305 berum
2151 2251 2447 2307 arbitrium
2467 2253 2514 2319 ,Ι
2542 2259 2725 2306 tamen
2774 2251 2954 2321 ipsum
3003 2248 3315 2316 arbitrium,
3349 2248 3495 2302 sicut

1906 2352 1992 2399 est
2028 2343 2098 2399 ab
2152 2342 2470 2402 omnimoda
2514 2342 2842 2398 necessitate
2883 2341 3102 2413 penitus
3133 2340 3385 2405 liberum,
3417 2340 3490 2394 ita

1907 2443 1969 2490 ut
1990 2449 2168 2505 neque
2217 2432 2399 2489 fatalis
2437 2432 2836 2503 dispositionis,
2885 2445 3064 2501 neque
3113 2429 3490 2486 constellatio·-

1906 2526 2018 2592 nis,
2048 2540 2225 2596 neque
2253 2524 2420 2580 ullius
2465 2524 2692 2581 alterius
2732 2524 2812 2579 rei
2840 2523 3252 2594 constringatur
3297 2536 3490 2577 neces-

1907 2616 2069 2674 sitate
2096 2617 2163 2673 ad
2201 2614 2666 2672 inevitabilitatem
2707 2614 2967 2686 peccandi
3002 2655 3018 2682 ‚
3067 2615 3148 2670 sic
3187 2622 3272 2669 est
3308 2612 3492 2669 omni·

1908 2709 2070 2765 moda
2098 2708 2320 2764 miseria
2344 2707 2607 2763 miserum
2630 2715 2686 2763 et
2713 2708 3016 2774 infirmum,
3047 2707 3121 2762 ita
3155 2714 3215 2762 ut
3239 2707 3287 2762 ei
3326 2706 3492 2764 etiam

1907 2800 1975 2856 ad
2010 2798 2301 2854 minimum
2324 2798 2608 2869 quodlibet
2636 2799 2844 2854 bonum
2888 2798 3262 2870 cogitandum,
3305 2799 3493 2854 volen-

1906 2893 2060 2958 dum,
2087 2889 2382 2963 agendum,
2425 2899 2580 2946 tuum
2622 2890 2954 2961 adjutorium
2988 2890 3057 2946 sit
3094 2890 3487 2957 necessarium,

1906 2981 1996 3040 cui
2042 2999 2190 3040 nunc
2236 2982 2402 3039 dico:
2446 2981 2677 3053 Adjutor
2714 2999 2860 3037 meus
2895 2990 3050 3044 esto:
3100 2990 3157 3037 et
3196 2982 3324 3054 quia
3371 2999 3490 3040 ces-

1908 3082 2065 3130 sante
2095 3073 2370 3145 adjutorio
2417 3082 2511 3128 tuo
2550 3073 2732 3129 statim
2766 3071 2934 3127 totius
2988 3072 3242 3127 bumanae
3273 3072 3492 3128 virtutis

1904 3177 2136 3224 conatus
2164 3175 2260 3222 aut
2293 3167 2495 3233 nnlluS,
2524 3174 2619 3220 ant
2644 3181 2836 3222 cassus
2864 3166 3159 3232 invenitur,
3193 3165 3336 3221 sicut
3364 3179 3466 3236 pro

1903 3269 2026 3330 pter
2049 3258 2177 3314 boni
2210 3259 2393 3328 operis
2436 3257 2847 3313 inchoationem
2872 3265 2927 3313 et
2954 3255 3356 3327 provectionem
3386 3254 3483 3310 tibi

1905 3352 2030 3407 dico
2059 3370 2072 3406 :
2104 3351 2336 3421 Adjutor
2363 3368 2506 3406 meas
2528 3361 2661 3416 esto,
2700 3350 2782 3405 sic
2809 3359 3031 3421 propter
3077 3348 3320 3419 ejusdem
3372 3363 3494 3418 per·

1907 3444 2268 3498 severantiam
2297 3452 2352 3498 et
2377 3441 2907 3498 consummationem
2939 3440 3065 3497 dico
3094 3458 3110 3496 ι
3150 3439 3234 3494 Ne
3257 3438 3490 3493 derelin-

1906 3548 2039 3604 quas
2086 3548 2205 3601 me,
2255 3532 2312 3588 id
2354 3541 2440 3590 est
2480 3549 2588 3589 non
2632 3531 2983 3598 intermittas,
3024 3529 3108 3585 vel
3142 3529 3388 3584 dimittas
3410 3530 3495 3583 in-

1908 3632 2148 3694 ceptum.

1983 3720 2165 3792 Neque
2222 3718 2481 3785 despit-ins
2537 3733 2645 3777 me,
2713 3717 2765 3769 ill
2829 3725 2909 3765 vat
2982 3733 3086 3765 nnn
3153 3725 3490 3773 clndestinus,

1910 3815 2057 3888 quod
2080 3826 2181 3885 ego
2205 3813 2449 3867 mortalis
2501 3821 2781 3869 nalul'ttum,
2837 3809 3084 3861 inlitum&
3134 3809 3490 3857 fortissumum

1910 3919 1966 3966 te
1995 3906 2301 3978 adjutorem
2341 3905 2513 3957 amb-n
2557 3901 2825 3965 innuuntur,
2861 3901 3118 3969 qnnninm
3150 3901 3214 3953 nd
3270 3901 3406 3953 linui:
3434 3905 3486 3953 tl*

1909 4003 2127 4062 (luciam
2174 4015 2281 4054 non
2333 3993 2705 4065 prttfffllliiplitl,
2757 3993 2845 4045 5¹31]
2909 3993 3038 4045 iilius
3090 3993 3314 4053 animal,
3365 3993 3492 4061 qnia

1910 4093 2227 4153 firmissime
2270 4093 2449 4149 cumin„
2497 4105 2557 4141 al:
2593 4085 2897 4137 lantelmus
2942 4083 3130 4137 dubim
3178 4085 3298 4149 quin
3338 4093 3386 4133 tn
3414 4097 3490 4149 cs,

1911 4189 2076 4257 Deus,
2098 4185 2329 4242 salvator
2365 4202 2501 4234 inl-na
2537 4178 2709 4246 lilani.
2749 4194 2889 4238 uir,
2918 4178 2990 4246 ᾗ),
3014 4174 3114 4238 Tu,
3146 4178 3238 4246 qni
3262 4192 3322 4230 es
3342 4190 3498 4230 crea-

1911 4292 1998 4338 tor
2017 4292 2195 4343 meust,
2220 4276 2381 4332 etiarn
2429 4274 2661 4326 mata-amr
2689 4286 2837 4322 [inens
2881 4286 2962 4322 es.
2994 4266 3098 4334 Tu,
3138 4270 3386 4334 Efflatur,
3418 4266 3482 4322 l'n-

1910 4369 2034 4427 cisti
2082 4365 2217 4424 mihi
2267 4366 2553 4420 arbitrmnl
2593 4358 2821 4414 liberunt
2861 4358 2930 4410 ub
2978 4358 3122 4414 muni
3174 4358 3494 4410 licceat-situle

229 4455 321 4511 vid
347 4455 499 4511 solco
524 4457 620 4513 tibi
645 4456 827 4513 dicere
856 4476 870 4512 :
895 4457 1083 4513 Averte
1119 4457 1314 4528 [aciem
1349 4466 1495 4510 taam
1520 4473 1554 4510 a
1577 4454 1805 4525 peccatis
1837 4468 1882 4524 1)
1910 4462 1978 4517 ad
2009 4467 2293 4531 peccatum
2325 4466 2569 4526 angl-tna.
2641 4454 2745 4506 Sed
2781 4454 2905 4522 quiin
2954 4469 3046 4518 pm·
3082 4450 3402 4502 filimiunem
3430 4450 3490 4502 li-

231 4549 383 4616 meis,
408 4559 457 4604 et
494 4565 672 4604 omnes
708 4550 1016 4621 iniquitates
1060 4566 1202 4605 meas
1228 4549 1343 4605 dele
1374 4549 1549 4618 (Psal.
1587 4565 1640 4617 ι,
1678 4548 1805 4619 11);

229 4640 348 4697 sive
382 4656 510 4697 cum
535 4641 640 4698 labi
679 4643 951 4714 permittis
998 4642 1301 4710 hominem,
1338 4650 1400 4697 ut
1450 4641 1665 4698 cautior
1714 4641 1811 4698 liat

229 4740 362 4804 post
407 4734 644 4804 lapsum.
697 4735 806 4791 Sed
862 4736 1007 4792 sicut
1053 4735 1261 4791 dictum
1314 4743 1418 4801 est,
1453 4734 1510 4788 in
1550 4735 1635 4789 ira
1679 4743 1813 4790 tunc

232 4825 494 4893 declinas,
543 4841 667 4882 cum
710 4826 921 4882 vultum
973 4836 1128 4883 tuum
1177 4825 1382 4882 sanctis
1422 4833 1480 4880 et
1524 4826 1630 4896 piis
1665 4825 1813 4881 desi-

230 4917 528 4974 derabilem
563 4928 711 4976 retro
761 4919 1171 4974 inimicitiarum
1220 4918 1484 4988 parietem
1522 4917 1591 4972 de
1621 4931 1816 4989 pecca-

233 5014 307 5068 tis
335 5021 709 5069 constructum
765 5013 846 5069 sic
888 5011 1181 5069 abscondis
1229 5011 1299 5067 ab
1355 5010 1575 5065 homine
1620 5008 1704 5064 vel
1745 5008 1815 5064 ab

233 5106 420 5162 anima
476 5107 754 5176 rationali,
803 5085 1004 5178 sponsa
1052 5116 1167 5173 tua,
1207 5114 1268 5160 ut
1319 5120 1428 5160 nou
1468 5104 1661 5160 saltem
1721 5118 1815 5173 per

235 5197 521 5266 cancellos,
570 5207 666 5255 aut
701 5199 957 5269 fenestras
996 5197 1177 5270 (Cant.
1224 5213 1286 5265 ιι,
1337 5197 1394 5269 9)
1433 5195 1817 5267 prospiciendo

236 5298 389 5346 tuam
434 5290 629 5349 l'aciem
660 5294 761 5348 etsi
798 5308 907 5347 non
951 5292 1397 5357 deosculandam,
1425 5299 1663 5345 attamen
1695 5289 1819 5347 bre-

237 5387 379 5442 viter
414 5387 781 5444 contuendam
814 5395 867 5441 et
892 5386 948 5442 in
983 5384 1448 5450 confessionibus,
1487 5384 1571 5439 vel
1611 5385 1819 5440 oratio-

239 5478 406 5535 nibus
466 5478 535 5534 de
586 5478 862 5532 voluntate
926 5486 1016 5532 tua
1075 5476 1462 5533 consulendam
1534 5474 1815 5531 exhibeas·

240 5570 480 5628 Cancelli
518 5571 585 5627 ad
621 5578 875 5626 ornatum
910 5570 1110 5625 domus
1166 5570 1322 5640 quasi
1370 5567 1677 5624 lorinsecus
1720 5566 1820 5621 do-

246 5663 363 5719 mui
396 5663 696 5729 adbaerent,
733 5668 787 5718 et
830 5663 897 5717 de
926 5662 1113 5726 domo,
1148 5661 1233 5716 vel
1275 5661 1330 5716 in
1354 5662 1576 5716 domum
1609 5658 1820 5730 prospi-

246 5756 424 5813 ciendi
464 5758 704 5814 arcuatis
738 5754 965 5812 interius
999 5753 1267 5809 columnis
1299 5753 1650 5824 apt'tudinetn
1681 5768 1818 5823 prac-

1909 4551 2139 4610 bertatis
2187 4548 2349 4605 incidi
2393 4550 2641 4614 inquiam]
2693 4546 2865 4614 nullm]
2914 4562 2978 4594 :w
3030 4542 3282 4606 tummim,
3322 4542 3490 4594 [ϊιιιῑίἑ

1911 4646 2098 4718 gitque
2127 4642 2264 4698 mihi
2306 4655 2404 4711 per
2437 4648 2718 4709 peccatum
2750 4645 2807 4692 et
2842 4650 3059 4706 poenam
3118 4633 3324 4705 pcccati
3367 4633 3489 4688 lan-

1911 4751 2051 4810 guor
2085 4732 2440 4796 fortissimuS,
2479 4737 2540 4783 tu
2577 4726 2755 4784 factus
2806 4741 2868 4782 es
2924 4726 3058 4781 mihi
3088 4726 3348 4792 salvator,
3397 4725 3493 4794 qui

1914 4843 2036 4886 eras
2079 4833 2315 4891 creator,
2346 4830 2406 4879 ut
2431 4819 2642 4877 arbitrii
2669 4818 2971 4874 libertatem
2995 4820 3079 4874 sui
3110 4817 3330 4888 quidem
3357 4831 3492 4871 con-

1914 4921 2125 4978 ditione
2147 4915 2282 4973 satis
2309 4913 2569 4980 nobilem,
2599 4910 2697 4968 sed
2737 4910 2794 4965 in
2836 4918 3060 4981 peccato
3087 4918 3142 4965 et
3189 4924 3350 4979 poena
3378 4907 3497 4961 lan·

1916 5018 2171 5079 guentem
2220 5006 2400 5065 salves
2445 5003 2514 5060 ab
2552 5012 2804 5073 utroque,
2853 5002 2906 5056 in
2940 5001 3043 5057 bae
3071 5001 3180 5055 vita
3209 4998 3389 5055 dando
3409 5012 3496 5052 re-

1918 5101 2238 5160 missionem
2272 5104 2645 5171 peccatorum,
2690 5095 2747 5150 in
2782 5093 2969 5149 futuro
3028 5107 3158 5147 vero
3195 5090 3494 5167 beatitudi-

1919 5209 2044 5250 nem
2078 5188 2401 5265 gaudiorum
2432 5196 2786 5243 aeternorum.
2842 5183 3067 5240 Gemina
3116 5191 3200 5238 est
3227 5182 3344 5237 baec
3394 5196 3496 5234 un·

1918 5287 2029 5343 ctio
2061 5304 2076 5341 ε
2112 5280 2210 5340 sed
2246 5296 2346 5353 ego
2371 5295 2535 5335 anam
2563 5278 2714 5348 petii,
2745 5276 2850 5342 vel,
2880 5275 3026 5331 sicut
3064 5288 3230 5345 supra
3285 5273 3495 5329 dictum

1919 5387 2021 5446 est,
2050 5391 2214 5431 unam
2247 5372 2416 5440 illam,
2462 5387 2584 5442 quxe
2618 5369 2890 5425 antecedit
2918 5368 2974 5422 in
3022 5368 3224 5423 virtute
3273 5366 3498 5421 merito-

1921 5484 2066 5533 rum,
2111 5481 2345 5538 qnorum
2410 5461 2685 5518 inchoatio
2733 5468 2788 5515 et
2833 5458 3235 5515 consummatio
3281 5466 3366 5514 est
3413 5472 3501 5513 re-

1922 5559 2111 5615 missio
2170 5564 2517 5630 pcccatorum
2559 5552 2814 5624 primitus
2872 5550 3256 5622 originalium,
3301 5548 3501 5607 deinde

1923 5654 2213 5711 actualium
2242 5671 2257 5709 ε
2300 5652 2383 5707 vel
2417 5660 2560 5706 certe
2602 5647 2828 5704 alteram
2863 5662 3026 5702 uuam
3075 5646 3385 5703 unctionem
3411 5659 3502 5715 pe-

1923 5749 2005 5811 tii,
2049 5763 2169 5818 qnae
2204 5748 2257 5801 in
2315 5744 2421 5801 tine
2461 5743 2847 5814 subsequetur,
2890 5754 2997 5812 qua
3040 5748 3260 5811 peracta
3320 5736 3499 5796 fidelis
