3817 6000
79 227 128 285 ttt
401 214 681 280 touuettttutbtt
701 215 735 272 m
755 213 927 272 natones,
946 243 984 255 --
1004 210 1093 269 etus
1110 210 1131 268 l.
1150 238 1187 253 -·
1204 209 1304 267 PSAL.
1324 210 1396 266 xil.
1657 204 1711 269 Sl!

114 335 208 398 litorio
224 338 303 397 Petri
314 348 441 404 eterne,
462 337 510 409 qui
539 333 611 392 Filio
639 349 690 392 suo
712 331 871 405 preclaram
885 348 909 405 Α
923 328 1033 392 Sancto.
1060 327 1107 400 qui
1126 333 1168 384 est
1179 325 1237 383 hee
1259 326 1317 398 ipsa
1344 323 1440 380 letitia
1464 322 1711 398 sempiternaque

77 434 261 494 iereditnura
282 430 419 497 realitate,
443 441 562 499 eumque
586 425 715 496 adimplet
742 423 839 482 letitia
862 440 870 477 :
926 423 1054 495 impletur
1067 419 1204 486 cbristus,
1217 427 1300 491 eaput
1318 417 1531 485 sinemeosore
1544 428 1572 475 et
1588 422 1713 478 nemora

77 528 174 586 Gloria
189 525 273 592 Filio,
284 524 332 597 qui
347 538 401 579 uon
420 520 510 577 solum
525 520 555 578 in
572 533 612 586 ee,
628 518 677 576 sed
695 518 722 574 in
738 516 871 575 membris
924 530 988 572 euru
1001 526 1141 580 mensura,
1153 513 1280 570 uidelicet
1299 531 1309 564 ι
1327 510 1479 569 seeundum
1492 526 1649 570 mensuram
1661 512 1712 570 de-

75 625 190 691 tritoque
218 616 279 676 eois
306 615 471 686 adimpletur
492 613 588 670 letitia
607 628 618 667 .·
643 610 736 667 Gloria
755 608 870 682 Spiritui
923 606 1045 665 nationis
1058 605 1160 663 Christi
1177 603 1286 679 (Epiron.
1302 621 1340 672 tu,
1357 604 1395 677 Ἰ).
1412 623 1423 656 ι

80 771 1702 812 mmmm—*m*

621 901 627 912 ’
680 915 945 1010 Petimus
977 911 1110 1004 XVI.

117 1243 239 1309 Faenedia
264 1238 386 1305 Domine,
411 1238 547 1308 juatitioro
574 1251 669 1291 mam.
697 1225 805 1289 Titulus
833 1241 876 1288 est
925 1230 1071 1287 moltitie
1096 1227 1217 1303 quolibet
1242 1233 1318 1305 largo
1339 1231 1573 1308 eleemosynatore
1592 1235 1712 1293 dieitur:

80 1325 199 1394 pum
223 1354 229 1389 :
927 1323 1089 1395 ‹Dispersit
1107 1323 1181 1380 detlit
1206 1324 1388 1396 pauperibus,
1413 1326 1594 1400 iustitiaejus
1621 1336 1715 1384 manet

331 1440 431 1482 enarre
451 1441 501 1482 rost
520 1439 611 1480 navio.
927 1415 957 1471 in
970 1415 1100 1472 weuium
1112 1414 1216 1472 saeculi.
1228 1415 1288 1486 (Pe.
1303 1432 1359 1484 cxi,
1379 1417 1418 1488 9).
1438 1437 1447 1470 ι
1476 1417 1511 1473 Et
1536 1419 1595 1475 haee
1605 1420 1716 1490 iustitio

117 1521 174 1579 lete
185 1520 313 1579 Psalmus
335 1529 363 1575 et
386 1519 433 1575 alii
454 1528 574 1591 quatuor
596 1517 732 1574 orationis
760 1514 874 1572 nontiue
924 1507 1246 1575 eorambeoexauuitur‚
1261 1511 1326 1581 qrria
1337 1511 1396 1582 ipsa
1407 1512 1582 1583 eleemosyna
1598 1521 1660 1569 orat
1678 1514 1714 1568 ad

79 1613 345 1684 insinuaturque
362 1627 426 1668 eum
445 1612 552 1669 cereris
579 1609 697 1666 Psalmis
721 1607 875 1665 inermen
928 1600 1086 1657 Dominum.
1100 1599 1439 1675 iioltoersemasiseee
1454 1603 1501 1674 uui
1515 1619 1565 1674 pro
1591 1606 1716 1676 muneri

78 1708 119 1765 eit
130 1708 233 1776 oratio,
243 1707 272 1763 in
292 1706 352 1764 istis
366 1705 425 1764 sola
438 1706 526 1761 orotie
540 1705 706 1772 eontinetor,
728 1713 756 1761 et
770 1703 794 1761 si
808 1701 876 1775 quid
890 1682 912 1738 Β
926 1697 1003 1753 ribus
1015 1712 1060 1752 me
1071 1696 1159 1768 ipsam
1186 1696 1242 1754 beo
1253 1698 1453 1772 eleemosynam
1469 1697 1551 1768 iaeio,
1562 1708 1590 1755 et
1600 1715 1649 1771 per
1663 1701 1716 1755 liee-

77 1800 203 1857 oratiooi
222 1798 296 1855 aliud
323 1798 514 1865 interseritur,
550 1797 602 1854 boe
634 1795 753 1852 orationi
777 1809 878 1866 eoepe-
921 1792 1062 1863 justitiam
1075 1794 1173 1863 babeo,
1183 1794 1359 1851 exauditione
1372 1794 1493 1867 dignam,
1505 1796 1570 1867 quia
1585 1795 1643 1852 baee
1657 1795 1716 1867 ipsa

78 1901 182 1960 ratur,
203 1903 266 1963 quae
288 1889 316 1947 io
337 1889 381 1950 bis
414 1886 532 1946 Psalmis
565 1886 753 1958 principaliter
779 1886 875 1943 imen—
926 1887 1099 1959 eleemosyna
1111 1895 1181 1955 orat,
1196 1887 1252 1943 imo
1263 1895 1345 1958 etper
1353 1886 1565 1958 justitiam-lorti
1575 1889 1717 1944 exactione

78 1984 171 2041 ditur.
927 1978 1042 2051 requirit
1068 1978 1286 2036 misericerdiam
1306 1979 1384 2041 mibi.
1405 1989 1431 2035 et
1448 1978 1517 2034 meis
1531 1979 1713 2035 exhibendam

118 2075 169 2133 Est
178 2083 271 2132 autem
291 2074 351 2131 baec
373 2072 462 2130 oratio
481 2083 638 2130 consonans
652 2071 752 2143 prioris
775 2067 878 2128 Psalmi
927 2082 982 2129 ate
1000 2067 1155 2138 beurene,
1175 2086 1226 2144 pro
1240 2070 1320 2141 euius
1344 2072 1515 2145 beneplacito
1534 2080 1562 2128 et
1588 2072 1717 2128 mandato

77 2165 194 2238 negotio
208 2183 217 2220 ε
232 2165 304 2221 unde
319 2171 395 2222 reete
405 2164 564 2236 assignatur
577 2161 635 2236 ipsi
647 2176 711 2219 vero
722 2161 820 2228 Dauid
832 2161 877 2217 eoi
926 2181 978 2239 ego
988 2164 1040 2223 ieei
1052 2165 1281 2223 misericordiam.
1296 2163 1520 2222 misericordibus
1536 2181 1655 2236 nanque
1669 2164 1719 2220 nb

79 2265 113 2313 et
126 2255 260 2328 inpriore
278 2255 386 2325 psalmo
400 2254 540 2327 ussimreie
564 2262 608 2310 esi
627 2251 700 2310 tituli
722 2251 876 2324 inscriptio.
926 2258 1077 2317 sericorrlia
1088 2258 1203 2315 debetur
1213 2257 1373 2329 exjustitia.
1385 2255 1547 2332 Etegosom
1563 2258 1607 2314 ilie
1621 2256 1718 2314 Same

80 2345 145 2423 ipse
152 2349 254 2407 etenim
267 2347 395 2405 Christus
407 2347 479 2405 sieut
503 2346 594 2404 dendo
618 2347 645 2402 in
668 2355 757 2405 morte
779 2345 877 2403 Lazari
927 2354 1033 2410 ritanus
1044 2351 1212 2418 misericors,
1226 2351 1274 2421 qui
1289 2348 1341 2406 ieci
1355 2349 1572 2409 miserieordiam
1587 2350 1615 2406 in
1627 2351 1718 2419 illum.

78 2443 248 2501 charitatem
270 2442 298 2498 in
318 2440 513 2513 compassione
539 2440 726 2511 proximorum
751 2454 802 2496 nos
826 2439 877 2496 do·
926 2459 1008 2516 qoem
1021 2442 1261 2501 saeerdosl'eteris
1278 2441 1444 2501 Testamenti
1455 2441 1546 2500 Aaron
1561 2442 1718 2516 praeterivit.

80 2535 165 2603 euit3
181 2535 254 2591 sieut
268 2533 349 2607 urgit,
371 2542 402 2589 ut
423 2531 632 2590 ineousideratae
653 2532 814 2590 temeritatis
826 2547 877 2588 no-
929 2535 1064 2608 quoniam
1077 2551 1141 2593 eum
1156 2550 1255 2594 sanare
1266 2549 1320 2591 non
1331 2534 1421 2607 potuit
1436 2535 1463 2589 iu
1477 2535 1611 2607 sanguine
1624 2535 1719 2592 biren-

80 2627 132 2685 bis
152 2623 272 2683 auierret
285 2623 449 2692 audaciam
478 2625 551 2680 sicut
574 2623 643 2680 latit
660 2622 742 2695 pedes
756 2622 878 2693 diaeipu·
927 2642 990 2682 rum
1003 2626 1223 2684 aureilulomm.
1238 2624 1294 2699 Ego
1305 2636 1397 2681 antem
1416 2626 1450 2681 de
1464 2641 1526 2681 meo
1548 2625 1632 2682 latere
1659 2623 1720 2683 ludi

80 2721 189 2786 inrum,
209 2727 239 2775 nt
249 2718 328 2775 daret
342 2716 506 2776 humilitatis
534 2717 703 2790 exemplum,
722 2715 759 2771 ita
786 2715 877 2771 orarit
926 2720 1023 2777 vinum
1042 2730 1070 2778 et
1086 2722 1178 2777 oleum
1192 2720 1341 2776 inuoluere
1354 2720 1424 2791 ejus.
1437 2717 1506 2774 iiam
1518 2719 1630 2793 mugnis
1641 2735 1720 2776 meus

81 2820 117 2869 bt
128 2826 182 2867 nos
193 2808 303 2867 deceret
317 2824 408 2865 erare.
423 2807 543 2866 intendit
557 2807 631 2865 enim
647 2807 676 2864 in
697 2805 751 2862 boe
769 2806 876 2879 psalmo
926 2810 1018 2867 eleum
1031 2819 1074 2868 est
1089 2812 1237 2878 elvirum,
1252 2810 1287 2867 de
1299 2824 1355 2882 quo
1368 2809 1470 2867 dieitur
1488 2808 1517 2865 in
1532 2808 1721 2867 benedictione

80 2903 176 2976 ipsum
186 2910 271 2975 eaput
284 2916 366 2959 orare
381 2899 466 2957 Mum
483 2914 534 2973 pro
559 2915 590 2957 se
612 2908 641 2957 et
669 2898 738 2968 sois,
758 2914 792 2955 ne
809 2898 876 2955 defl-
927 2902 1026 2962 tndae:
1046 2924 1056 2957 ι
1075 2902 1229 2960 Larabitin
1243 2902 1309 2959 uine
1333 2903 1431 2958 stolam
1446 2917 1537 2971 suam,
1555 2910 1583 2958 et
1611 2902 1638 2958 in
1660 2918 1722 2959 sane

81 2995 171 3052 dotti.
185 2994 249 3065 agir
267 2994 349 3051 eliam
368 2993 402 3051 de
417 2992 460 3049 sul
478 2992 681 3065 persecutione,
694 3002 722 3050 ei
740 2991 774 3050 de
784 2990 877 3049 inimi·
890 3035 912 3093 c
928 2996 1196 3074 winpuraepallium
1207 2994 1458 3068 suumlGea.xttt,
1472 2994 1551 3070 ll).r
1568 2994 1720 3068 ‹Egoenim

82 3104 184 3146 eorum
199 3088 382 3159 temporalier
396 3096 527 3159 perpetua
552 3085 738 3156 damnatione,
755 3101 878 3143 necnon
928 3108 991 3151 rm
1007 3091 1072 3153 vitis
1090 3102 1154 3149 rere
1168 3089 1267 3163 (toan.
1286 3106 1332 3156 ar,
1349 3089 1395 3159 t),
1410 3079 1427 3142 ἰ
1447 3097 1475 3146 et
1490 3088 1562 3145 oliva
1581 3088 1722 3149 truetiiera

82 3181 122 3239 tle
136 3180 230 3238 lutura
242 3197 306 3239 eom
318 3181 377 3238 suis
400 3179 522 3252 gloriosa
540 3188 568 3235 et
583 3178 708 3251 plenaria
737 3177 876 3236 satietate.
931 3184 967 3242 de
981 3184 1063 3256 cujus
1077 3183 1233 3241 medicinali
1244 3181 1379 3253 sanguine
1389 3188 1520 3255 tanquam
1536 3183 1600 3239 rino
1610 3193 1638 3239 et
1662 3181 1723 3239 oleo

84 3274 244 3332 tlieiteniru
255 3273 330 3329 Patri
347 3272 469 3329 moriens
484 3270 511 3326 in
525 3285 576 3327 sua
590 3269 746 3327 obedientia
759 3272 779 3342 ’,ι
807 3268 879 3325 Pro·
929 3285 1044 3337 ematur
1057 3278 1103 3335 1110
1123 3279 1219 3347 homo,
1240 3277 1289 3350 qui
1303 3275 1486 3334 descendebat
1511 3275 1546 3333 ab
1568 3273 1721 3337 Jerusalem

83 3368 159 3423 ⁶⁶⁸⁶
173 3383 220 3422 0⁰t
231 3382 327 3433 metm·
343 3373 368 3420 ti
383 3366 502 3421 it'it'iwff
518 3371 603 3419 imit·
622 3361 688 3435 lpne
715 3378 757 3419 Μ
776 3363 880 3420 “tim'-
930 3372 958 3428 ln
968 3370 1079 3428 leriebe
1088 3378 1116 3428 et
1130 3370 1227 3427 ineidit
1244 3371 1272 3428 in
1289 3371 1419 3429 latrones.
1443 3368 1513 3427 Cum
1527 3383 1593 3441 erpo
1606 3367 1723 3427 iecerint

84 3461 207 3526 mortiet
222 3476 275 3515 noo
288 3469 326 3515 eat
341 3460 445 3515 inuenta
455 3458 484 3513 in
499 3473 540 3513 me
552 3457 690 3529 immam.
714 3455 749 3513 Ut
762 3473 815 3513 uon
840 3456 881 3511 io·

85 3562 189 3624 proteu
201 3568 231 3608 et
245 3568 332 3607 meam
345 3568 424 3624 opera
438 3552 596 3606 bominum:
614 3560 721 3622 prepter
748 3550 826 3607 uerbo
839 3551 881 3606 io-

85 3649 194 3704 biorem
209 3656 315 3703 tuorem
331 3662 379 3719 epe
390 3643 520 3701 custodiri
536 3645 592 3700 eiua
616 3644 711 3703 deror.
739 3647 779 3701 de
801 3646 880 3702 deio-

87 3756 182 3811 eeps:
204 3737 314 3794 inimici
327 3740 378 3793 mei
397 3737 515 3792 oniororn
543 3752 628 3791 meam
641 3736 881 3804 circumdederant,

87 3834 198 3905 odim
210 3847 290 3887 soom
299 3830 494 3895 contimtum,
508 3843 537 3883 ot
554 3841 644 3883 eoram
657 3827 774 3883 locutam
785 3837 823 3882 eat
837 3844 883 3883 au·

87 3926 221 3999 pertinen.
237 3922 413 3997 Projicientes
429 3939 470 3979 me
486 3934 556 3978 nune
576 3920 804 3977 circundederunt
831 3937 881 3988 me,

89 4018 183 4074 ortator
198 4032 260 4074 sees
272 4025 424 4073 statuerunt
439 4015 616 4071 declinarent
631 4024 739 4070 terrem.
753 4012 882 4084 sitione-

90 4118 156 4164 rant
167 4107 290 4165 metiret
306 4107 347 4163 teo
360 4115 470 4177 puratos
480 4106 516 4161 od
525 4104 655 4178 predam,
672 4115 699 4160 et
724 4105 794 4159 oleat
807 4112 885 4159 cote·

931 3480 983 3538 ego
997 3462 1216 3520 misericordiam
1229 3461 1257 3519 in
1273 3463 1362 3531 illum,
1377 3462 1496 3530 hoedi,
1518 3460 1642 3527 Domine,
1660 3461 1725 3535 jao

932 3554 1020 3610 t'tiom
1036 3570 1132 3621 meran,
1147 3562 1177 3611 nt
1191 3563 1219 3611 et
1229 3569 1281 3626 ego
1295 3555 1343 3626 qui
1354 3570 1428 3613 nune
1443 3554 1526 3613 incidi
1549 3554 1577 3617 in
1591 3554 1723 3621 latrones.

932 3646 1080 3705 eruciiixus
1095 3645 1286 3711 alatrenibus.
1304 3647 1374 3703 inter
1389 3647 1520 3714 latrones,
1535 3647 1640 3705 mibiet
1654 3647 1724 3704 aneio

932 3755 1087 3811 consequar
1103 3739 1332 3807 misericordiam,
1344 3755 1427 3812 quarn
1440 3752 1494 3796 non
1503 3756 1598 3813 quaero
1611 3740 1724 3812 iniuste,

933 3833 980 3891 aed
991 3848 1025 3889 ex
1040 3832 1110 3888 libra
1125 3840 1153 3888 et
1167 3839 1269 3889 statera
1279 3831 1403 3903 justitiae.
1424 3826 1454 3888 si
1464 3831 1540 3888 enim
1555 3833 1725 3902 appendatur

933 3927 1075 3983 calamitas
1092 3941 1153 3981 mea
1166 3924 1195 3981 in
1209 3926 1311 3981 statera
1323 3940 1386 3983 cum
1399 3924 1529 3995 petentia
1541 3924 1644 3996 quibos
1654 3925 1724 3982 iram

933 4020 1033 4088 merui,
1048 4018 1106 4075 bae
1123 4018 1183 4089 ipsa
1197 4016 1340 4076 calamitas
1358 4017 1439 4089 quasi
1455 4031 1540 4073 mena
1554 4017 1641 4074 maria
1661 4033 1726 4091 gra-

934 4110 996 4167 vior
1012 4118 1126 4182 apparet
1145 4108 1265 4180 peccatis
1285 4123 1347 4180 quoe
1363 4122 1446 4179 super
1460 4122 1504 4164 me
1520 4106 1581 4174 tuli.
1605 4107 1727 4178 peccatis

90 4199 134 4256 iate
145 4199 229 4255 leonia
242 4199 366 4254 babitans
383 4199 413 4254 in
429 4197 539 4254 abditis.
557 4196 591 4254 Et
604 4197 662 4254 beo
672 4196 783 4269 quidem
794 4196 828 4252 de
840 4194 884 4252 sui
934 4202 1061 4261 videlicet
1074 4201 1171 4259 mundi
1184 4200 1271 4257 totins
1283 4212 1335 4271 pro
1346 4215 1401 4271 quo
1422 4200 1523 4271 patior,
1550 4207 1579 4256 et
1597 4199 1726 4255 immolor

89 4294 295 4367 perseeutione.
324 4290 363 4350 be
401 4292 576 4353 inimieorum
604 4306 671 4350 vero
686 4290 883 4348 damnatione:
934 4294 1324 4369 egnagnnstellenspeeeata
1341 4292 1437 4350 mundi
1465 4292 1602 4350 credentis
1624 4293 1654 4349 in
1670 4308 1728 4360 nte,

91 4387 226 4460 Emitte,
241 4387 340 4460 iuquit,
355 4385 477 4453 ”limine
488 4387 747 4458 emmeramme.
763 4383 884 4441 Tandem
899 4386 1145 4447 lldamnansrere
1156 4395 1269 4460 peecata
1282 4385 1444 4444 mondinon
1456 4386 1594 4444 credentia
1616 4386 1646 4442 in
1669 4402 1725 4442 me.
1773 4390 1774 4393 ’

91 4482 129 4539 de
142 4497 205 4548 sna,
216 4494 385 4552 suorumque
397 4481 522 4537 satietate
534 4478 652 4553 gloriosa
667 4479 708 4535 sic
718 4477 804 4536 dieit:
826 4475 883 4549 Epo
936 4470 1047 4538 iltioam
1060 4495 1125 4552 ergo
1140 4478 1332 4552 appendantur
1345 4479 1404 4551 ipsa
1415 4488 1529 4551 peccata
1549 4494 1685 4545 meorum,
1699 4485 1729 4534 et

91 4586 185 4633 netem
197 4591 257 4630 corn
266 4574 376 4647 justitio
392 4573 523 4644 apparebo
547 4571 697 4642 comperiet
719 4580 775 4639 too,
798 4571 885 4626 sotio·
935 4571 1078 4629 calamitas
1091 4583 1152 4627 mea
1167 4571 1195 4626 in
1208 4580 1310 4628 statera
1324 4570 1454 4641 justitiet
1469 4570 1727 4643 lmoquiaegojaur

93 4668 145 4726 ior
156 4683 216 4723 com
233 4667 385 4737 apparuerit
400 4663 485 4735 pierio
498 4673 555 4723 tao.
936 4663 1059 4735 pendens
1074 4662 1190 4735 agoniae
1203 4663 1230 4719 in
1249 4678 1342 4730 eruce,
1355 4663 1496 4732 eujusdnu
1506 4662 1619 4718 brachia
1633 4662 1726 4730 expri-

130 4757 224 4815 Prima
251 4772 318 4830 ergo
340 4772 405 4828 pers
416 4765 543 4813 uersatur
559 4756 585 4811 in
609 4754 744 4820 oratione,
765 4753 885 4811 seeundo
937 4767 1016 4811 renunt
1028 4764 1169 4821 stateram,
1182 4753 1419 4826 quaerojrtstitiern
1433 4755 1462 4810 in
1477 4762 1625 4827 conspeetu
1637 4752 1728 4809 Patris

95 4853 125 4909 ln
141 4849 290 4907 llominieae
309 4847 447 4921 passienis
459 4846 626 4913 narratione,
639 4845 718 4901 tertia
735 4844 763 4900 in
774 4845 888 4901 domna·
936 4848 1157 4905 ettotiusenriae
1170 4849 1300 4915 eoelestis,
1313 4864 1347 4905 an
1366 4848 1510 4906 calamitas
1524 4864 1586 4905 mea
1612 4848 1729 4904 nonsit

93 4944 172 5002 bone
181 4942 366 5009 inimieorum,
378 4949 476 5013 quarta
493 4940 522 4995 in
535 4938 733 5011 gloriucuione
743 4937 846 4994 Christi
860 4946 889 4994 et
938 4939 1006 4997 satis
1018 4939 1110 5012 grauis
1125 4940 1159 4996 ad
1175 4940 1437 5011 praepondemndum
1459 4939 1580 5011 peccatis
1603 4938 1728 4996 omniurn

93 5050 222 5093 auorum.
239 5033 338 5091 Veram
356 5047 421 5105 ergo
435 5032 613 5089 humanitatis
623 5039 750 5088 naturam
761 5029 888 5089 Christus
938 5033 966 5089 in
982 5047 1026 5088 roe
1041 5031 1228 5087 credentium?
1240 5030 1269 5086 Si
1287 5033 1446 5101 attenditur,
1461 5049 1517 5091 uon
1541 5032 1630 5090 soloin
1648 5031 1726 5101 quid.

93 5126 246 5184 ostendeus
257 5136 318 5183 orat
337 5126 431 5187 diceus
446 5142 455 5180 t
938 5122 987 5179 sed
1001 5131 1029 5179 et
1041 5122 1104 5193 quis
1115 5122 1205 5193 patior
1221 5122 1249 5179 in
1262 5122 1314 5180 ista
1325 5117 1502 5181 eaiarnitatei
1512 5120 1571 5195 Ege
1581 5120 1669 5177 Filius
1679 5118 1727 5174 bei

133 5216 255 5284 danorii,
271 5218 393 5287 Domine,
401 5218 539 5290 justitiam
552 5234 647 5273 mom.
664 5214 687 5273 0
705 5215 826 5281 bonine,
843 5215 888 5271 eui
939 5217 1029 5288 patior
1039 5230 1089 5288 pro
1097 5216 1195 5281 serris,
1209 5215 1301 5288 justus
1319 5230 1371 5286 pro
1396 5215 1516 5286 injustis.
1535 5213 1632 5271 Nonne
1646 5211 1728 5267 babet

95 5326 150 5385 ego
162 5312 190 5366 iu
206 5312 295 5368 iorina
309 5312 381 5369 serui
394 5312 504 5379 obedio,
516 5327 598 5384 quiem
608 5321 637 5368 et
651 5309 784 5367 ineadem
801 5307 889 5365 torma
939 5309 1053 5365 odorem
1064 5309 1117 5367 tale
1128 5307 1305 5372 sacrificiunt,
1329 5324 1377 5378 per
1397 5323 1478 5378 quem
1506 5306 1577 5363 letor
1599 5312 1728 5376 peceato·

97 5403 247 5460 Dominum
269 5420 447 5479 recognosco,
464 5414 493 5461 tu
508 5403 606 5460 ennom
628 5419 715 5460 meam
738 5401 887 5473 justitiam.
939 5401 1086 5473 numiuste
1099 5401 1135 5458 sit
1148 5400 1309 5468 abolendus,
1338 5416 1421 5472 quem
1440 5400 1468 5456 in
1490 5401 1613 5457 humano
1625 5412 1726 5468 ponere

98 5494 262 5552 sicutenim
277 5496 417 5568 peronius
431 5495 644 5552 inobedientiam
653 5504 811 5569 peccateres
822 5507 890 5549 eon·
940 5493 1051 5552 diffudit
1066 5494 1173 5564 primus
1183 5493 1270 5551 Adam
1281 5494 1293 5549 i
1304 5492 1400 5551 Nonne
1411 5492 1492 5549 babet
1503 5492 1651 5549 clamorem
1665 5504 1729 5545 ora·

99 5588 191 5645 etitnti
202 5597 268 5646 suot
282 5589 362 5645 multi
375 5607 384 5644 a
396 5586 436 5644 sie
449 5587 559 5655 decena,
574 5598 603 5644 et
613 5587 719 5659 juratum
735 5597 778 5646 est
795 5600 825 5643 ut
842 5602 890 5657 per
940 5587 1025 5645 tionis
1038 5586 1158 5644 validum
1173 5588 1227 5644 tale
1241 5584 1406 5644 sacritieium
1417 5585 1502 5658 digne
1513 5582 1690 5650 audiendum,
1701 5588 1737 5638 et.

98 5682 185 5739 nnius
193 5681 376 5755 jaaritiom,et
388 5677 572 5739 obedientiam
595 5680 662 5752 justi
688 5680 890 5739 constituantur
942 5679 1152 5750 exaudiendum,
1164 5696 1219 5737 non
1231 5678 1319 5738 seium
1332 5693 1366 5735 ex
1378 5676 1578 5745 miserieordia,
1588 5676 1636 5736 eetl
1646 5676 1729 5736 etiam

260 5778 396 5840 Parnon.
417 5774 552 5841 extiti.
1534 5772 1574 5837 27
