3817 6000
104 241 162 303 toa
791 238 1055 298 protocottrrttt.
1693 242 1747 298 lit)

104 375 190 433 reges
213 365 242 414 et
262 358 454 429 imperatores,
467 352 513 408 ilie
527 352 659 423 praesules
677 362 704 409 et
726 354 874 422 antistites,
900 355 945 411 ille
972 368 1112 410 summum
1139 362 1164 409 e:
1189 353 1390 425 amplissimum
1405 355 1480 412 orbis
1500 355 1650 414 Citristisui
1677 373 1747 414 ‹orr-

104 451 204 507 silium
219 458 327 520 patrum
346 445 441 502 Romae
451 453 680 515 purpuratorum,
700 444 745 500 ille
759 454 864 515 patrem
877 446 969 517 ipsum
984 456 1012 502 et
1023 455 1160 503 rectorem
1174 448 1296 503 nominis
1309 447 1460 505 Christiani
1476 464 1562 507 ausus
1584 459 1628 508 est
1645 465 1698 508 sun
1710 467 1737 507 m

103 556 172 599 eum
184 541 321 607 libertato,
335 537 502 607 contemptis
513 535 643 591 omnibus
659 536 720 591 riae
730 538 869 608 perieulis,
889 537 989 595 sicubi
1016 554 1083 594 usus
1100 537 1161 608 luit,
1186 539 1336 608 adhortari,
1360 555 1482 608 manera,
1498 542 1591 601 serbis
1602 543 1685 599 etiarn
1699 559 1746 601 ca·

103 635 222 706 stigare.

145 788 156 820 a
175 767 250 835 Qrtae
259 764 369 823 dicendi
383 761 579 833 scribendique
590 761 704 819 libertas
717 779 780 820 curn
796 764 897 821 rirtute
909 776 937 821 ct
948 767 1081 837 religione
1093 768 1242 840 conjuncta
1264 779 1368 829 tantam
1393 772 1433 830 ilii
1459 776 1649 833 auctoritatem
1663 794 1746 850 pepe·

103 862 153 929 rit,
165 870 198 915 ut
207 861 336 916 uirtutem
358 858 419 930 eius
433 854 503 914 Galli
514 856 692 922 mirarentur,
705 854 822 911 Bolsemi
839 857 1030 927 praedicarent,
1050 858 1197 916 Pannones
1211 863 1392 933 susciperent,
1406 866 1492 924 Graeci
1505 870 1624 940 denique
1645 872 1745 928 adora-

104 962 180 1018 rent,
193 950 337 1022 pontiilces
347 950 479 1014 colerent,
495 945 648 1003 cardinales
658 956 865 1002 venerarentur.
885 947 924 1003 lta
940 949 1041 1004 tabule
1055 948 1304 1022 lieiclrerspergicae
1317 961 1474 1011 testantur:
1489 955 1587 1029 igitur,
1605 960 1743 1032 inquiunt,

103 1043 135 1095 iss
146 1041 277 1112 regimine
285 1040 387 1110 positus
397 1037 503 1109 qualem
512 1054 540 1093 se
553 1036 710 1103 saltibuerit,
726 1038 919 1111 qualiterqaea
933 1040 989 1094 lieo
1003 1040 1171 1110 confortatas
1199 1043 1226 1096 ia
1238 1043 1361 1099 aturribus
1375 1050 1544 1115 postmodum
1556 1050 1683 1111 Ecclesia
1695 1055 1745 1111 tri·

104 1131 472 1203 inlationibssnunpaamei
482 1129 663 1201 defueritsed
681 1130 818 1187 ueritatem
831 1141 985 1187 constanter
1006 1149 1095 1186 coram
1130 1134 1234 1205 regibus
1253 1144 1277 1189 et
1299 1137 1462 1209 principibus
1477 1158 1528 1196 non
1539 1145 1596 1199 siue
1609 1147 1670 1202 rita
1689 1166 1745 1208 sua

103 1227 227 1299 pericula
240 1226 384 1295 saepissime
395 1224 529 1294 consessus
540 1224 577 1279 sit
586 1241 619 1279 aa
632 1225 732 1291 tuitus,
751 1226 778 1280 ei
788 1235 843 1281 tata
856 1225 1000 1282 Germania
1010 1226 1111 1282 lumine
1123 1228 1253 1285 doctrina
1266 1231 1324 1300 ejus
1339 1234 1433 1303 etipsa
1445 1234 1592 1305 illustrata,
1605 1248 1630 1296 et
1644 1242 1745 1312 [errore

105 1315 227 1387 Spiritus
242 1318 300 1387 ejas
313 1331 393 1385 saper
403 1315 495 1370 maltis
507 1314 657 1372 munibus
667 1324 692 1370 et
703 1314 875 1371 abusionibus
888 1318 1043 1387 redarguta.
1058 1315 1147 1372 Testes
1159 1330 1221 1373 stoa
1233 1320 1257 1374 ei
1269 1337 1357 1375 omnes
1373 1322 1411 1388 bi,
1423 1325 1493 1381 inter
1511 1345 1576 1399 quos
1594 1339 1744 1392 conuersari

105 1408 146 1465 ut
157 1408 254 1481 quibus
268 1422 433 1462 consternere
445 1405 471 1461 er'
484 1406 644 1476 aliquandiu
662 1406 783 1477 contigit.
799 1405 918 1461 llaaime
932 1418 1022 1463 antem
1034 1417 1155 1462 satiatum
1170 1410 1285 1481 fratrum
1312 1412 1369 1481 ejus
1380 1424 1407 1470 et
1431 1433 1553 1475 sororum
1576 1427 1648 1481 norit
1662 1429 1743 1485 colle·

103 1511 192 1582 pium,
206 1523 287 1580 mam
301 1513 402 1571 sancte,
418 1520 548 1576 quamque
558 1504 821 1573 irreprehensibiliter
835 1504 906 1559 inter
922 1521 967 1560 eos
976 1506 1035 1576 jam
1048 1522 1095 1575 per
1122 1508 1300 1579 quadraginta
1326 1510 1380 1580 {ere
1399 1527 1492 1589 ⁸,trnrros
1518 1521 1601 1574 sitam
1624 1524 1741 1582 duxerit.

104 1601 246 1657 ll'oeerant
264 1613 364 1668 omnes,
374 1595 568 1669 permetietur
579 1595 607 1649 in
617 1593 735 1649 pacando
749 1593 907 1649 lectionibus
917 1604 942 1650 et
953 1595 1118 1651 orationibus
1134 1597 1265 1650 exstiterit
1280 1614 1291 1662 ,⁹
1308 1614 1388 1668 quom
1405 1603 1493 1661 nullas
1509 1607 1617 1668 barasa
1633 1617 1742 1685 pietatis

101 1695 348 1753 exercitiisaacuas
358 1689 489 1746 babuerit.
503 1684 576 1743 Nam
592 1686 740 1759 corporalis
751 1689 949 1744 exercitatiood
968 1690 1100 1744 modicam
1114 1691 1189 1745 utilis
1201 1707 1256 1747 esse
1270 1693 1296 1746 ei
1319 1710 1378 1747 cunt
1401 1700 1525 1769 Apostolo
1544 1706 1600 1763 risa
1624 1720 1674 1779 est,
1689 1697 1743 1769 ntgi

102 1810 166 1848 cunr
178 1790 333 1848 monasterii
346 1789 487 1844 necessitas
496 1787 666 1859 poposcisset.
681 1785 753 1852 Quin
766 1786 847 1841 etiam
858 1802 938 1858 atque
955 1786 984 1840 in
996 1794 1102 1841 exteras
1118 1795 1204 1842 terras
1216 1787 1319 1860 lampas
1335 1791 1423 1845 cordis
1432 1801 1456 1846 et
1472 1794 1525 1851 oris
1540 1797 1597 1867 ejus
1614 1802 1740 1861 radiarit.

104 1887 171 1944 Non
179 1887 366 1953 Frarrcia,non
372 1883 510 1949 Bobenia,
522 1897 574 1936 non
589 1880 719 1952 liutgario,
737 1879 783 1935 sed
796 1897 876 1953 neque
892 1879 1007 1946 Gracia,
1019 1884 1125 1951 pratia,
1139 1898 1198 1953 aaa
1210 1884 1328 1939 decorde
1341 1894 1417 1943 etore
1430 1891 1487 1960 ejas
1500 1893 1617 1962 radiant,
1623 1909 1742 1968 expertes

103 1986 188 2056 {aeta
200 1990 273 2038 sant.
293 1981 380 2037 Tarrta
388 1994 502 2051 nomque
511 1976 600 2050 gratia
613 1976 714 2046 diffusa
725 1984 783 2030 erat
795 1976 822 2030 in
832 1975 913 2030 labiis
922 1976 991 2046 ejus,
1002 1984 1031 2030 ut
1041 1977 1083 2031 bis
1095 1978 1170 2048 ipsis,
1185 1995 1251 2052 qnos
1263 1979 1401 2052 arguebat,
1421 1991 1513 2052 gratus
1524 1987 1656 2045 existeret.
1667 1989 1743 2050 liade

101 2086 128 2132 et
143 2076 260 2132 Romani
272 2074 421 2146 pontifices,
435 2070 588 2142 dominique
598 2066 748 2124 cardinales
763 2082 864 2138 semper
874 2084 944 2134 enm,
956 2067 1018 2122 licet
1030 2069 1058 2123 in
1073 2069 1163 2125 maltis
1179 2082 1332 2143 arguentem
1347 2089 1375 2127 se
1390 2072 1552 2132 dilexerunt.
1579 2077 1642 2135 Non
1669 2099 1741 2156 repes

103 2191 136 2229 aa
150 2181 272 2242 potentes
287 2169 436 2241 pertimuit,
450 2165 592 2240 attaminat
622 2163 757 2219 nuntiaret
766 2163 805 2219 eis
828 2162 856 2217 id
874 2162 946 2234 quod
955 2162 1062 2233 justam
1073 2172 1098 2217 et
1112 2162 1231 2218 salutare
1242 2163 1304 2235 fuit,
1323 2182 1383 2220 cam
1405 2182 1433 2223 se
1444 2172 1628 2239 opportunitas
1649 2176 1677 2230 id
1699 2178 1743 2249 sa·

103 2265 196 2320 randi
211 2264 358 2320 obtulisset.
372 2262 524 2334 Mamaea,
535 2260 689 2329 mediocres,
700 2276 731 2314 ae
748 2258 899 2330 populares,
910 2260 965 2314 siae
978 2260 1006 2314 in
1018 2258 1132 2330 publicis
1155 2260 1283 2317 Ecclesia
1304 2263 1484 2332 conuentibus,
1508 2269 1563 2323 sire
1576 2271 1604 2324 in
1628 2275 1741 2342 priuatis

102 2357 245 2430 colloquiis
260 2356 295 2411 orl
306 2352 532 2426 orisejusdulcia
545 2360 569 2408 et
583 2351 715 2407 salutaria
739 2351 817 2406 rerba
829 2349 988 2421 perdebant.
1014 2348 1060 2406 Sic
1082 2366 1194 2421 namque
1213 2351 1303 2406 diuino
1330 2349 1433 2422 Spiritu
1452 2357 1519 2412 adeo
1538 2369 1647 2430 potatus
1676 2366 1739 2436 soit,

103 2463 133 2508 ιι
157 2468 223 2523 pene
237 2468 338 2521 temper
351 2459 376 2507 et
395 2449 577 2521 indeficienter
588 2449 701 2519 tlumina
715 2448 748 2503 de
760 2458 848 2504 uentre
865 2447 925 2518 ejas
936 2448 1052 2517 {luerent
1062 2463 1138 2519 aqua
1158 2448 1224 2504 aloa
1238 2447 1291 2504 sias
1305 2448 1436 2521 loquentis
1457 2453 1512 2510 sioe
1532 2459 1672 2516 scribentis
1688 2462 1741 2520 ali·

102 2544 170 2614 guid
184 2544 220 2599 orl
235 2542 378 2598 utilitatem
391 2551 417 2598 et
427 2541 602 2596 eruditionem
613 2540 806 2610 proainrornnr.

168 2701 204 2758 Et
221 2716 286 2758 mos
302 2697 392 2757 inira:
413 2696 500 2764 Quam
510 2704 588 2751 notus
604 2706 629 2750 et
644 2703 736 2767 pratus
749 2710 878 2766 unornane
891 2704 1014 2764 arreptas
1027 2695 1108 2766 suerit
1122 2696 1177 2766 ipse
1191 2696 1283 2753 beatas
1296 2701 1406 2756 summis
1418 2701 1546 2763 Romanis
1556 2714 1739 2783 pontlbcibus,

102 2801 150 2872 gei
162 2814 212 2854 sso
223 2807 338 2867 ternpore
349 2793 475 2850 Romana
487 2793 543 2848 sedi
552 2790 741 2863 pranderem,
760 2789 868 2844 Colinto
883 2804 961 2859 papa
987 2789 1103 2859 primam
1122 2791 1243 2861 superias
1259 2804 1472 2865 commemorato,
1486 2807 1512 2854 et
1522 2801 1617 2859 deinde
1626 2780 1739 2882 singulm

102 2895 300 2953 marmoribus
311 2894 367 2950 suis
378 2908 460 2964 usaue
473 2892 508 2948 od
518 2906 615 2962 papam
631 2887 814 2943 Alexandrum
830 2902 839 2950 ,·
858 2903 990 2958 ortamque
1003 2883 1186 2942 uenerabiliter
1199 2888 1251 2959 ipsi
1267 2888 1385 2944 liomani
1396 2893 1534 2962 pontifices
1557 2895 1684 2965 [eruorem
1699 2919 1740 2957 re.

101 2988 214 3062 llpiorris
228 3005 285 3044 saa
296 2997 320 3045 et
333 2985 453 3042 studium
469 2994 548 3058 orgae
561 2983 720 3049 doctrinam,
735 2995 782 3035 nec
793 2996 843 3035 non
855 2988 880 3035 et
891 2981 992 3051 scripta
1006 2996 1055 3036 sua
1067 2980 1239 3051 susceperint,
1251 2981 1461 3039 collaudatorint
1474 2994 1498 3040 et
1513 2990 1715 3060 approbarentur
1729 3012 1739 3051 ,·

102 3087 279 3158 merestona
290 3082 401 3137 celerem
411 3079 533 3150 effectam
545 3086 700 3134 consecutus
717 3093 821 3149 senspm
839 3076 919 3146 irretit
932 3077 961 3130 in
987 3074 1108 3130 omnibus
1134 3076 1248 3147 negotiis
1266 3078 1334 3144 suis,
1363 3082 1569 3154 psalmumque
1589 3086 1738 3147 Romanam

103 3178 210 3232 eadam
220 3173 389 3245 interpellare
398 3186 499 3227 necem
514 3168 617 3237 babuit,
632 3179 679 3223 ast
694 3168 879 3239 perseipsum,
892 3178 937 3220 ant
951 3167 1127 3237 pernuntios,
1140 3167 1195 3220 sire
1211 3183 1258 3238 per
1274 3167 1348 3224 solas
1372 3168 1476 3225 litteras
1494 3188 1558 3228 suas
1576 3191 1625 3245 pro
1649 3180 1738 3249 puali·

103 3268 372 3340 innumerosas,
394 3273 525 3322 testantur
538 3266 635 3323 littera
650 3266 812 3338 apostolica,
836 3280 882 3318 nec
895 3279 946 3318 noa
959 3274 984 3319 et
999 3263 1096 3319 littera
1119 3263 1288 3318 dominorum
1313 3265 1492 3322 cardinalium
1518 3271 1667 3343 preqrrenter
1690 3287 1738 3332 aar

101 3363 241 3436 mamad
255 3353 435 3430 aliosmiisoe,
451 3362 544 3417 autad
557 3378 617 3418 eum
630 3361 781 3440 specialiter
793 3360 934 3414 destinator
951 3374 962 3411 .·
983 3357 1022 3413 nel
1036 3374 1103 3430 quas
1118 3360 1173 3428 ipse
1193 3375 1240 3429 per
1263 3375 1291 3414 se
1313 3358 1346 3415 ab
1368 3359 1437 3416 Urbe
1463 3363 1560 3433 saepias
1577 3366 1681 3421 ueniens
1705 3369 1738 3423 de

101 3472 187 3510 causa
199 3455 299 3509 suaset
316 3454 431 3510 oliorum
444 3451 551 3524 detulit,
565 3473 678 3530 quarum
688 3456 804 3511 otnrsinnr
814 3454 976 3524 esenrplaria
1002 3454 1090 3509 adbuc
1110 3455 1290 3511 inueniuntur.
1304 3456 1440 3523 Quantum
1459 3461 1540 3514 etiam
1557 3462 1609 3530 ipsi
1623 3461 1737 3519 Hannoni

101 3544 244 3614 pontifices
255 3561 304 3615 pro
318 3545 403 3616 ipsius
421 3549 565 3602 reuerentia
575 3557 601 3602 et
612 3547 762 3613 dilectione,
777 3546 812 3599 ad
826 3546 979 3615 petitionem
997 3545 1055 3614 ejus
1070 3544 1157 3615 ipsunt
1181 3546 1279 3615 locum,
1305 3564 1382 3619 quern
1408 3551 1521 3621 regebat,
1536 3554 1681 3609 caenobium
1695 3557 1736 3610 ai-

102 3635 200 3691 detteet
210 3636 467 3710 iiolcbcrsperpense,
478 3636 526 3692 sub
537 3653 586 3690 sua
596 3644 621 3690 et
635 3633 668 3689 tt.
682 3632 755 3687 Petri
770 3633 930 3703 protectione
941 3643 1102 3702 susceptum,
1117 3633 1313 3703 bonoraoerint,
1329 3646 1354 3691 et
1372 3644 1597 3712 manutenuerint,
1615 3655 1641 3699 et
1665 3662 1736 3717 sape

103 3740 301 3802 rostrapraoes
323 3732 481 3789 inimicaret
499 3732 668 3802 infestatores
680 3727 854 3797 defenderint,
866 3726 1020 3797 qsralemqne
1043 3726 1191 3781 libertatem
1214 3738 1239 3783 et
1252 3729 1390 3798 justitiam
1409 3735 1461 3804 ipsi
1484 3736 1541 3792 loco
1561 3744 1737 3798 concesserint

101 3830 129 3876 et
141 3822 309 3891 firmaverint
323 3825 349 3881 in
370 3835 581 3896 perpetuumsno
592 3825 763 3889 arrctoritate,
772 3822 891 3875 indicant
903 3820 1044 3891 priuilegia
1059 3838 1135 3891 papa
1152 3821 1302 3880 innocentii
1311 3836 1337 3880 et
1363 3844 1439 3900 papae
1452 3832 1565 3905 fingenii
1580 3837 1665 3891 eidem
1676 3837 1735 3894 loeo

101 3915 161 3985 ejas
175 3914 311 3970 industria
322 3914 460 3973 elaborata
470 3933 502 3971 ac
515 3917 666 3987 impetrata.
683 3913 740 3969 llos
754 3923 813 3985 post
826 3914 881 3969 brac
894 3915 936 3983 pie
949 3914 1051 3968 inritati
1062 3915 1201 3985 pontifices
1216 3913 1422 3989 Salaburprnsis
1434 3923 1595 3984 Clrunrodus
1608 3933 1697 3985 senior
1708 3942 1735 3987 et

102 4007 276 4064 liberbardas
289 4009 347 4080 ejus
358 4025 493 4065 successor
506 4028 516 4077 ,·
537 4027 584 4067 neo
597 4026 648 4065 non
660 4019 685 4067 et
699 4010 829 4082 principes
841 4009 925 4080 regni,
936 4008 1017 4064 duces
1033 4008 1152 4065 uidelicet
1169 4022 1194 4066 et
1207 4014 1332 4079 comitm,
1356 4018 1452 4090 quoique
1464 4036 1512 4089 pro
1525 4039 1573 4076 sno
1593 4023 1657 4093 jure
1672 4023 1734 4097 pru.

101 4102 179 4156 rimis
189 4101 337 4172 privilegiis
349 4103 469 4158 eumdem
480 4102 566 4157 locum
576 4103 738 4158 munierunt.
751 4100 882 4158 Similiter
892 4112 918 4157 et
928 4102 978 4160 alii
999 4102 1146 4173 pontifices,
1172 4103 1275 4159 scilicet
1298 4107 1531 4183 Bobenberpensis,
1555 4115 1733 4189 Pataoiensis,

100 4193 297 4268 frisingensis,
308 4197 411 4267 pradia
421 4206 446 4252 et
464 4197 640 4267 possessiones
651 4196 735 4251 eidem
750 4195 807 4250 loco
825 4203 871 4249 ant
884 4211 931 4264 per
943 4211 971 4250 se
984 4195 1065 4265 ipsos,
1088 4203 1135 4248 out
1148 4212 1195 4266 per
1206 4196 1274 4251 alios
1296 4199 1322 4252 in
1338 4201 1392 4255 ‹uts
1411 4203 1604 4274 episcopatibus
1622 4210 1732 4280 colluto,

99 4292 158 4346 sals
173 4290 320 4363 privilegiis
333 4291 417 4346 eidem
442 4292 558 4347 canobio
583 4293 766 4363 firmauerunt.
792 4289 943 4346 Nouissime
963 4291 1045 4346 etiam
1061 4289 1117 4359 ipse
1137 4291 1262 4346 dominus
1289 4293 1437 4364 imperator
1463 4296 1618 4356 Frideriens
1646 4306 1732 4378 ipssnt

98 4377 350 4458 beatersperpense
372 4384 518 4440 cenobium
532 4399 592 4439 cum
602 4384 724 4439 omnibns
740 4400 770 4439 eo
788 4382 979 4455 pertinentibus
991 4384 1019 4437 in
1036 4399 1113 4439 suurn
1124 4383 1271 4454 imperialis
1286 4387 1436 4456 majestatis
1449 4400 1475 4446 et
1499 4398 1616 4453 arsenium
1630 4416 1734 4458 succes-

99 4494 193 4532 sorum
206 4494 297 4551 regam
309 4488 336 4535 et
346 4478 535 4548 imperatorum
554 4477 663 4532 tutelam
673 4478 798 4548 suscepit,
810 4487 835 4532 et
848 4477 986 4548 priuilegio
997 4493 1046 4532 suo
1056 4478 1193 4549 animumn
1208 4489 1233 4534 et
1244 4481 1406 4550 prinritiuam
1420 4486 1568 4546 libertatern
1587 4497 1733 4566 coinfirma-

100 4575 149 4649 ,ιι
167 4574 323 4630 interuentu,
333 4573 517 4643 episcoporum
531 4570 680 4627 Eberlrardi
691 4571 894 4644 Bamberpensis
904 4570 997 4644 flotam
1024 4572 1192 4627 ilartmanni
1212 4574 1393 4645 Briairtensis,
1411 4581 1556 4637 meandum
1575 4588 1734 4647 postulatio.

100 4683 160 4722 nern
170 4667 251 4738 buius
265 4683 334 4739 sagro
344 4666 507 4737 dissipatris

138 4851 151 4890 r
168 4833 225 4892 Sed
235 4834 289 4890 boc
303 4832 428 4904 ingentes
441 4831 492 4887 riri
502 4827 723 4903 prestantissimi
737 4828 850 4901 spiritus
863 4827 906 4885 ris
924 4829 1094 4886 incredibilis
1109 4833 1144 4885 ab
1159 4828 1257 4885 intimo
1277 4828 1370 4885 animo
1395 4831 1515 4902 protecta
1533 4838 1633 4910 alebat,
1647 4846 1702 4903 vim
1717 4865 1734 4905 s

99 4924 463 5001 eoeloaecepit,quaeiliius
485 4920 604 4994 egregiis
618 4918 764 4975 conatibus
785 4917 873 4975 deluit
888 4934 1042 4990 nunquam.
1058 4919 1094 4973 dt
1117 4919 1191 4974 enim
1215 4934 1312 4990 parum
1337 4924 1486 4991 prudenter
1506 4932 1572 5004 agit,
1595 4937 1642 5006 qui
1665 4937 1733 4999 toris

99 5025 302 5098 rempublicam
313 5025 402 5096 jurat,
417 5018 493 5079 domi
508 5016 609 5089 perdit,
622 5031 686 5073 cum
704 5024 802 5072 natura
815 5015 945 5088 magistra
958 5015 1011 5073 silui
1026 5030 1164 5088 artemque
1187 5017 1318 5089 primum,
1333 5019 1457 5090 suisque,
1472 5020 1570 5079 deinde
1580 5025 1654 5093 aliis,
1666 5044 1734 5085 eon-

98 5119 193 5174 sulere
205 5116 312 5173 doceat.
325 5112 384 5171 Non
399 5114 454 5186 egit
468 5114 521 5171 lroe
536 5111 693 5180 Gerirohus,
709 5110 792 5182 eujus
804 5112 894 5169 omitia
909 5112 982 5168 aetio
998 5113 1124 5182 ratioque
1146 5112 1254 5169 vivendi
1281 5122 1309 5170 et
1330 5112 1445 5170 docendi
1459 5116 1494 5171 ab
1510 5116 1616 5175 officina
1640 5120 1734 5176 dome·

99 5212 178 5269 stiae
191 5211 301 5268 sinatis
313 5221 341 5266 et
352 5209 504 5281 disdpttnae
521 5206 661 5279 prollusit.
673 5203 730 5263 lioe
744 5206 862 5278 primum
876 5208 941 5279 egit,
968 5215 998 5262 ut
1009 5207 1197 5278 subiectontm
1210 5223 1324 5264 suorum
1337 5218 1364 5265 et
1375 5209 1588 5269 domesticorum
1614 5228 1731 5269 maresa

98 5313 225 5360 veterum
243 5301 356 5359 Parrum
374 5318 470 5359 norma
485 5305 682 5376 degenerantes
698 5303 914 5376 languentesque
927 5303 960 5359 ad
980 5304 1126 5374 pristinum
1141 5305 1260 5375 vigorem
1287 5315 1436 5374 reseraret,
1452 5308 1586 5364 elementa
1601 5308 1729 5363 vitiorum

98 5403 237 5469 eraderet,
250 5399 353 5459 incisas
363 5403 466 5474 passim
480 5402 589 5459 uirtutis
607 5417 708 5458 nervos
720 5400 925 5473 redintegraret,
939 5409 966 5457 et
978 5401 1096 5473 denique
1110 5417 1209 5458 noram
1225 5414 1276 5457 suo
1292 5401 1473 5458 eorrtubernio
1487 5399 1584 5456 laniem
1599 5398 1731 5455 sormam·

97 5506 155 5563 que
165 5491 275 5550 sinendi
293 5494 446 5553 induceret.
460 5499 554 5572 taque
572 5499 644 5555 idem
661 5498 770 5556 mitiset
781 5499 916 5572 benignus
926 5515 989 5556 esse
1007 5499 1034 5554 in
1049 5500 1242 5570 obsequentes,
1257 5507 1407 5572 pmmptos,
1435 5497 1613 5565 verecundas,
1628 5506 1655 5553 et
1668 5496 1732 5554 reli·

99 5586 187 5656 giosre
201 5587 264 5643 ritae
278 5588 476 5647 observantes:
492 5592 616 5649 tristiset
630 5607 742 5650 seuerus
753 5591 781 5648 in
797 5591 997 5663 delinquentes,
1021 5591 1207 5659 refractarios,
1231 5601 1430 5659 contumaees;
1447 5605 1529 5663 quam
1544 5601 1635 5646 tamen
1650 5605 1729 5650 sere-

100 5678 212 5737 nitatem
225 5680 262 5737 ita
278 5683 489 5741 mansuetudine
502 5694 529 5743 et
539 5686 672 5743 obdurate
683 5686 860 5759 temperabat,
876 5686 916 5742 nti
936 5699 1081 5743 cernerent
1095 5687 1272 5759 viderentque
1296 5703 1392 5743 ornnes
1413 5696 1439 5743 ct
1454 5685 1569 5742 salutem
1593 5685 1728 5759 crrjusqun
