3817 6000
191 304 305 364 009

1626 307 2014 367 EptsTOLAE.

3352 313 3458 373 61⁰

188 423 447 490 homine,
477 422 574 479 sed
601 424 656 480 in
685 422 798 479 Deo
822 423 1066 493 ponitur,
1095 422 1213 495 ipsa
1240 421 1621 481 conditionalis
1645 440 1777 495 pro-
1806 440 1854 500 Α
1880 425 1980 481 das
2005 432 2062 481 et
2087 423 2421 497 colligendas
2447 422 2846 492 demonstrare,
2873 423 3148 496 quoniam·
3177 441 3280 484 nos
3311 427 3460 486 dele-

187 516 395 573 missio
420 531 577 587 aeque
616 528 676 572 ut
706 527 965 575 constans
1001 516 1295 588 promissio
1334 516 1438 572 sub
1465 524 1614 571 tanta
1639 516 1781 572 veri-

186 608 330 666 tatis
381 608 709 664 necessitate
752 609 1165 681 constringitur,
1217 617 1278 665 ut
1329 607 1640 665 inevitabile
1685 607 1778 676 sit,

186 700 335 774 quin
358 699 740 771 adimpleatur.
785 699 854 756 Ut
884 701 1192 773 illud:qu
1233 701 1281 755 si
1326 699 1595 756 exaltatas
1630 700 1780 771 [nero

188 809 231 847 a
255 802 423 860 terra,
458 793 638 847 omnia
669 792 876 848 traham
914 794 984 848 ad
1018 810 1098 849 me
1138 795 1311 865 ipsum
1342 792 1523 865 (Joan.
1550 793 1672 863 xii).
1720 791 1779 848 ln

189 885 291 956 his
310 886 473 942 dictis
510 901 676 943 verax
699 888 919 958 quidem
943 887 1090 945 Deus
1118 889 1551 945 conditionaliter
1571 889 1781 961 promi·-

188 977 293 1042 sit,
323 977 427 1052 [et]
460 979 570 1034 vim
602 980 930 1037 conditionis
958 980 1013 1035 in
1037 981 1215 1053 seipso
1242 982 1445 1052 posuit,
1468 988 1523 1037 et
1555 981 1676 1038 ideo
1705 980 1783 1035 ni-

190 1069 280 1129 hit
311 1069 719 1141 adimplendum
764 1072 834 1128 ab
872 1072 1093 1130 bomine
1135 1074 1487 1145 exspectavit,
1542 1074 1636 1130 sed
1667 1075 1782 1144 ipse

190 1169 402 1228 totum,
429 1165 580 1234 quod
614 1164 771 1232 dixit,
807 1164 1138 1236 adimplevit.
1180 1165 1298 1239 lpse
1337 1182 1574 1240 namque
1620 1176 1783 1240 prout

191 1256 399 1323 voluit,
436 1266 522 1314 est
552 1258 823 1316 exaltatus
851 1275 882 1314 a
911 1269 1078 1327 terra,
1133 1268 1188 1316 et
1242 1276 1390 1317 nunc
1434 1260 1601 1316 trahit
1628 1259 1696 1315 ad
1722 1275 1783 1317 se

189 1348 387 1415 omnia
414 1349 530 1405 sive
573 1364 671 1421 per
716 1352 970 1422 gratiam,
999 1352 1183 1408 omnia
1225 1353 1395 1408 electa
1432 1368 1529 1409 sua
1578 1352 1785 1408 scilicet

189 1442 472 1508 membra,
523 1441 639 1499 sive
696 1458 793 1514 per
822 1445 1119 1516 potentiam
1168 1446 1352 1501 omnia
1389 1453 1500 1501 tam
1551 1445 1781 1516 reproba

187 1546 368 1601 quam
392 1531 585 1600 electa,
611 1533 873 1604 quoniam
896 1535 1010 1605 ipse
1033 1534 1102 1590 ad
1123 1550 1183 1591 se
1204 1534 1614 1606 glorificandum
1639 1550 1786 1590 nune

190 1623 441 1692 ordinat,
471 1632 528 1680 et
563 1625 620 1682 in
655 1625 762 1681 line
781 1626 1129 1698 iudicaturus
1154 1638 1238 1684 est
1264 1628 1468 1684 omnia.

274 1715 514 1774 Semotis
540 1735 689 1778 nunc
714 1720 823 1774 illis
851 1721 1332 1790 promissionibus,
1363 1736 1487 1793 qnae.
1516 1719 1619 1777 sub
1651 1735 1785 1777 eon-

1882 525 1994 573 etat
2031 517 2098 573 ad
2129 532 2368 588 praesens
2409 531 2502 574 eas
2539 516 2738 587 partim
2768 517 3165 588 promissiones
3213 535 3457 577 comme-

1880 625 2121 677 morare,
2172 625 2312 686 quas
2360 610 2479 680 ipsa
2525 608 2739 665 Veritas
2783 610 3065 666 incarnata
3098 624 3194 666 ore
3237 614 3462 683 proprio

1881 702 2103 774 dignata
2129 711 2213 758 est
2239 703 2610 777 promulgare,
2644 714 2705 758 ut
2731 719 2833 758 nos
2862 703 3181 770 habeamus,
3215 704 3360 760 unde
3395 705 3464 759 it-

1880 792 1995 848 lum
2027 794 2493 865 constringamus,
2522 805 2581 850 et
2624 794 2873 865 exemplo
2898 792 3069 850 Jacob
3097 794 3355 851 luctando
3381 805 3466 853 te—

1881 897 2145 951 neamus,
2192 886 2551 956 quoadusque
2596 886 3003 942 benedictiones
3046 900 3274 953 omnes,
3322 903 3465 959 quas

1882 974 2001 1047 ipse
2022 990 2188 1030 verax
2216 977 2489 1046 promisit,
2517 977 2593 1032 illi
2621 985 3048 1049 extorqueamus
3088 995 3187 1050 per
3223 978 3466 1038 fortissi-

1882 1083 2031 1123 mam
2062 1067 2245 1133 tldem,
2277 1084 2385 1139 qua
2432 1071 2707 1127 credimus
2745 1085 2871 1127 eum
2917 1072 2973 1127 in
3017 1073 3367 1130 sermonibus
3408 1083 3465 1131 et

1882 1160 2349 1230 promissionibus
2382 1162 2500 1218 suis
2530 1177 2652 1219 esse
2684 1178 2958 1220 veracem.
2985 1164 3133 1222 Dixit
3168 1175 3351 1223 autem
3376 1165 3466 1222 Ja-

1883 1253 1988 1308 cob
2026 1253 2096 1309 ad
2125 1253 2294 1310 Deum
2337 1273 2351 1309 :
2388 1254 2513 1309 Non
2557 1255 2828 1311 dimittam
2880 1266 2949 1324 te,
2997 1258 3102 1312 nisi
3137 1259 3465 1315 benedixeris

1883 1346 2014 1400 mihi
2039 1345 2191 1418 (Gen.
2232 1349 2429 1419 xxxii).
2461 1346 2619 1415 Quod
2668 1348 2810 1404 idem
2853 1358 2938 1405 est
2976 1366 3041 1407 ac
3089 1351 3137 1406 si
3166 1350 3395 1408 dixisset
3443 1366 3463 1407 ε

1882 1436 2003 1496 Non
2046 1441 2306 1498 desistam
2344 1443 2584 1511 credere,
2627 1442 2758 1499 flere
2807 1453 2971 1515 atque
3020 1460 3235 1517 rogare,
3289 1446 3468 1503 donee

1883 1533 2164 1590 obtineam
2208 1534 2664 1603 benedictionem,
2687 1551 2849 1607 quain
2885 1550 2933 1586 tn
2965 1554 3125 1592 iri-ai:
3162 1539 3466 1606 *pr-nnisisti

1883 1623 2122 1680 Abrahae
2159 1625 2303 1698 patri
2348 1639 2491 1682 meo.
2523 1625 2614 1683 Sic
2638 1628 2740 1683 iste
2766 1625 2933 1682 ἔαρι-,ιη
2967 1630 3017 1682 in
3049 1630 3366 1686 [cisrtitmttme.
3402 1634 3470 1686 ti*

1882 1715 1974 1772 dei
2001 1732 2117 1773 suae
2161 1717 2404 1775 directus
2433 1735 2559 1775 cum
2590 1720 2784 1791 angelo
2805 1722 2949 1775 ssei-tt
2981 1734 3033 1774 nt
3081 1726 3282 1786 ruffi-rit
3318 1742 3442 1778 ι-ςιιτι]
3473 1770 3486 1790 ,

188 1808 501 1867 ditionibus
534 1813 688 1884 qnasi
722 1813 1022 1870 dubitative
1060 1814 1474 1885 promittuntur,
1509 1811 1639 1869 dum
1687 1828 1785 1884 per
1813 1813 1857 1869 B
1885 1808 2030 1864 sicut
2071 1806 2209 1866 Osee
2249 1810 2512 1881 propheta
2545 1818 2797 1880 testatur,
2845 1814 2933 1882 qni
2981 1814 3250 1866 tutaminum
3298 1814 3390 1870 Jnt*
3414 1818 3490 1870 :ab

188 1898 377 1970 ipsam
406 1903 715 1972 pactionem
752 1905 1001 1976 quaedam
1043 1906 1112 1961 ab
1145 1905 1366 1962 homine
1401 1905 1559 1977 quasi
1587 1904 1782 1961 merita

186 1992 577 2064 requiruntur,
627 1995 681 2050 in
721 1995 923 2068 quibus
950 1996 1163 2053 meritis
1191 1996 1563 2067 persolvendis
1591 2010 1782 2052 omnes

188 2083 454 2140 homines
488 2084 779 2143 mendaces
835 2087 1209 2155 inveniuntur,
1258 2102 1361 2143 nos
1405 2087 1462 2141 in
1514 2086 1637 2143 illas
1683 2085 1783 2141 Dei

186 2175 595 2247 promissiones
623 2178 918 2235 anchoram
946 2179 1058 2251 spei
1083 2180 1382 2248 mittamus,
1410 2194 1548 2251 quas
1577 2179 1630 2234 in
1664 2178 1780 2235 sola

188 2266 301 2324 Dei
351 2271 721 2341 promittentis
754 2272 982 2328 veritate
1028 2281 1280 2328 constare
1325 2288 1432 2327 non
1466 2271 1782 2328 dubitamus

193 2358 361 2435 [cod.
393 2362 686 2438 dubitare}
728 2363 867 2420 Cum
918 2364 1065 2420 enim
1109 2364 1445 2437 impossibile
1490 2364 1561 2420 sit
1612 2362 1782 2418 Deum

190 2455 425 2510 mentiri
469 2456 806 2529 loquentem,
854 2458 1027 2513 multo
1079 2458 1255 2530 magis
1310 2456 1646 2528 impossibile
1698 2463 1783 2510 est

193 2549 427 2604 mentiri
451 2548 618 2606 Deum
646 2551 945 2622 jurantem.
987 2550 1083 2608 Est
1112 2569 1243 2624 ergo
1288 2553 1342 2607 in
1370 2568 1430 2609 se
1451 2552 1785 2609 constantis-

194 2641 349 2697 sima
387 2642 603 2707 veritas.
635 2643 724 2699 eui
755 2659 1036 2716 nunquam
1070 2645 1270 2715 poterit
1295 2645 1539 2701 accidere
1562 2651 1617 2700 et
1646 2643 1784 2699 iuci-

192 2732 335 2788 dere
354 2733 533 2806 aliqua
561 2734 790 2792 salsitas.
819 2735 876 2791 ln
901 2737 1003 2792 bac
1021 2735 1115 2793 Dei
1139 2737 1501 2808 promittentis
1526 2746 1784 2793 constan-

194 2824 421 2879 tissima
444 2826 670 2882 veritate
692 2827 879 2885 volens
909 2845 1011 2884 nos
1040 2829 1334 2899 Apostolus
1361 2829 1700 2886 consolidare
1726 2830 1783 2885 in

196 2915 431 2987 epistola
452 2917 521 2973 ad
545 2917 799 2976 Hebraeos
822 2921 895 2976 ita
920 2920 1051 2978 dicit
1078 2939 1093 2977 ι
1126 2919 1377 2976 Homines
1401 2921 1538 2975 enim
1556 2937 1649 2992 per
1669 2937 1784 2976 ma-

195 3009 370 3077 jorem
399 3012 485 3065 sui
500 3012 713 3083 jurant,
750 3023 800 3068 et
826 3015 996 3068 omnis
1043 3015 1410 3071 controversia·
1441 3030 1623 3069 eorum
1658 3015 1781 3084 finis

196 3099 272 3153 ad
293 3102 749 3171 confirmationem
774 3112 853 3158 est
864 3103 1249 3174 juramentum.
1286 3103 1354 3159 In
1377 3121 1479 3176 qno
1505 3104 1784 3159 abnndan-

1884 1899 2043 1970 quasi
2070 1915 2353 1972 exponens
2405 1902 2509 1958 boc
2536 1901 2762 1970 indicat,
2789 1906 2913 1973 qnia
2949 1922 3069 1958 nnn·
3109 1906 3214 1954 tta-n
3254 1906 3374 1960 tin-t,-
3402 1926 3490 1966 ms

1882 1991 2031 2062 fievt'l
2053 2000 2103 2046 el
2129 1993 2333 2063 roqattt‘t
2369 2008 2489 2046 eum
2519 1990 2667 2050 (Oce.
2700 1995 2821 2062 ιιι).
2865 1994 2969 2047 itm.
3013 1998 3178 2047 niis-¹1!
3218 1998 3358 2051 Vim-t
3390 2014 3406 2055 ι
3434 2010 3490 2055 :gt

1884 2084 2117 2156 rogavit,
2147 2093 2208 2139 ut
2229 2084 2627 2141 benedictionis
2652 2085 2877 2142 verbum
2909 2091 3077 2151 tivit-1,
3105 2091 3250 2159 qnod
3286 2103 3354 2143 tat
3378 2111 3486 2147 mn

1882 2174 2259 2232 indubitanter
2294 2177 2545 2242 eredidit,
2574 2178 2704 2249 quia
2745 2179 2917 2243 ssew-t,
2953 2183 3210 2251 qnoniam
3246 2199 3330 2235 rm
3362 2199 3490 2239 ista*

1883 2270 1980 2326 bat
2019 2270 2096 2326 illi
2133 2269 2269 2342 (22),
2306 2269 2452 2342 quod
2495 2271 2638 2326 Deus
2678 2286 2837 2327 verax
2889 2279 3190 2343 pron-nisan:-
3234 2291 3318 2327 ttw.
3350 2279 3486 2331 fadar

1883 2361 2004 2418 fleri
2034 2377 2143 2417 non
2171 2362 2363 2432 possit.
2400 2361 2675 2428 Attamen,
2705 2371 2769 2418 ut
2802 2367 2933 2428 dixi,
2965 2371 3101 2419 itm-it
3141 2379 3190 2419 ot
3234 2383 3310 2426 rin
3334 2371 3490 2437 nii-it,

1884 2454 2013 2526 quia
2044 2437 2303 2510 nimirum
2334 2454 2388 2510 id
2418 2455 2620 2526 ipsum,
2645 2455 2790 2527 quod
2821 2459 2961 2511 limis
2993 2463 3258 2527 proruitur
3294 2507 3302 2527 ‚
3338 2479 3494 2515 sinn*

1884 2546 1991 2601 mis
2008 2545 2282 2617 precibus,
2307 2546 2514 2602 intimis
2544 2547 2761 2603 fletibus
2789 2563 2822 2602 a
2850 2563 2908 2604 se
2933 2548 3050 2604 vult
3069 2549 3235 2620 exigi,
3289 2560 3346 2606 ct
3370 2551 3495 2607 vel·

1884 2649 1947 2696 ut
1991 2657 2088 2713 per
2130 2642 2404 2714 quoddam
2445 2643 2717 2699 luctamen
2747 2644 3003 2701 obtineri.
3036 2642 3193 2701 Unde
3236 2655 3322 2702 iit
3352 2645 3492 2701 lide·

1883 2733 2022 2790 lium
2068 2751 2258 2806 preces
2298 2745 2461 2807 atque
2505 2735 2663 2792 fletus
2701 2737 2901 2792 excitet
2946 2736 3287 2807 aliquando,
3331 2739 3493 2809 quasi

1885 2841 2039 2882 more
2077 2827 2355 2892 luctantis,
2385 2827 2516 2882 dum
2538 2842 2664 2882 eum
2702 2840 2769 2882 ex
2798 2826 2901 2882 fide
2938 2827 3394 2897 promissionum
3417 2838 3501 2885 te-

1885 2933 2102 2986 nemus,
2130 2918 2536 2989 quodammodo
2557 2918 2761 2974 excutit
2783 2934 2841 2974 se
2867 2918 2933 2974 de
2959 2918 3214 2974 manibus
3261 2921 3499 2986 nostris,

1885 3010 2091 3082 aliquid
2121 3011 2339 3067 evenire
2387 3011 2596 3080 sinens,
2647 3010 2793 3082 quod
2842 3011 3090 3066 videatur
3121 3011 3370 3068 obviare
3423 3018 3511 3069 ac'

1887 3120 2194 3177 repugnare
2224 3104 2340 3160 suis
2371 3101 2850 3175 promissionibus.
2901 3099 2992 3159 Sic
3034 3101 3266 3160 lactuni
3308 3112 3392 3160 est
3434 3104 3493 3159 in

200 3193 310 3247 tias
353 3194 528 3249 volens
554 3193 695 3249 Dens
729 3196 995 3250 ostendere
1044 3195 1446 3267 pollicitationis
1488 3197 1781 3252 hoeredibns
1886 3197 2144 3269 conjugio
2171 3196 2344 3262 Isaac,
2380 3196 2497 3266 qui,
2525 3195 2811 3252 ordinante
2854 3194 2986 3262 Deo,
3033 3195 3298 3252 sterilet'm
3328 3212 3489 3253 aece-

198 3283 629 3340 immobilitatem
657 3285 868 3340 consilii
907 3286 1010 3353 sni,
1038 3288 1349 3358 interposuit
1377 3286 1782 3357 jusjurandum,

200 3386 260 3432 stt
290 3392 385 3446 per
428 3376 565 3432 dnas
613 3394 693 3433 res
746 3380 1061 3448 immobiles,
1107 3380 1294 3451 quibus
1341 3378 1662 3450 impossibile
1706 3388 1784 3436 est

201 3469 420 3523 ntentiri
452 3468 644 3538 Deam,
675 3470 1023 3541 fortissimam
1070 3472 1320 3526 solatiam
1347 3472 1653 3539 habeamus,
1692 3472 1782 3544 qni

200 3561 537 3633 eonsaqimus
562 3562 633 3617 ad
656 3564 932 3621 tenendam
953 3565 1275 3637 propositam
1290 3581 1453 3636 spem,
1467 3581 1626 3637 quam
1642 3566 1795 3620 sicut·

199 3654 491 3711 anchoram
509 3656 792 3713 habeamus
817 3661 1009 3714 animoe
1040 3669 1210 3714 tutam
1225 3675 1287 3713 ac
1303 3660 1536 3729 firmam,
1561 3668 1611 3713 et
1637 3658 1772 3712 ince-

194 3749 411 3805 dentem
430 3750 500 3804 ad
519 3749 771 3805 interiora
786 3750 1082 3819 velaminis,
1101 3750 1191 3806 nbi
1204 3767 1500 3824 proeearsor
1514 3767 1610 3823 pro
1631 3751 1781 3806 nobis

197 3840 412 3896 introiit
441 3840 598 3897 Iesus
638 3842 925 3897 secundum
966 3843 1201 3898 ordinem
1234 3842 1609 3899 Melchisedech
1645 3859 1780 3914 pon·

196 3932 338 4005 tifex
379 3934 552 4005 [actus
579 3936 633 3990 in
666 3946 920 3991 atter-num
963 3934 1149 4007 (Hebr.
1195 3936 1292 4009 vt).
1336 3935 1541 3993 Revera
1579 3936 1666 3993 hic
1698 3947 1783 3994 est

195 4024 441 4095 pontifex
497 4024 552 4079 in
605 4034 894 4091 aeternum,
938 4025 1033 4096 qui
1074 4041 1299 4081 suarum
1353 4026 1779 4097 promissionum

199 4116 683 4174 inconvulsibilem
702 4118 985 4174 veritatem
1010 4119 1169 4175 nobis
1197 4129 1417 4191 pontem
1447 4118 1574 4176 feeit
1597 4120 1666 4175 ab
1696 4119 1781 4178 liis

199 4209 443 4268 miseriis
480 4210 536 4265 in
586 4226 744 4268 suam
781 4211 1161 4269 aeternitatem.
1213 4211 1351 4269 Cum
1387 4214 1534 4269 enim
1560 4214 1634 4268 sit
1665 4214 1782 4285 ipse

195 4305 591 4377 justificandus
621 4305 677 4360 in
699 4306 816 4362 suis
841 4305 1209 4373 sermonibus,
1246 4320 1470 4362 neeesse
1511 4314 1595 4362 est
1625 4305 1777 4360 illum

200 4396 439 4453 inveniri
464 4412 714 4453 veracem
743 4396 799 4451 in
827 4398 943 4453 suis
967 4396 1140 4453 firmis
1167 4397 1642 4468 promissionibus.

277 4486 349 4545 Ut
384 4499 565 4545 autem
596 4505 699 4547 nos
724 4504 789 4546 ex
826 4490 1011 4545 multis
1036 4487 1130 4545 Dei
1159 4488 1614 4560 promissionibus
1640 4504 1781 4559 pau-

197 4598 299 4639 cas
325 4583 667 4655 colligamus,
714 4597 810 4638 eas
843 4583 1084 4638 contenti
1130 4597 1323 4637 sumus
1364 4596 1585 4651 ponere,
1642 4596 1780 4651 quas

200 4676 364 4733 facile
394 4677 619 4747 possitis
642 4675 905 4733 memoria
929 4675 1184 4731 retinere.
1225 4673 1453 4742 Quando
1492 4673 1560 4730 ad
1606 4673 1779 4731 Deum

198 4769 386 4826 dicitis
418 4787 433 4825 :
465 4777 526 4823 nt
544 4768 881 4839 justificeris,
912 4767 1158 4835 Domine,
1191 4767 1247 4821 in
1280 4767 1606 4821 sermonibus
1651 4767 1777 4832 tais,

198 4862 570 4921 subauditur:
608 4862 851 4917 miserere
891 4863 1014 4917 mei.
1066 4859 1357 4917 Sermones
1392 4860 1780 4917 constantissi-

196 4972 417 5013 marum
450 4956 876 5029 promissionum
905 4957 963 5013 hi
992 4963 1120 5013 sunt
1153 4975 1167 5011 ε
1204 4973 1223 5007 c
1252 4954 1386 5011 Ecce
1409 4972 1501 5027 eqo
1543 4957 1653 5026 ipse
1698 4972 1779 5010 re-

195 5052 412 5125 quiram
441 5067 556 5107 oves
589 5067 753 5119 meas,
786 5062 836 5108 et
876 5050 1097 5106 visitabo
1125 5066 1236 5117 eas,
1294 5051 1429 5105 sicut
1474 5050 1653 5104 visitat
1682 5066 1780 5120 pa-

199 5150 318 5199 stor
361 5158 567 5214 qreqem
603 5159 777 5199 snam.
827 5142 980 5210 Quod
1025 5143 1272 5214 perierat,
1310 5143 1602 5214 requiram5
1641 5143 1779 5214 quod

198 5234 465 5304 abjectam
519 5236 716 5305 Inerat,
772 5236 1052 5301 reducam,·
1104 5235 1243 5306 quod
1298 5235 1625 5304 confractum
1665 5236 1783 5305 [ae-

199 5336 320 5396 ναι,
356 5328 731 5394 consolidabo,·
783 5337 835 5383 et
878 5330 1017 5400 qnod
1061 5330 1252 5400 pinque
1290 5339 1340 5383 et
1390 5330 1544 5400 torte,
1600 5339 1778 5383 ensto-

199 5420 353 5475 diam
390 5420 606 5492 (Ezech.
633 5421 842 5494 xxxiv).
889 5420 1086 5479 Multas
1115 5424 1169 5478 in
1198 5423 1346 5479 bunc
1375 5420 1596 5477 modum
1628 5423 1777 5478 desi-

200 5512 477 5570 derabiles
510 5513 903 5583 promissiones
937 5513 1226 5570 invenietis
1259 5514 1313 5568 in
1343 5513 1776 5570 extremitatibus

199 5608 618 5678 prophetarum,
649 5624 788 5680 quas
821 5608 1059 5665 contenti
1103 5625 1296 5667 sumus
1335 5608 1445 5666 illie
1489 5608 1775 5680 requiren-

202 5803 206 5810 ’
273 5793 390 5867 (221
428 5794 588 5865 cod„
616 5801 917 5852 constanter
941 5791 1045 5847 illi.

1887 3293 1967 3363 pit
1999 3307 2252 3348 uxorem.
2278 3289 2449 3361 Cujus
2485 3290 2741 3342 nimirum
2785 3286 3042 3342 steriiitns
3074 3290 3206 3338 vidi-³!
3242 3302 3378 3342 nitur
3406 3290 3486 3342 nt*-

1885 3383 2087 3441 sectum
2143 3384 2340 3439 divinae
2394 3382 2773 3454 prunnaainms
2829 3382 3106 3450 impedire.
3170 3382 3182 3450 1
3230 3382 3306 3450 Et]
3358 3386 3486 3450 qnia

1883 3478 2218 3549 promissum
2251 3475 2430 3532 suerat
2453 3490 2637 3530 senten
2665 3474 2893 3528 Abrahae
2921 3490 3014 3542 fini·
3050 3474 3198 3526 tanne
3254 3478 3486 3526 dilatan-

1883 3570 2039 3637 dum,
2090 3578 2303 3640 poterat
2348 3570 2501 3639 quasi
2561 3586 2789 3622 arsurus
2837 3570 2901 3622 de
2957 3570 3050 3622 Lini
3102 3582 3182 3638 prr
3229 3570 3490 3622 missione

1883 3661 2213 3717 dormivisse
2244 3658 2394 3716 Isaac
2417 3671 2465 3716 et
2505 3663 2805 3731 inplexisst:
2837 3663 3022 3715 nitoris
3050 3659 3186 3715 t'ffln
3218 3663 3486 3715 mitatem.

1885 3759 1994 3816 Sed
2024 3773 2135 3814 non
2165 3758 2238 3813 ita
2264 3756 2379 3812 [leri
2400 3759 2661 3828 oportuit..
2689 3759 2813 3827 qnia
2853 3758 3022 3827 ipsam
3050 3771 3178 3807 sinat·
3210 3773 3230 3811 J
3258 3759 3494 3827 prontis-

1882 3854 2094 3909 sionem
2126 3866 2221 3908 seu
2246 3850 2409 3906 etiam
2461 3851 2990 3919 piandos!insti-&metti
3026 3851 3162 3903 lit-tis
3218 3867 3246 3903 a
3282 3867 3336 3903 se
3370 3867 3490 3919 pri:-

1881 3945 2039 4001 cibus
2086 3953 2140 3999 et
2181 3940 2465 3998 desideriis
2497 3943 2729 3991 ntninnri
2773 3939 3062 4007 dispar-snit.
3122 3939 3158 3987 [1
3202 3955 3258 3995 31:
3306 3943 3490 3995 sitietis

1880 4037 2034 4095 Isaac
2074 4036 2396 4108 deprecatus
2441 4041 2527 4089 est
2553 4030 2846 4086 Dominum
2876 4045 2977 4102 pro
3018 4045 3166 4086 uxor·
3197 4041 3217 4087 Ξ
3253 4045 3376 4098 sua,
3419 4045 3499 4086 eo

1882 4129 2033 4203 quod
2060 4136 2204 4185 esset
2226 4127 2446 4185 sterilis.
2477 4125 2542 4181 Et
2563 4123 2841 4183 exaudivit
2866 4138 2991 4180 eum
3019 4120 3157 4178 Deus
3194 4164 3212 4191 ,
3231 4122 3492 4193 deditque

1880 4231 2206 4294 conceptum
2263 4219 2544 4277 Rebeccae.
2580 4216 2711 4273 Sine
2760 4215 2927 4272 dubio
2969 4224 3079 4270 tam
3130 4214 3159 4269 iz
3191 4226 3260 4273 ite
3312 4214 3491 4280 isaac,

1879 4334 2045 4392 quam
2070 4315 2213 4371 tilius
2240 4313 2413 4385 ipsius
2439 4310 2607 4367 Jacob
2630 4310 2871 4366 luctatus
2895 4318 2981 4364 est
3009 4323 3132 4364 cum
3192 4306 3326 4373 Deo,
3358 4320 3492 4378 pro·

1878 4408 2162 4466 missionis
2211 4405 2463 4462 eflectum
2511 4402 2918 4475 quodammodo
2973 4399 3157 4471 precib
3175 4398 3255 4456 ‘ns
3306 4407 3495 4455 extor-

1810 4516 1855 4571 1)
1883 4516 2061 4572 quens
2096 4498 2166 4554 ab
2194 4512 2281 4554 eo.

1955 4594 2069 4662 Sic,
2096 4609 2130 4650 o
2154 4591 2527 4650 dilectissimas
2553 4589 2679 4646 sstiae
2717 4602 2933 4661 regum,
2962 4586 3086 4641 tiliae
3111 4600 3141 4655 r
3179 4584 3491 4641 atriarclia-

1880 4704 2027 4755 rum,
2071 4701 2196 4743 cnm
2248 4683 2359 4739 Deo
2408 4683 2753 4748 luctantium,
2780 4688 2835 4735 et
2877 4694 2974 4734 vos
3020 4677 3133 4733 luet
3175 4673 3331 4731 imini
3362 4688 3491 4729 cum

1880 4780 2101 4836 Christo
2129 4776 2382 4849 precibus
2407 4783 2460 4830 et
2482 4773 2765 4830 desideriis
2792 4787 2855 4827 ac
2878 4767 3134 4841 lacrymis
3199 4782 3296 4837 per
3326 4763 3491 4821 fidem

1881 4870 2258 4943 extorquendo
2301 4869 2371 4925 ab
2411 4870 2549 4939 ipso,
2576 4875 2639 4921 ut
2677 4864 2973 4935 adimpleat
3011 4870 3131 4917 nost
3169 4861 3247 4917 ris
3291 4858 3345 4913 in
3375 4857 3492 4913 die-

1880 4962 2006 5030 bus,
2052 4958 2316 5032 quidquid
2361 4958 2543 5014 adhuc
2586 4964 2756 5011 restat
2789 4950 3231 5023 adimplenduan
3274 4949 3344 5006 de
3370 4946 3497 5003 suis

1880 5052 2362 5125 promissionibus.
2399 5048 2657 5105 Promisit
2687 5056 2866 5103 autem
2911 5046 3027 5116 ipse
3069 5043 3122 5099 di
3164 5057 3293 5099 cens
3331 5060 3344 5095 :
3377 5037 3488 5109 qu

1880 5150 1929 5203 si
1965 5146 2232 5202 exaltatus
2261 5145 2409 5216 [aero
2438 5160 2471 5198 a
2514 5154 2676 5208 terra,
2715 5142 2894 5196 omnia
2918 5138 3128 5195 traham
3192 5135 3265 5189 ad
3297 5149 3377 5187 me
3403 5133 3489 5201 ip·

1880 5259 1999 5298 sum
2034 5241 2218 5315 (Joan.
2242 5240 2366 5311 xii).
2391 5237 2458 5294 Et
2479 5253 2607 5294 ecce
2634 5251 2736 5294 nos
2757 5236 2936 5291 adhue
2962 5233 3119 5288 trabit
3157 5245 3266 5287 nur
3289 5225 3490 5283 multo-

1881 5334 1984 5391 ties
2038 5333 2108 5388 ab
2159 5332 2278 5403 ipso
2325 5339 2447 5402 post
2495 5338 2745 5406 nostrum
2794 5326 3179 5382 desiderium..
3233 5320 3497 5376 Dicamus

1879 5442 2010 5499 ergo
2037 5426 2114 5481 illi
2139 5445 2153 5481 :
2192 5424 2331 5483 Eece
2361 5436 2415 5480 tu
2445 5424 2715 5480 exaltatus
2744 5437 2804 5478 es
2829 5437 2861 5476 a
2887 5429 3056 5486 terra,
3083 5425 3117 5471 ti
3149 5415 3273 5472 fabe
3300 5412 3496 5482 itaque

1878 5537 1982 5576 nos
2004 5529 2127 5590 post
2154 5528 2206 5577 te
2244 5520 2312 5576 ad
2350 5530 2422 5586 te,
2448 5527 2507 5573 nt
2525 5516 2840 5588 justificeris
2874 5516 2930 5569 in
2964 5529 3113 5571 serm.
3152 5508 3327 5565 ntibns
3357 5505 3491 5562 tuis.
3572 5574 3577 5580 ,

1880 5611 1962 5667 Tu
1991 5613 2176 5671 dixisti
2206 5613 2273 5670 de
2301 5612 2495 5669 ovibus
2535 5610 2643 5667 tuis
2667 5610 2897 5681 loquens
2926 5626 2940 5664 ε
2972 5604 3084 5679 Eoo
3156 5602 3297 5671 reni,
3325 5608 3383 5657 ut
3403 5598 3495 5657 vi-

3065 5839 3072 5843 ·
3155 5800 3172 5885 ὃ
