3817 6000
157 219 211 277 799
635 214 787 276 trullum
805 213 1003 272 euneoslrl
1022 213 1301 274 nutununseuno.
1728 216 1784 270 800

155 335 225 401 bris,
240 331 268 388 in
282 332 336 388 tuis
358 330 482 388 minimis
501 331 690 403 persequendo
711 331 944 403 vituperaverunt.
961 337 982 396 Α
997 348 1046 388 uus
1070 332 1098 386 in
1123 332 1198 400 coelo,
1218 333 1291 404 quod
1314 330 1413 388 seclum
1435 339 1478 388 est
1498 331 1571 387 tedes
1592 330 1659 401 ejus.
1684 331 1785 388 Anima

155 437 184 483 et
197 424 324 481 inimicos
341 432 403 480 tuos
419 423 609 490 laudaverunt,
623 438 725 494 eosque
741 425 800 481 suis
819 425 945 482 laudibus
995 424 1068 480 enim
1083 424 1152 495 justi
1173 423 1251 481 sedes
1274 431 1316 480 cst
1339 424 1490 495 sapientire,
1505 433 1532 480 ct
1557 424 1615 496 ipsa
1639 424 1785 496 sapientia,

158 518 187 572 in
204 516 333 589 regalem,
355 518 413 572 site
427 516 623 573 sacerdotalem
639 516 798 587 dignitatem
812 518 943 574 sublima·
996 531 1058 587 quae
1072 515 1144 572 Deus
1156 523 1208 581 est,
1227 516 1293 573 dicit
1307 534 1314 571 :
1332 533 1342 568 r
1357 515 1464 572 coetum
1480 515 1547 571 rniiri
1562 515 1641 572 sedes
1652 524 1694 572 cst
1710 517 1784 588 (Act.

159 619 267 667 rerunt.
284 608 318 666 Et
331 611 385 666 boe
397 624 505 680 semper
518 609 642 665 nituntur
655 608 771 677 efficere,
785 626 819 666 ne
842 620 869 666 tu
884 611 946 666 lau·
995 622 1045 675 tu,
1068 606 1124 678 19).
1152 626 1162 661 r
1185 606 1215 663 ln
1243 607 1349 679 magnis
1374 608 1466 678 itaque
1480 607 1581 664 sanctis
1603 615 1732 678 tanquam
1754 609 1787 664 in

158 702 244 766 deris,
261 719 296 757 ne
310 710 338 756 tu
362 699 518 757 sublimeris
534 698 561 753 in
576 698 631 756 tuis
652 699 783 768 minimis,
802 716 837 756 ne
850 710 879 756 tu
902 717 948 757 sa·
997 701 1093 770 teurplo
1114 715 1174 766 cuc,
1197 709 1329 770 tanquam
1350 700 1378 753 in
1392 698 1457 753 eoelo
1478 697 1611 754 Dominus
1624 699 1683 770 ipse
1695 700 1785 757 sedet.

161 792 377 859 secundumn!
393 807 506 863 repnum
520 790 547 845 iu
560 790 616 846 tuis
627 790 749 847 minimis
760 790 945 857 administres,
997 789 1085 862 litque
1097 789 1160 847 inde
1174 790 1245 845 oculi
1257 790 1315 859 ejus
1327 790 1354 845 iu
1367 806 1508 861 pauperem
1526 791 1679 862 respiciunt,
1698 790 1725 848 id
1740 799 1788 847 est

160 887 321 958 voluntque,
337 895 369 942 ut
384 893 412 941 tu
432 899 540 955 semper
554 884 607 941 sub
625 883 793 955 principibus
819 885 947 940 sacerdo·
998 881 1027 937 in
1048 882 1198 953 quemlibet
1221 881 1329 937 lidelem
1356 880 1462 952 tenrplo,
1481 891 1509 937 et
1527 882 1592 937 coelo
1614 881 1784 940 inferiorem.

162 988 220 1035 tum
236 979 314 1035 duna
337 986 365 1033 et
386 976 502 1047 Cnipba,
520 984 548 1031 et
561 976 614 1032 sub
633 975 771 1046 judicibus
787 974 893 1033 llerode
916 991 948 1034 ac
998 973 1056 1031 lloc
1071 974 1137 1031 dicit
1149 977 1252 1048 justus,
1269 978 1321 1034 boc
1336 978 1372 1033 ita
1387 993 1448 1033 esse
1463 978 1548 1034 credit
1565 978 1667 1048 justus,
1682 987 1710 1035 et
1720 980 1787 1036 inde

159 1067 248 1125 Pilato
262 1068 398 1125 similibus
410 1068 503 1138 jaceas
515 1082 673 1138 oppressus,
689 1075 818 1139 tanquam
840 1075 869 1122 tu
893 1082 948 1123 non
998 1068 1085 1123 multa
1100 1068 1125 1124 ci
1140 1068 1302 1136 consolatio,
1316 1070 1428 1141 quando
1446 1085 1495 1142 per
1517 1070 1625 1127 iarorcs
1649 1071 1786 1127 malorum

160 1161 201 1217 sis
211 1176 259 1215 rex
271 1169 353 1230 atquc
364 1156 497 1229 pontiler.
512 1157 557 1213 cui
573 1157 625 1212 soli
637 1156 712 1228 (quia
727 1157 754 1212 in
769 1157 879 1213 nornine
891 1155 947 1213 llo·
998 1162 1134 1217 exaltatur
1147 1162 1276 1233 injustus.
1294 1162 1352 1218 Scit
1366 1162 1452 1230 enim,
1467 1162 1531 1233 quia
1542 1171 1788 1234 quantumcunque

162 1253 229 1308 nrini
252 1251 361 1323 venisti)
385 1260 428 1307 est
445 1249 655 1306 honordebitus
669 1248 704 1305 ab
723 1248 851 1305 omnibus
872 1263 950 1304 reve·
999 1254 1063 1309 mali
1084 1254 1238 1311 exaltentur
1252 1264 1278 1313 ct
1294 1256 1518 1328 multiplicentur,
1544 1263 1635 1311 umen
1656 1254 1787 1312 Dominus

163 1354 254 1401 rentcr
279 1341 488 1415 impendendus.
512 1340 552 1397 'lu
578 1343 715 1399 etiamen
740 1356 788 1398 ore
809 1341 949 1413 apostolo·
999 1347 1083 1402 estin
1108 1349 1203 1419 templo
1222 1357 1313 1404 sancte
1334 1366 1394 1417 suc,
1416 1347 1545 1404 Dominus
1565 1349 1594 1404 iu
1615 1349 1689 1418 retr,
1715 1351 1789 1408 sicut

162 1453 223 1493 rum
245 1437 447 1510 quodammodo
472 1434 618 1491 infantium
644 1435 720 1506 (quia
750 1435 901 1505 piscatores
923 1442 951 1491 et
998 1437 1054 1509 jam
1065 1441 1221 1511 expositum
1235 1451 1286 1497 est.

164 1530 303 1601 simplices
317 1534 406 1599 erant)
428 1527 566 1601 perfecisti
581 1527 699 1594 laudern,
723 1527 833 1598 cquando
856 1527 951 1583 lauda·
1035 1531 1142 1588 Aliter:
1159 1530 1225 1600 Vos,
1241 1534 1288 1605 qui
1309 1533 1483 1591 destruxistis
1505 1534 1624 1601 laudern,
1647 1550 1730 1607 quam
1752 1551 1789 1591 ex

163 1629 261 1677 rerunt
274 1630 302 1677 ct
314 1622 454 1693 elegerunt
470 1618 639 1690 Stephanum
660 1617 750 1672 uirum
764 1618 874 1688 plenum
887 1617 950 1687 lide,
1002 1638 1050 1680 ore
1070 1623 1216 1680 infantium
1233 1624 1347 1697 perfecit
1368 1626 1509 1694 Dominus,
1523 1626 1659 1695 noluistis,
1674 1643 1725 1684 nec
1739 1627 1790 1683 ad·

164 1721 192 1768 et
207 1711 312 1783 Spiritu
327 1723 422 1769 sancto
443 1710 558 1767 sormam
574 1710 670 1766 danus
693 1710 835 1768 electionis
858 1711 887 1767 in
909 1712 951 1768 di·
965 1726 988 1782 Β
1002 1715 1057 1772 lruc
1079 1716 1163 1774 uultis
1183 1716 1273 1788 justes
1295 1720 1499 1788 commendare,
1520 1721 1583 1791 quia
1607 1719 1724 1777 lortassc
1738 1736 1790 1777 vos

165 1806 316 1878 quitatibus
340 1805 544 1872 ecclesiasticis,
567 1813 597 1860 ut
619 1804 647 1860 bi
672 1804 846 1875 potissimum
869 1804 953 1878 elige·
1003 1809 1184 1879 offenderunt,
1210 1820 1238 1868 et
1261 1811 1402 1868 offendunt
1420 1812 1500 1884 justi,
1522 1813 1622 1884 quibus
1644 1813 1792 1884 displicent

165 1910 263 1958 rentur
275 1911 302 1958 et
323 1902 511 1969 laudarentur,
533 1901 580 1972 qui
604 1899 668 1967 llde,
682 1914 715 1954 ac
729 1897 832 1969 Spiritu
856 1908 952 1956 saneto
1003 1916 1086 1972 opera
1100 1913 1189 1959 restra
1206 1903 1320 1973 injusta,
1336 1904 1448 1975 quibus,
1473 1904 1538 1959 dum
1555 1919 1610 1960 non
1636 1906 1791 1961 communi·

163 1994 239 2065 pleni
254 1994 452 2050 invenirentur.
476 1992 529 2050 Sed
551 1994 610 2049 hec
633 2002 679 2050 tua
694 1992 902 2063 institutaque
922 2000 953 2048 tu
1003 2006 1077 2063 cant,
1103 1997 1190 2069 tnagis
1212 2006 1304 2052 sutem
1328 1997 1496 2069 redarguunt
1517 1996 1596 2067 justi,
1619 1997 1687 2053 irunt
1710 1997 1790 2054 uobis

165 2101 200 2143 er
225 2101 274 2142 ore
297 2085 485 2157 apostolorum
515 2085 659 2158 perfecisti,
686 2084 730 2142 isti
754 2085 951 2153 destruxerunt,
1003 2087 1120 2151 molesti,
1136 2087 1201 2143 dum
1225 2086 1342 2143 irrrtrssc
1356 2088 1467 2144 modurn
1490 2088 1790 2145 exceduntrosincre-

166 2177 215 2250 qui
229 2179 315 2246 carni,
328 2186 356 2233 et
369 2177 565 2249 sangnini,qui
579 2193 692 2250 rcqnum
710 2177 758 2233 liei
783 2192 839 2233 non
863 2177 950 2251 possi·
1003 2180 1103 2251 pando.
1119 2181 1172 2237 Sed
1196 2182 1241 2237 ille
1263 2198 1335 2238 unus
1358 2181 1461 2252 justus,
1479 2180 1526 2252 qui
1549 2181 1722 2253 singulariter
1746 2188 1792 2240 cst

165 2271 249 2338 debit,
267 2285 317 2341 pro
331 2271 472 2327 nobilitate
485 2271 591 2339 muudi,
606 2285 654 2329 seu
670 2271 723 2329 alia
738 2281 845 2328 terrena
869 2285 951 2328 eausa
1001 2272 1104 2343 justus,
1118 2272 1176 2344 ipse
1190 2274 1317 2330 uidelicet
1328 2272 1465 2338 Christus,
1481 2272 1545 2344 quid
1560 2271 1635 2340 iecit,
1654 2273 1719 2343 quid
1741 2288 1791 2329 ro·

166 2363 261 2420 laudes
274 2364 509 2432 acclamaverunt,
518 2379 566 2421 cos
577 2364 762 2435 promerendo
772 2365 806 2420 ad
822 2365 951 2430 bonores,
1004 2363 1046 2420 lris
1060 2365 1125 2420 reali
1138 2381 1259 2437 unquam
1274 2364 1383 2421 intulit?
1395 2364 1424 2420 ln
1438 2380 1493 2436 quo
1508 2365 1576 2419 iram
1590 2372 1709 2421 restrarn
1723 2380 1791 2420 eon·

167 2456 215 2527 qni
239 2457 325 2513 dnnoe
347 2466 376 2513 et
395 2456 516 2528 Caipbae,
540 2457 583 2513 rel
605 2456 704 2512 llerodi
721 2472 753 2513 ac
776 2456 864 2512 Pilato
889 2463 954 2512 sunt
1005 2466 1047 2513 tra
1062 2474 1092 2515 sc
1106 2460 1274 2529 procurarit,
1290 2467 1320 2515 ut
1334 2475 1366 2515 ca
1386 2458 1545 2524 destruatis,
1568 2472 1630 2529 quae
1652 2458 1710 2527 ipse
1725 2472 1791 2528 pcr-

166 2550 335 2607 ronsimiles.
360 2548 400 2606 ltu
423 2551 472 2617 illi,
488 2567 547 2623 que
562 2558 591 2606 tu
607 2550 752 2622 perfecisti,
767 2550 953 2606 destruxerunt
1005 2548 1085 2606 iecit?
1095 2548 1124 2605 ln
1138 2565 1193 2622 quo
1207 2552 1317 2620 meruit,
1332 2561 1362 2607 ut
1375 2550 1499 2607 exaltetis
1511 2549 1636 2605 iuimicus
1649 2549 1710 2621 ejus
1724 2564 1791 2604 con·

167 2642 314 2712 laudando,
330 2658 391 2714 qnae
406 2651 434 2698 tu
448 2658 502 2698 non
516 2642 621 2698 laudas.
1004 2651 1047 2698 tra
1061 2643 1150 2714 ipsum
1165 2643 1200 2699 ad
1216 2645 1268 2700 boe
1284 2644 1418 2699 studendo
1432 2657 1550 2715 semper,
1570 2651 1600 2696 ut
1622 2641 1715 2697 sedeat
1737 2640 1792 2695 ini·

201 2733 298 2791 lustris
310 2746 398 2790 autem
410 2736 474 2807 quid
493 2735 575 2805 serit?
595 2732 723 2806 Numquid
735 2733 836 2804 justus,
853 2731 880 2787 in
900 2728 954 2787 lio-
1005 2736 1094 2792 micus
1109 2736 1169 2805 ejus
1183 2737 1211 2790 in
1227 2735 1322 2806 tenrplo
1335 2745 1426 2791 rurrrtn
1445 2735 1502 2806 ejus
1516 2733 1663 2790 ostendens
1675 2748 1714 2800 se,
1728 2741 1791 2787 tun·

168 2828 244 2882 mino
265 2827 405 2884 conlidens
424 2827 534 2898 injustis
555 2826 602 2883 lici
629 2825 737 2882 laudem
748 2823 953 2882 destruentibus
1005 2842 1088 2899 quarn
1112 2828 1147 2882 sir
1161 2826 1253 2883 Deus?
1279 2826 1471 2883 verumtamen
1494 2826 1592 2892 uelitis,
1610 2823 1714 2890 nolitis,
1736 2822 1792 2877 ltn-

168 2919 328 2974 consensit?
339 2919 431 2973 nostrl
454 2918 525 2984 Quid
548 2933 614 2990 ergo
626 2918 699 2988 lecit,
714 2915 825 2988 quando
843 2915 954 2986 iniquos
969 2924 978 2938 ⁹
1006 2920 1093 2975 minus
1105 2919 1133 2973 iu
1145 2919 1240 2989 templo
1252 2928 1343 2975 cuncto
1354 2936 1402 2974 sue
1415 2935 1424 2974 :
1439 2919 1567 2973 Dominus
1582 2919 1610 2972 iu
1623 2917 1697 2971 cralo.
1713 2914 1792 2972 Sicut

169 3009 238 3065 vidit
252 3011 398 3080 prevalere
421 3011 448 3066 in
471 3010 587 3081 alicujus
609 3009 685 3080 impii
706 3009 889 3080 promotione,
905 3021 952 3063 scu
1005 3024 1100 3065 rerum
1123 3020 1175 3077 est,
1192 3010 1266 3081 quod
1289 3009 1418 3065 dominus
1440 3018 1479 3064 est
1500 3010 1528 3063 iu
1552 3007 1657 3079 templo,
1677 3008 1790 3063 uerbum

169 3099 297 3157 salsitatis
311 3100 479 3157 assertione?
493 3101 574 3168 Quid,
593 3101 717 3172 inquam,
731 3101 794 3171 [ecit
815 3099 860 3155 ille
883 3070 989 3163 iniu-c
1005 3100 1033 3157 in
1056 3116 1160 3157 earne:
1184 3103 1224 3160 sie
1245 3116 1340 3157 rerurn
1366 3111 1418 3168 cst,
1437 3100 1510 3173 qued
1536 3100 1676 3168 Domitius,
1701 3100 1727 3156 id
1749 3110 1794 3156 est

171 3203 239 3259 stus,
255 3194 302 3264 qui
318 3194 404 3249 rroluit
421 3194 553 3266 injustum
569 3194 716 3259 laudando,
728 3193 770 3248 rel
788 3207 838 3263 pro
858 3205 955 3246 mune·
1005 3193 1089 3249 borno
1105 3194 1132 3248 in
1147 3193 1232 3250 Deum
1246 3204 1414 3265 assumptus,
1432 3204 1473 3249 est
1495 3193 1522 3248 irc
1545 3191 1620 3259 coelo,
1641 3193 1711 3249 rrnde
1737 3208 1792 3247 nou

169 3287 247 3343 ribus
270 3286 446 3357 iustificandc
469 3287 589 3353 injustus
611 3286 689 3343 sserii
714 3286 766 3354 Qui
793 3299 856 3341 cum
872 3283 954 3340 nollet
1005 3284 1119 3355 potestis
1139 3300 1202 3341 eum
1219 3285 1365 3357 deponere,
1387 3284 1451 3343 llcct
1466 3285 1492 3340 in
1516 3284 1617 3355 templo
1631 3285 1701 3355 ejus,
1718 3283 1792 3354 qnod

171 3378 299 3433 assentiri
321 3378 433 3436 lalsitati
445 3380 525 3451 quasi
541 3380 660 3445 ueritati,
677 3387 707 3435 ut
719 3385 892 3451 permaneret
910 3377 957 3448 ju·
1005 3382 1050 3431 est
1070 3391 1192 3446 praesens
1224 3375 1356 3444 Ecclesia,
1381 3376 1494 3448 possitis
1521 3376 1718 3432 Anticlrristum
1750 3375 1793 3431 ret

171 3480 242 3534 stus,
258 3472 322 3543 quid
339 3473 422 3542 ierit?
433 3473 515 3538 Audi,
531 3471 597 3543 quid
611 3471 714 3528 iecerit.
731 3470 819 3527 Corde
842 3470 958 3526 credidit
1007 3468 1154 3539 quemlibet
1166 3467 1227 3539 ejus
1240 3468 1396 3525 ministrum
1412 3470 1531 3524 exaltare
1543 3468 1576 3523 ad
1589 3468 1793 3539 oppressionem

173 3560 365 3630 adjustitiam,
380 3571 408 3619 ct
421 3562 624 3620 orceoniessus
645 3571 686 3619 est
699 3562 733 3617 ad
746 3563 873 3618 salutem.
900 3561 958 3618 lloc
1009 3577 1169 3633 pauperum.
1193 3559 1245 3618 Sed
1261 3577 1323 3617 curn
1342 3560 1471 3616 Dominus
1492 3570 1628 3632 protecter
1644 3577 1793 3632 pauperum

172 3652 286 3720 scilicet,
302 3655 377 3725 quod
399 3664 509 3726 propter
523 3656 610 3711 malos
627 3656 653 3710 in
668 3655 788 3712 Ecclesia
801 3655 958 3727 principan-
1006 3653 1064 3726 jam
1072 3652 1226 3721 sitientia,
1236 3653 1324 3724 sitque
1333 3652 1388 3709 illic
1395 3653 1468 3709 sedes
1476 3653 1532 3724 eius
1540 3654 1604 3725 (jann
1614 3653 1795 3725 quippesedet

172 3754 225 3814 les,
240 3749 632 3818 proptcrinlsitatcmereetam
648 3750 954 3820 elveritatemoppres·
1010 3748 1066 3804 illic
1094 3763 1176 3818 super
1204 3747 1345 3803 clrerubim
1376 3755 1404 3802 et
1427 3762 1508 3817 super
1531 3748 1645 3802 thronos
1666 3745 1795 3816 judicans

172 3855 232 3895 sam
257 3841 315 3911 ipse
331 3840 463 3898 llnminus
485 3858 540 3898 non
563 3842 674 3898 dimittit
697 3841 846 3899 Ecclesiam
868 3858 958 3898 suam.
1010 3839 1178 3910 aequitatem)
1193 3838 1257 3894 inde
1270 3838 1340 3892 oculi
1361 3837 1418 3909 ejus
1439 3838 1467 3891 iu
1480 3854 1619 3910 pnrrpcrem
1640 3838 1793 3907 respiciunt.

174 3929 280 3986 Deserit
292 3933 401 4004 quidem
414 3933 523 3990 illorum
534 3935 764 4007 domurn,quibus
776 3935 861 3992 dicit:
877 3934 961 3991 «Ecce
1012 3930 1050 3987 iic
1073 3932 1117 3987 illa
1141 3930 1273 3987 invisibili
1295 3930 1454 3986 aeternitatis
1478 3931 1550 3999 aula,
1575 3931 1602 3985 iu
1624 3946 1678 4000 qua
1702 3930 1796 3999 dispo-

174 4024 344 4094 relinquetur
364 4026 443 4083 robis
464 4027 564 4084 domus
587 4036 677 4084 restra
700 4027 818 4083 deserta.
840 4025 900 4083 Non
917 4043 961 4083 mc
1012 4031 1116 4078 nuntur
1129 4023 1221 4079 onrnin
1235 4023 1286 4079 ista
1302 4022 1473 4093 temporalia,
1490 4022 1622 4082 borninus
1636 4020 1726 4089 lesus,
1747 4040 1796 4078 cu·

175 4117 303 4174 videbitis
327 4118 437 4185 amodo,
460 4119 548 4175 donec
570 4119 667 4175 dicatis
694 4135 701 4174 t
726 4118 961 4188 Berrcdictns,qui
1011 4115 1056 4186 jus
1070 4115 1239 4171 iaudemtos
1254 4114 1438 4179 destruxistis,
1460 4114 1486 4169 in
1510 4130 1655 4186 pauperem
1675 4115 1795 4185 respicit.

174 4211 250 4266 uenit
271 4210 298 4265 in
315 4210 427 4267 nomine
447 4209 555 4265 Domini
580 4210 689 4281 (lluttlr.
705 4224 785 4276 xxrtr,
800 4208 845 4276 ts,
859 4207 905 4282 59)
921 4249 930 4275 ,
948 4225 958 4260 r
1013 4204 1082 4263 Cum
1097 4206 1170 4261 enim
1190 4205 1216 4260 in
1234 4205 1287 4265 boc
1300 4206 1402 4261 mundo
1417 4205 1485 4260 nilril
1500 4205 1556 4271 liat,
1570 4205 1643 4277 quod
1659 4206 1720 4261 inde
1742 4223 1796 4260 non

176 4303 230 4359 boc
242 4313 285 4360 cst
298 4321 304 4357 :
318 4302 379 4359 Non
393 4319 438 4360 rne
453 4304 588 4366 ridebitis,
603 4318 657 4359 non
672 4319 716 4359 mc
728 4304 898 4370 clementem,
912 4318 961 4358 sen
1013 4306 1061 4353 aut
1073 4298 1179 4354 sinatur
1200 4307 1247 4353 aut
1260 4298 1389 4369 jubeatur
1402 4312 1419 4352 a
1440 4296 1560 4359 Elrristo.
1576 4297 1620 4353 eui
1642 4315 1651 4349 r
1670 4296 1732 4353 data
1756 4304 1798 4351 εει

178 4394 327 4466 propitium
353 4395 507 4463 babebitis,
530 4396 617 4451 donce
639 4396 667 4451 in
692 4395 827 4452 laudando
852 4409 896 4451 mc
918 4395 961 4451 sel
978 4390 1104 4467 pomnis
1116 4400 1236 4462 potestas
1251 4391 1278 4446 in
1295 4389 1377 4457 coelo,
1401 4400 1427 4445 et
1441 4388 1467 4444 in
1487 4396 1558 4443 term
1573 4387 1684 4459 (lluttlr.
1701 4401 1797 4451 xxrrrr,

179 4500 256 4542 meos
269 4485 323 4542 illis
337 4486 464 4543 laudibus
487 4501 608 4543 consona
631 4487 738 4551 dicatis,
754 4503 823 4559 quas
845 4502 894 4543 ros
914 4486 963 4544 ‹le-
1014 4482 1071 4553 18),
1089 4503 1099 4535 r
1117 4483 1190 4539 oculi
1209 4483 1269 4554 ejus
1284 4484 1320 4538 ita
1336 4482 1363 4536 in
1385 4495 1531 4552 pauperem
1553 4494 1569 4534 a
1593 4477 1669 4533 robis
1683 4492 1797 4545 oppres-

179 4578 329 4645 struxistis,
344 4579 455 4650 quando
475 4579 589 4650 impium
613 4595 662 4651 pro
683 4580 844 4635 muneribus
866 4578 963 4634 laudn-
1014 4592 1075 4632 surn
1091 4576 1250 4647 respiciunt,
1268 4583 1298 4630 ut
1310 4574 1379 4629 nibil
1393 4573 1420 4628 in
1440 4573 1491 4627 Ιιοε
1513 4571 1615 4627 mnrrdo
1638 4567 1798 4634 sicinini,

179 4672 240 4738 stis,
265 4681 293 4727 et
316 4687 386 4744 quas
409 4687 460 4744 eqo
484 4672 585 4743 perleci
601 4688 634 4728 cr
648 4686 696 4727 ore
719 4670 874 4735 instantium,
885 4681 912 4726 et
925 4672 963 4726 la·
1015 4668 1068 4724 nisi
1085 4668 1157 4741 quod
1169 4669 1270 4722 botrum
1285 4674 1328 4722 cst
1345 4664 1455 4722 cuilibet
1467 4680 1517 4719 suo
1531 4660 1652 4734 pauperi.
1671 4679 1680 4711 r
1701 4654 1799 4714 Omnia

179 4764 310 4820 utentium
327 4765 469 4821 mibicum
484 4765 582 4836 palmis
596 4766 799 4822 occurrentium
818 4774 845 4820 et
868 4764 963 4820 dicen·
1014 4762 1087 4816 enim
1110 4766 1293 4831 cooperantur
1316 4758 1344 4812 in
1369 4758 1471 4812 bonum
1497 4755 1556 4821 bis,
1579 4753 1626 4824 qui
1649 4750 1799 4808 secundum

181 4857 272 4913 tium:
299 4856 487 4914 «Benedictus
507 4859 554 4928 qui
579 4859 700 4914 venitin
724 4859 835 4913 nomine
857 4856 965 4913 Domini
1016 4852 1183 4923 propositum
1207 4850 1293 4907 verenti
1318 4857 1383 4906 sunt
1406 4846 1494 4905 sancti
1517 4845 1604 4918 (Rom.
1625 4859 1685 4909 uttt,
1709 4841 1767 4910 28).
1787 4859 1798 4894 r

180 4947 258 5013 (idid.
279 4946 335 5018 59).
356 4947 433 5015 »Qui
455 4947 519 5005 buic
534 4948 607 5004 laudi
629 4962 683 5003 non
708 4946 966 5017 consentiunt,qui-
1016 4943 1112 5000 Vocati
1136 4943 1241 4999 scilicet
1262 4942 1405 4997 roratione
1428 4940 1516 5012 ipsius
1536 4934 1637 4993 Christi
1659 4933 1800 4990 dicentis:

180 5053 235 5109 qne
259 5037 333 5093 illurn
355 5037 509 5105 destruunt,
533 5047 666 5110 quantum
679 5046 721 5095 cst
736 5039 764 5095 in
776 5054 816 5107 sc,
834 5040 898 5110 quia
912 5054 965 5095 no·
1020 5056 1030 5091 r
1058 5036 1151 5093 Vertite
1175 5036 1208 5092 ad
1234 5050 1279 5092 mc
1302 5050 1408 5103 ornnes,
1423 5034 1470 5106 qui
1494 5031 1624 5088 laboratis
1649 5037 1677 5084 ct
1697 5026 1802 5083 oncmti

181 5131 242 5188 lunt
267 5131 342 5186 illum
358 5131 483 5198 exaltari,
506 5132 548 5186 vel
569 5131 595 5185 in
612 5132 777 5202 pontificem,
800 5140 849 5187 aut
875 5147 966 5204 regem
1017 5130 1094 5196 estis,
1110 5137 1138 5184 ct
1152 5143 1202 5200 eqo
1216 5125 1337 5183 redciam
1352 5140 1412 5182 ros.
1424 5124 1522 5181 Tollite
1538 5123 1634 5194 jugum
1650 5133 1741 5175 meum
1754 5132 1803 5172 su-

163 5223 318 5291 benedici,
344 5223 419 5295 rqui
441 5224 517 5281 uenit
539 5225 567 5280 in
588 5225 701 5281 nomine
722 5223 846 5291 Domini,
868 5226 968 5282 domus
1017 5237 1066 5293 per
1078 5237 1138 5286 ros,
1153 5229 1180 5276 ct
1192 5218 1289 5274 discitc
1303 5233 1319 5272 a
1333 5233 1377 5273 me
1394 5216 1458 5287 quia
1477 5214 1551 5271 mitis
1570 5206 1804 5278 sum,etlrurnilis

182 5331 277 5372 eorum
302 5316 470 5387 relinquetur
493 5316 601 5373 deserta
627 5315 695 5388 (ltu.
712 5333 732 5382 r,
746 5316 813 5389 d),r
837 5316 901 5388 quia
924 5331 968 5373 re·
1017 5299 1802 5382 cerde,etinvenietisrcquicnranimabusrcstrislilrttlt.

183 5419 284 5480 qnante
306 5409 333 5464 in
347 5424 379 5465 ee
402 5407 536 5475 Simonis,
557 5419 585 5466 ct
608 5408 791 5477 immunditie,
814 5407 883 5482 lugit
905 5408 968 5465 inde
1018 5423 1057 5473 rr,
1071 5406 1117 5472 to,
1131 5404 1186 5479 29).
1207 5404 1235 5460 ln
1259 5405 1310 5460 bos
1324 5416 1457 5475 pauperes
1471 5401 1507 5456 ita
1526 5410 1637 5455 romeos
1650 5411 1665 5451 a
1680 5393 1803 5456 Christo,

185 5502 271 5555 macti
285 5500 403 5571 Spiritus
414 5502 512 5573 gratia.
527 5500 719 5557 Verumtamen
1018 5499 1065 5569 qui
1081 5498 1156 5554 sedet
1178 5499 1206 5552 in
1228 5495 1323 5572 templu
1344 5504 1435 5550 cuncto
1451 5508 1509 5558 auu,
1530 5491 1577 5563 qui
1608 5487 1695 5553 sedet,
1715 5484 1806 5539 idest

227 5588 308 5646 isus.
324 5593 352 5648 o.
368 5592 494 5648 Douriuur
508 5595 535 5647 in
551 5594 647 5663 ternplo
663 5604 756 5648 cerreto
772 5607 831 5658 suo,
856 5591 884 5646 in
905 5607 969 5646 san·
1019 5596 1130 5661 regnat,
1151 5597 1179 5642 et
1198 5587 1302 5658 judicat
1322 5586 1349 5640 in
1372 5584 1452 5651 coelo,
1476 5597 1582 5651 semper·
1603 5577 1673 5636 oculi
1696 5570 1805 5631 miseri-

189 5679 240 5737 ctis
256 5681 387 5751 videlieet,
403 5700 472 5754 quos
488 5685 545 5755 ipsc
560 5686 612 5742 sibi
625 5684 754 5755 tenrprlnm
775 5683 849 5739 iacit.
874 5681 969 5737 ttorni·
1019 5679 1118 5735 cordiae
1130 5678 1216 5751 ipsius
1233 5679 1391 5750 respiciunt.
