3817 6000
154 173 209 234 899
635 171 791 230 cutthottt
809 171 1006 232 nnmuosttt
1026 173 1301 236 nutcttuttseuuu.
1732 173 1788 232 900

155 286 371 356 Salvatorem,et
378 284 485 358 justitia
498 284 604 342 oriatur
619 286 702 342 simul
716 284 797 357 (laci.
806 302 871 352 xcv,
880 286 941 359 8).»
959 300 983 355 Α
997 289 1084 347 rentis
1095 291 1128 346 ad
1141 289 1347 347 similitudinem
1362 287 1537 357 firmamenti,
1552 286 1684 360 quoniam
1697 305 1712 346 a
1728 289 1786 349 Deo

154 380 238 436 hlulta
254 387 328 446 sunt,
356 379 501 451 inquibus
529 378 574 435 isti
604 378 663 434 eoeli
687 387 815 436 enarrent
830 380 943 451 gloriam
994 381 1107 449 missus,
1130 397 1184 439 non
1209 383 1244 438 ab
1257 382 1427 449 hominibus,
1453 395 1542 452 neque
1567 396 1616 451 per
1633 380 1786 451 hominem,

154 472 268 540 Christi,
287 473 329 528 rel
343 488 398 544 qua
419 472 477 544 ipse
488 470 597 527 Patrem
617 472 780 544 glorillcanit
794 484 943 545 superter-
995 473 1042 529 sed
1056 489 1104 545 per
1118 476 1311 531 revelationem
1331 473 1396 531 lesu
1410 473 1514 529 Christi
1531 470 1566 526 ad
1583 472 1674 543 ipsum
1699 472 1786 532 boum

153 579 226 632 ram,
242 563 351 635 uelqua
368 579 430 620 eum
444 562 525 617 Pater
536 563 699 636 glorillcavit
712 578 761 618 seu
773 562 943 630 clarificavit,
995 563 1085 619 redire
1107 562 1247 620 festinavit
1273 564 1386 634 cupiens
1404 581 1414 615 ι
1429 561 1555 630 dissolri,
1580 569 1607 616 et
1631 577 1693 619 esse
1719 579 1785 620 eum

154 657 229 730 qnod
250 665 398 727 utrumque
419 655 447 710 in
474 654 569 712 Gracco
585 654 733 726 Evangelio
758 653 873 712 loannis
897 672 945 726 pcr
995 655 1107 712 Christo
1118 655 1232 727 (Philip.
1252 673 1271 723 r,
1284 655 1343 728 25),
1364 674 1373 708 ι
1392 670 1475 711 eursu
1494 667 1685 713 consummato
1704 656 1787 728 qnasi

155 763 241 804 unum
269 747 382 803 uerbum
414 747 585 816 significatur
611 746 717 814 δοξάσαι
752 747 811 819 (tc)
843 747 944 819 (torn.
997 764 1046 820 per
1056 748 1238 817 occidentem,
1267 748 1294 804 id
1307 759 1362 816 est,
1384 764 1432 820 per
1453 749 1644 820 temporalium
1667 751 1788 808 admini-

155 855 223 907 run,
246 839 284 910 5).
313 837 482 894 Glorilieauit
506 837 598 910 igitur,
625 854 673 895 seu
699 838 860 894 clarificavit
882 852 945 894 curn
996 838 1169 908 strationem,
1185 840 1261 896 etad
1281 839 1425 906 orientem,
1452 839 1535 895 idest
1561 839 1596 895 ad
1621 852 1728 898 retorna
1742 842 1789 900 lu-

154 930 237 988 Pater
261 930 333 1002 apud
356 931 534 1002 semetipsum
559 930 644 1001 gloria
665 940 693 987 et
713 930 848 998 claritate,
862 946 944 1002 quam
998 930 1039 987 cis
1051 932 1321 1001 cointemplationem.
1338 931 1548 1003 Ateiuscursui
1563 933 1724 1000 ridebantur
1736 936 1789 992 ab·

155 1023 261 1091 habult,
278 1023 438 1093 priusquam
457 1022 577 1078 mundus
603 1030 686 1090 esset,
711 1022 776 1094 quia
803 1038 864 1079 cam
888 1023 946 1079 ela·
996 1022 1177 1080 nitirniuistri
1202 1022 1310 1079 Satanae
1331 1023 1558 1096 transfigurantes
1574 1040 1604 1081 se
1623 1025 1651 1080 in
1667 1029 1783 1099 angelos

155 1117 263 1171 ritatem
279 1124 307 1171 et
323 1115 438 1186 gloriam
468 1115 497 1170 in
527 1115 700 1190 humanitate
725 1130 776 1172 sua
799 1131 874 1171 nunc
897 1116 947 1171 laa·
997 1115 1077 1183 lucis,
1091 1116 1313 1186 pseudoapostoli
1328 1115 1428 1173 etlalsi
1447 1115 1789 1190 fratres,quideoeeiluo

155 1207 211 1274 bet,
234 1222 317 1279 quarn
332 1207 360 1261 in
385 1206 530 1262 divinitate
557 1207 664 1276 habuit,
691 1208 851 1278 priusquam
865 1223 942 1263 mun·
997 1208 1101 1263 mundo
1112 1217 1200 1277 erant,
1216 1208 1292 1266 etde
1307 1209 1791 1281 mundoloquebantur,etadmun-

154 1298 208 1355 dus
233 1299 320 1355 lieret.
352 1298 465 1368 Verum,
492 1299 556 1370 quia
585 1314 635 1355 nos
660 1299 804 1372 degloriae
828 1300 946 1356 eoelostis
997 1298 1063 1354 dum
1082 1298 1240 1366 currebant,
1266 1297 1333 1370 quia
1358 1299 1480 1355 mundus
1503 1314 1552 1355 eos
1573 1299 1714 1369 audiebat,
1737 1303 1789 1373 qui

156 1389 335 1446 enarratione
357 1390 402 1445 uix
423 1404 575 1460 possumus
589 1390 675 1448 coelos
687 1399 849 1448 enarrantes
865 1392 947 1447 intel·
999 1396 1090 1444 tamen
1104 1389 1185 1460 quasi
1198 1403 1247 1460 per
1257 1389 1391 1445 orientem
1404 1397 1587 1445 cucurrerunt
1608 1389 1643 1445 ad
1658 1391 1790 1446 occiden-

156 1482 240 1554 ligere
266 1491 377 1553 propter
404 1477 521 1554 gloriam
546 1483 640 1539 rullus
666 1481 780 1550 Christi,
808 1498 869 1554 qum
891 1497 947 1539 non
999 1489 1063 1550 tem,
1078 1482 1142 1553 quia
1163 1497 1212 1553 per
1233 1482 1419 1554 spiritualium
1446 1482 1792 1540 officiorumadminirtra-

156 1583 316 1642 evacuatur,
328 1573 438 1630 etiamsi
458 1588 475 1628 a
499 1573 579 1629 nobis
594 1587 648 1628 non
673 1572 851 1645 intelligatur,
866 1574 946 1645 quasi
997 1574 1101 1631 tionem
1132 1556 1311 1631 intenderunt
1338 1575 1542 1632 mundanorum
1567 1575 1789 1647 acquisitionem.

154 1663 265 1721 lassatis
282 1664 371 1721 oculis
398 1680 455 1737 prre
467 1664 593 1722 claritate
606 1665 699 1721 nultus
724 1664 825 1722 Christi
849 1666 946 1736 paulu-
960 1643 983 1699 Β
996 1664 1182 1723 Nihilominus
1193 1675 1285 1722 tamen
1298 1665 1402 1723 Paulus
1412 1667 1558 1738 caeterique
1567 1667 1792 1738 apostoll,eursu

155 1757 213 1814 lum
226 1758 363 1815 declinato
389 1757 489 1814 iutuitu
521 1765 615 1816 nostro
629 1758 772 1814 videamus
795 1774 873 1830 opera
888 1774 947 1814 mo·
997 1765 1188 1815 consummato
1199 1767 1226 1814 et
1241 1757 1293 1814 ddc
1315 1767 1422 1815 serrata
1437 1799 1445 1827 ,
1462 1758 1538 1831 digni
1559 1758 1645 1815 habiti
1657 1770 1721 1816 sunt
1732 1776 1792 1817 non

156 1866 238 1906 neem
250 1851 319 1921 ejus,
335 1865 397 1922 quae
407 1848 536 1907 familiari
551 1850 673 1922 alloquio
685 1849 829 1905 ennuntiat
852 1850 946 1922 firnro·
998 1849 1088 1906 solum
1111 1850 1225 1907 nomine
1236 1850 1382 1917 eoelorum,
1398 1851 1545 1908 sedetiam
1561 1852 1671 1909 nomine
1691 1854 1793 1925 finnio·

155 1952 282 1999 mentum.
840 1981 850 2007 ,
1001 1941 1095 2006 menti,
1106 1942 1171 2013 quia
1189 1957 1243 1997 non
1260 1942 1349 1998 solum
1363 1941 1398 1997 ad
1413 1942 1594 1999 enarrandam
1610 1943 1725 2015 gloriam
1741 1943 1792 2000 Ilei

189 2033 250 2090 Non
268 2034 358 2091 solum
375 2033 448 2092 cn'im
460 2035 518 2091 cett
536 2045 664 2091 enarrent
679 2035 795 2108 gloriam
813 2035 873 2104 Dei,
885 2035 944 2103 scd,
999 2031 1119 2104 Spiritus
1143 2034 1231 2089 sancti
1256 2032 1440 2090 illustmtione
1465 2042 1531 2091 sunt
1553 2034 1665 2106 perlecti
1683 2044 1711 2091 et
1736 2036 1792 2106 ipsi

153 2135 180 2181 et
191 2141 270 2196 opero
282 2142 410 2181 mentuunt
430 2125 488 2197 ejus
503 2129 645 2183 enrtnntiot
658 2129 866 2198 firmamentum.
879 2126 946 2182 Fir·
997 2123 1060 2181 coeli
1072 2134 1099 2180 et
1111 2125 1202 2180 omnis
1216 2133 1331 2180 ornatus
1351 2138 1458 2191 eorum,
1488 2124 1536 2180 sed
1559 2123 1642 2179 ctiam
1659 2123 1693 2179 ad
1708 2140 1792 2179 enar·

155 2226 317 2273 momentana
339 2226 404 2273 sunt
416 2216 499 2284 idem,
518 2218 565 2290 qui
588 2218 667 2273 celi:
686 2233 751 2274 uam
766 2236 776 2272 ι
794 2218 877 2276 verbo
890 2216 946 2275 uo·
997 2216 1082 2273 randa
1097 2231 1180 2287 opera
1194 2232 1326 2272 manuum
1344 2217 1468 2289 ejusdem
1486 2216 1574 2273 sancti
1596 2216 1714 2290 Spiritus
1731 2217 1792 2272 lor·

155 2310 224 2366 mini
247 2310 299 2383 ipsi
325 2310 388 2368 oceli
416 2310 516 2368 tirmati
541 2311 705 2384 suntll'rnl.
724 2327 811 2381 aaarr,
825 2311 854 2382 d)
869 2329 877 2368 t
892 2329 902 2366 ι
919 2319 948 2367 et
998 2307 1114 2364 titudine
1129 2307 1166 2364 ita
1196 2318 1261 2364 sunt
1286 2308 1453 2378 condi-mati,
1468 2317 1499 2365 ut
1526 2323 1581 2364 non
1596 2309 1794 2366 erubescerent

155 2418 257 2461 nomen
282 2402 450 2460 firmamenti
476 2404 625 2476 accipiunt,
651 2405 715 2478 quia
743 2404 855 2462 riortee
882 2404 947 2461 lacti
1001 2397 1179 2472 Evangelium
1206 2398 1266 2466 llei,
1282 2399 1366 2456 etlam
1382 2398 1666 2471 inhisnperilmsbei
1681 2415 1791 2456 annun·

155 2496 260 2553 suntin
274 2496 357 2564 bello,
371 2502 400 2553 cl
413 2506 503 2554 eastra
518 2507 660 2556 verterunt
676 2508 833 2556 exterorum
850 2497 944 2572 (hebr.
998 2491 1110 2559 tiandis,
1124 2507 1186 2562 quae
1199 2491 1364 2547 ridebantur
1378 2492 1482 2547 mundo
1503 2491 1583 2563 quasi
1599 2492 1789 2548 deliramenta.

155 2589 257 2661 qutl
274 2609 284 2643 ι
301 2603 385 2662 opera
412 2604 545 2645 manuum
570 2587 618 2646 [tel
633 2590 823 2645 annuntiando
846 2589 875 2644 in
890 2597 946 2645 tolo
997 2582 1082 2656 lgitur
1093 2583 1206 2656 perlecti
1221 2591 1287 2639 sunt
1300 2583 1362 2640 coeli
1374 2594 1401 2641 et
1416 2583 1507 2640 omnis
1519 2592 1634 2640 ornatus
1644 2599 1739 2641 eorum
1755 2586 1791 2640 ad

155 2680 270 2737 mundo.
292 2678 322 2736 Si
345 2679 419 2737 enim
447 2680 534 2736 solam
558 2678 673 2751 gloriam
695 2678 743 2736 llei
759 2687 945 2746 enarrassent,
996 2674 1180 2732 enarrandam
1199 2674 1314 2746 gloriam
1338 2674 1398 2744 bet,
1422 2684 1450 2732 et
1470 2677 1578 2733 rocasit
1596 2676 1668 2733 tteus
1688 2677 1790 2734 eretum

155 2773 232 2830 verbi
246 2773 345 2846 qratia,
358 2772 496 2829 dicendo:
516 2790 526 2825 ι
542 2771 571 2826 ln
597 2771 733 2843 principio
749 2782 810 2827 erat
834 2772 946 2827 verbum
997 2764 1214 2835 firmamentum,
1237 2766 1349 2838 quando
1361 2766 1470 2823 intirma
1493 2768 1575 2841 elegit
1597 2777 1625 2824 et
1638 2768 1790 2824 conflrma-

156 2862 248 2938 (Joon.
265 2880 284 2934 r,
300 2863 339 2935 l),
354 2881 364 2916 ι
382 2870 409 2918 at
422 2870 519 2919 caetera
536 2862 611 2930 talia,
628 2862 718 2919 nullos
731 2862 774 2918 nel
789 2876 894 2933 paucos
917 2862 946 2917 in
996 2858 1047 2926 rit,
1061 2867 1091 2913 ut
1104 2856 1286 2914 contunderet
1308 2856 1401 2915 sortia.
1427 2857 1469 2914 Sit
1496 2874 1562 2931 ergo
1571 2860 1682 2915 auditor
1698 2860 1791 2916 omnis

156 2955 261 3012 mundo
274 2953 490 3012 contradictores
522 2953 682 3011 habuissent
697 2968 747 3026 pro
769 2954 981 3042 enarrationec
997 2949 1094 3008 docilis
1122 2958 1151 3007 et
1167 2949 1318 3008 benevolus
1338 2958 1366 3007 et
1386 2956 1507 3008 attentus
1530 2949 1590 3008 istis
1608 2949 1723 3023 gloriam
1740 2947 1789 3006 uer
1844 2965 1847 2968 ·

155 3046 277 3105 crelestia
291 3046 385 3120 gloriae
399 3044 459 3102 bei.
484 3044 549 3114 Sed,
567 3046 727 3117 quiaopere
744 3046 946 3117 mouenheim
997 3042 1200 3111 enarmutibns,
1223 3051 1250 3100 et
1268 3044 1442 3101 llrmameuto
1457 3043 1523 3100 hnic
1546 3058 1629 3114 opera
1652 3058 1789 3099 manuum

156 3136 269 3195 luerunt
292 3152 342 3209 per
363 3151 412 3194 eos
433 3135 632 3203 annuntianda,
657 3136 793 3213 praecipue
807 3136 947 3208 singulare
997 3138 1058 3210 ejus
1073 3136 1259 3205 annuntianti,
1280 3136 1412 3208 quoniam
1440 3135 1506 3193 talis
1530 3134 1670 3192 enarratio
1693 3144 1720 3191 et
1736 3149 1791 3189 an·

155 3241 227 3298 opus
240 3242 373 3283 manuum
391 3225 463 3298 ejus,
479 3225 554 3299 quod
580 3235 712 3298 operatus
737 3237 779 3284 est
804 3228 831 3284 in
853 3243 945 3297 cruce,
997 3229 1172 3287 nuntiatiollt
1180 3245 1243 3286 cum
1254 3229 1431 3299 discretione,
1441 3229 1578 3301 praecipue
1586 3228 1651 3284 dum
1661 3242 1716 3284 nou
1728 3244 1792 3284 om·

155 3316 268 3389 qn'ando
286 3316 417 3388 expansis
429 3317 458 3372 in
470 3317 530 3388 ipsa
541 3332 624 3376 cruce
643 3318 771 3376 manibus
782 3317 875 3374 omnia
891 3326 947 3374 tra·
998 3322 1080 3378 nibus
1091 3322 1184 3378 omnla
1196 3331 1354 3391 narrantur,
1364 3322 1407 3379 rel
1419 3319 1686 3386 annuntiantur,sed
1696 3321 1791 3392 potius

156 3409 197 3465 xit
206 3410 241 3466 ad
255 3424 295 3479 se,
308 3408 464 3466 necessaria
486 3409 541 3465 lllis
569 3408 621 3465 luit
637 3410 725 3466 sancti
742 3407 861 3481 Spiritus
878 3425 946 3466 con·
998 3411 1192 3468 habitarerum
1211 3411 1396 3470 distinctione.

157 3502 290 3573 llrmatio,
301 3512 395 3559 utnon
409 3503 604 3560 erubescerent
614 3501 790 3575 Erarrgelium
805 3500 908 3560 Christi
918 3503 951 3573 in,
1033 3503 1117 3560 Vsus.
1137 3503 1164 3559 ὅ.
1185 3502 1248 3559 llice
1273 3504 1326 3559 diei
1346 3513 1450 3560 eructat
1465 3503 1581 3570 uerbum,
1603 3511 1628 3558 et
1651 3517 1703 3556 noa
1716 3503 1791 3559 nocti

156 3593 202 3650 his
231 3593 362 3664 operibus
383 3604 528 3651 manuum·
542 3595 613 3666 ejus,
637 3594 804 3666 inquibus«
820 3593 951 3663 ludaeis»,
997 3598 1099 3653 indicat
1122 3596 1273 3651 seminium.
1297 3594 1360 3650 bier
1381 3596 1454 3652 enim
1478 3595 1532 3651 diei
1554 3602 1656 3651 eructat
1670 3592 1789 3659 neriam

157 3693 215 3742 erar
234 3702 244 3737 ι
260 3684 432 3753 arancarum,
451 3684 579 3757 gentibus
593 3693 685 3740 luten
700 3684 816 3742 seurnoa
833 3683 862 3757 (r
881 3683 945 3759 cn.
997 3691 1109 3764 quanm
1133 3690 1294 3761 sapientum
1324 3689 1460 3760 loquente
1489 3689 1561 3746 rnrer
1584 3684 1790 3759 perterrens

157 3776 245 3850 nib).
260 3796 270 3830 ι
284 3773 339 3833 Sed
353 3795 363 3831 ι
378 3777 473 3834 beatus
496 3786 550 3845 est,
563 3797 573 3831 ι
592 3777 631 3832 ait
641 3778 701 3848 ipsc
720 3777 858 3848 Christus,
875 3795 885 3831 t
899 3776 948 3849 qui
998 3782 1057 3836 creti
1066 3790 1192 3837 enarrant
1203 3779 1318 3853 gloriam
1331 3779 1379 3834 Dei
1389 3778 1594 3851 quodammodo
1609 3778 1637 3833 in
1652 3775 1790 3849 superiori

157 3884 214 3928 uon
232 3868 317 3926 luerit
344 3869 548 3927 scandalizatus
573 3871 601 3926 in
626 3886 671 3928 me
690 3869 799 3942 (llottlr.
816 3885 856 3938 at,
876 3872 944 3943 til.»
999 3872 1194 3943 hemisphaerio
1218 3872 1305 3927 solem
1327 3871 1432 3927 clarum
1446 3878 1474 3926 et
1494 3870 1579 3926 altum
1597 3870 1792 3925 demonstran·

154 3961 247 4035 Atque
259 3962 374 4019 stultum
388 3961 437 4018 Dei
452 3962 608 4033 sapientius
629 3962 799 4030 hominibus,
822 3972 850 4018 et
871 3961 948 4017 inllr·
998 3971 1050 4032 tes,
1067 3973 1098 4019 ut
1108 3963 1181 4019 inter
1192 3963 1336 4034 loquentes
1346 3971 1375 4016 et
1386 3960 1530 4017 audientes
1543 3960 1624 4030 qnasi
1648 3961 1719 4014 inter
1731 3972 1791 4013 ree·

83 4092 88 4099 .
157 4070 234 4113 mum
247 4053 948 4125 Deilortiushominibuscssealtirmatfirrnnnten·
997 4055 1056 4111 lum
1082 4055 1243 4111 illuminaus
1269 4062 1298 4112 et
1321 4063 1424 4110 terram
1450 4053 1631 4108 illuminatam
1654 4052 1691 4107 sit
1714 4049 1790 4105 elam

157 4146 322 4218 eumenius
340 4145 507 4203 firmamenti
520 4161 572 4203 vox
593 4147 751 4216 estquasir
770 4160 822 4202 vox
835 4145 948 4203 tonitrui
998 4145 1067 4204 dies.
1084 4144 1120 4200 Et
1144 4162 1197 4201 nos
1221 4146 1292 4200 noeti
1318 4145 1419 4200 indicat
1448 4144 1597 4210 erientiam,
1616 4142 1726 4215 quando
1747 4142 1792 4198 lae

156 4239 186 4294 in
204 4248 264 4296 rota
280 4237 368 4307 (Paul.
391 4252 486 4304 cxxvi,
498 4235 577 4307 l9),r
596 4235 770 4292 ubidicitur:
785 4253 795 4289 ι
808 4235 851 4292 hn
864 4250 948 4307 erpe-
998 4235 1146 4308 praebendo
1164 4236 1288 4307 parvulis
1302 4251 1384 4307 opera
1411 4250 1543 4291 manuum
1568 4232 1618 4290 Dei
1644 4233 1791 4289 annuntiat

157 4332 305 4386 rimentum
321 4327 527 4399 quantisque,
542 4327 591 4398 qui
618 4329 646 4383 in
671 4343 714 4383 nre
736 4328 857 4399 loquitur
866 4328 947 4385 Chri·
961 4324 984 4380 l)
998 4326 1212 4393 llrmameutum,
1226 4323 1307 4397 quasi
1328 4323 1363 4380 ad
1372 4321 1488 4380 inferius
1503 4321 1725 4393 hemisphaerium
1738 4320 1790 4375 de-

158 4420 239 4477 stusl
253 4438 263 4472 ι
277 4417 322 4491 (ll
333 4417 397 4475 Cor.
413 4434 474 4485 riu,
490 4418 531 4492 5.)
540 4418 617 4487 ltem,
631 4437 640 4471 ι
657 4418 779 4491 quando,
795 4420 866 4489 tait,
882 4419 946 4476 rin·
997 4416 1125 4473 elinando
1143 4415 1239 4482 solem,
1265 4423 1297 4470 ut
1321 4414 1448 4472 exhibeat
1467 4420 1586 4480 noctem,
1609 4412 1637 4467 in
1660 4426 1714 4483 qua
1740 4425 1791 4480 per

157 4511 264 4580 firmor,
281 4519 348 4567 tunc
374 4508 472 4568 tortior
498 4525 560 4567 sum
584 4519 612 4567 et
636 4520 733 4583 potens
751 4509 796 4580 (tt
812 4510 874 4568 Gor.
895 4527 945 4581 ιιι,
997 4510 1123 4569 altissimi
1135 4519 1163 4566 et
1175 4508 1323 4567 clarissimi
1336 4508 1404 4566 solis
1418 4508 1556 4579 cognitam
1579 4505 1789 4562 inclinationem

158 4600 214 4673 to).
229 4620 239 4654 ι
257 4600 331 4658 lstud
341 4602 539 4674 finncmentnm
567 4602 728 4657 incircuitu
748 4599 783 4655 ab
794 4598 946 4657 Jerusalem
996 4610 1024 4658 et
1033 4601 1249 4657 humiliationem
1266 4601 1413 4671 paruuliel
1424 4596 1544 4654 humiles
1556 4596 1788 4666 accipiantrrien·

157 4697 290 4768 usquead
304 4694 443 4768 illyricum
466 4695 580 4767 replevit
593 4695 759 4767 evangelicae
775 4696 850 4751 vocis
872 4695 946 4752 toni-
999 4696 1075 4763 tiam,
1094 4704 1122 4751 et
1134 4695 1213 4766 quasi
1231 4710 1284 4749 nox
1296 4710 1346 4766 per
1360 4702 1469 4749 noctem
1485 4690 1637 4756 erudiatur,
1658 4689 1723 4744 dum
1739 4702 1790 4757 per

156 4789 365 4848 truomundum
378 4788 591 4846 circumactione
604 4786 668 4844 lorti
687 4787 836 4845 admodum
853 4788 946 4844 dema—
998 4787 1168 4842 bumilemet
1189 4787 1283 4843 mitem
1295 4784 1436 4841 Christum
1462 4780 1613 4837 humilibus
1623 4788 1651 4834 et
1674 4777 1790 4834 mitibus

156 4882 241 4938 menti
259 4882 375 4939 drmiter
396 4881 533 4938 currentis
555 4882 583 4936 in
610 4881 727 4937 circuitu
748 4880 845 4936 mundi
862 4895 945 4937 cursu
997 4878 1140 4934 dieiturrr
1158 4875 1290 4933 Discitea
1311 4890 1366 4940 me,
1387 4873 1451 4945 quia
1467 4872 1543 4931 mitis
1557 4886 1618 4927 sum
1633 4877 1660 4926 et
1672 4869 1790 4925 humilia

155 4971 277 5027 mirabili
301 4979 329 5028 et
353 4970 520 5038 intardabili,
540 4985 699 5042 quanquam
717 4970 843 5026 erraticae
861 4970 946 5027 stellae
997 4969 1080 5026 corde
1095 4969 1204 5040 (llctth.
1226 4984 1266 5034 at,
1280 4967 1337 5037 29).
1351 4984 1361 5018 ι
1377 4964 1411 5022 Et
1422 4964 1478 5019 dies
1488 4964 1599 5036 quidem
1618 4960 1723 5017 neriam
1740 4975 1788 5016 sa·

155 5064 301 5121 rideantur
313 5064 402 5120 eidem
417 5064 511 5122 cursui
526 5061 632 5119 lortiter
655 5062 755 5131 obniti,
766 5064 838 5119 sieut
849 5073 945 5120 notum
997 5064 1117 5136 pientiae,
1133 5063 1238 5118 neriam
1265 5061 1372 5117 bonum
1397 5065 1512 5123 eructat,
1527 5052 1638 5126 quando
1657 5053 1705 5109 lux
1722 5065 1787 5106 uera

155 5166 201 5214 est
212 5154 388 5228 computistis
412 5154 602 5213 astruentibus
631 5169 745 5211 cursum
772 5155 945 5225 planetarum
996 5155 1124 5213 Christus
1146 5155 1227 5226 plane
1250 5152 1386 5208 illuminat
1406 5148 1536 5206 Ecclesiae
1559 5144 1698 5210 doctores,
1718 5150 1805 5199 utet⁴

156 5249 192 5306 ab
204 5250 347 5306 occidente
359 5262 409 5320 per
427 5248 560 5306 orientem
576 5248 610 5305 ad
626 5247 807 5317 occidentem,
831 5256 859 5303 et
882 5260 947 5305 cnr·
997 5248 1051 5320 ipsi
1066 5257 1195 5319 tanquam
1205 5244 1264 5301 dies
1272 5243 1377 5301 iaciant
1389 5243 1478 5300 lucem
1491 5253 1570 5297 suam
1583 5238 1675 5294 lucere
1691 5248 1786 5291 coram

133 5346 136 5351 ’
157 5357 219 5399 sum
235 5341 401 5398 firmamenti
416 5341 452 5398 ab
466 5341 571 5397 oriente
590 5356 639 5412 per
655 5341 824 5398 occidentem
848 5356 947 5399 mrsus
998 5340 1167 5407 hominibus,
1182 5345 1213 5395 ut
1238 5335 1407 5407 glorificetur
1424 5334 1498 5393 Deus
1513 5350 1521 5402 ;
1537 5330 1580 5388 uel
1602 5327 1713 5402 quando
1733 5324 1787 5398 ipsi

157 5432 349 5490 adorientem.
366 5431 442 5490 Tabe
461 5432 513 5488 tuit
531 5448 629 5490 cursus
651 5431 728 5490 Pauli
749 5434 866 5508 apostoli
880 5448 946 5492 eur·
997 5434 1056 5494 dies
1072 5432 1161 5492 elteeti
1176 5440 1203 5492 et
1214 5428 1328 5503 perlecti
1342 5428 1405 5513 aliia
1416 5425 1546 5503 perlectis
1559 5423 1594 5483 de
1616 5417 1788 5498 plenitudino

194 5606 736 5677 (as)eor.rorasotnnnennnrn.
972 5572 987 5664 ’.
1378 5565 1534 5677 ⁷‘'“a{s:r„i
1555 5648 1589 5692 2.-
