3817 6000
311 235 406 293 eu

1268 197 1574 291 nannoni
1616 232 2008 291 PRAEPOSITI
2045 234 2596 294 nstcnssnsrsnc.

3452 236 3564 295 612

312 364 421 409 tum
444 349 695 416 Ιεοϋεαιιι,
725 357 777 404 et
803 347 1161 405 ubuudmttius
1182 348 1406 403 habeant
1433 347 1632 420 (ibim).
1660 347 1738 403 Da
1762 363 1894 420 ergo
1926 369 1968 417 A
1993 349 2088 406 Dei
2127 348 2297 421 gloria
2316 391 2332 416 ,
2369 329 2541 421 'quam
2587 346 2657 405 de
2703 362 2802 404 sua
2857 348 3034 404 salute
3077 342 3355 405 solliu'fln
3391 346 3584 408 nui-1

312 440 472 499 nobis
502 440 608 497 frui
633 448 687 497 te
712 455 839 496 vcra
866 439 979 496 vita
1007 440 1076 497 de
1110 439 1201 496 die
1225 439 1282 495 in
1316 439 1460 495 diem
1492 439 1881 506 abundantius,

309 535 365 592 id
404 547 491 592 est
534 543 609 590 ita
654 542 715 590 ut
737 548 954 606 semper
987 533 1384 605 praecedentem
1424 542 1533 590 tuae
1579 531 1884 589 dulcedinis

310 627 550 684 fructum
581 634 803 699 superet
822 642 1080 698 sequens,
1104 627 1305 698 fiatque
1330 627 1687 699 praecedente,
1709 642 1886 698 quan-

309 720 560 776 tumlibet
599 719 913 776 abundante
945 735 1161 791 semper
1201 719 1585 787 abundantior,
1633 728 1693 775 ut
1717 729 1772 775 tu
1791 719 1887 791 ju-

312 813 560 884 stificeris
590 814 648 868 in
673 812 1002 868 sermonibus
1027 813 1154 880 tuis,
1182 811 1309 884 quia
1342 827 1452 868 non
1474 812 1652 869 solum
1678 811 1887 884 promi-

310 906 432 964 sisti
454 906 649 963 ovibus
675 905 806 973 tuis,
839 913 899 961 ut
922 905 1089 961 vitam
1124 905 1382 972 habeant,
1409 904 1503 961 sed
1529 914 1586 960 ut
1610 904 1886 960 abundan-

310 1006 417 1057 tius
463 1002 711 1056 habeant.
759 998 881 1056 Non
930 999 1119 1057 dixisti
1153 1019 1168 1056 z
1200 1000 1561 1067 abundanter,
1594 1000 1687 1055 sed
1717 998 1887 1054 abun·

308 1095 549 1162 dontius,
579 1109 678 1165 per
697 1094 846 1166 quod
875 1093 1268 1164 sempiternum
1301 1093 1427 1149 vitae
1456 1093 1636 1161 bonae,
1659 1091 1783 1148 vitae
1805 1091 1886 1148 fe-

309 1187 432 1244 licis
463 1187 858 1244 incrementum
884 1185 1237 1257 intelligimus
1263 1194 1318 1241 et
1338 1193 1645 1256 speramus,
1675 1183 1886 1256 quoad-'

313 1298 481 1350 nsque
513 1282 577 1334 ud
621 1278 748 1334 illm]
782 1276 1317 1334 abundantissimum
1359 1276 1567 1331 bonum
1607 1275 1888 1346 pervenia-

305 1387 453 1436 mtffi,
513 1386 625 1442 qm}
677 1370 810 1426 nihil
862 1378 942 1422 ρει
994 1366 1382 1424 ῑιὶιιιιιᾱωιῑίιιε.
1434 1364 1527 1423 Sic
1580 1365 1775 1422 Petrus
1831 1373 1885 1421 et

305 1462 549 1518 Juannes
601 1478 665 1514 :in
710 1462 886 1514 canteri
922 1462 1094 1514 sancti
1129 1459 1298 1515 vitam
1344 1457 1658 1514 babuerunt
1705 1457 1884 1511 abun-

313 1554 549 1618 dantius,
621 1554 870 1606 videlicut
934 1565 1147 1618 serralicr
1211 1555 1563 1619 augmentum
1620 1544 1886 1616 capiendo

313 1666 373 1702 aa
397 1646 710 1702 scandendi}
742 1646 810 1698 dc
846 1646 990 1698 hunt}
1026 1646 1074 1694 in
1113 1641 1331 1697 melius.
1370 1639 1577 1695 Coetcra
1613 1638 1800 1696 desunt
1826 1639 1883 1694 in

305 1742 509 1806 radice,
545 1742 685 1810 sotiis
726 1738 926 1808 ntique:
950 1738 1151 1790 hirei-ta
1174 1750 1335 1790 manu
1360 1732 1601 1788 exsectis.

806 1848 1142 1903 EPISTULA
1178 1845 1394 1902 xxvii.

313 1947 461 1999 ficiem
493 1947 561 1999 nsi
589 1943 657 1999 N.
685 1963 834 1999 snum
870 1947 917 1999 in
946 1943 1157 1999 Christo
1180 1941 1373 2012 filiam.
1405 1937 1656 2010 Ejusdem
1678 1938 1887 1993 Psalmi

385 2035 413 2071 L
433 2019 589 2071 verm
621 2031 637 2067 :
665 2035 681 2067 ι
714 2015 778 2067 Ut
814 2019 1006 2079 cincus,
1038 2029 1153 2067 cnm
1172 2011 1460 2082 judicaris,
1499 2031 1518 2062 ι
1541 2008 1711 2064 eidem
1731 2025 1890 2067 enar-

385 2099 489 2143 fal.

385 2203 585 2271 Rogas..
617 2211 669 2255 ut
706 2199 946 2271 rugando
978 2201 1153 2271 angis„
1191 2195 1301 2252 filia
1338 2195 1392 2251 in
1422 2195 1645 2252 Christo
1671 2193 1886 2252 charis·-

309 2299 473 2359 sirna,
497 2303 577 2359 ut,
601 2295 874 2363 qumnndu
898 2291 1181 2347 sni-nribus
1209 2289 1673 2346 Admontensibus
1701 2288 1887 2360 aliqua

313 2387 509 2458 scripsi
545 2387 613 2443 tiu
643 2387 730 2439 illa
758 2387 1151 2456 justiticatiune
1175 2382 1293 2452 Dei,
1316 2398 1426 2454 qua
1454 2382 1656 2439 dicitur
1683 2383 1740 2437 in
1770 2396 1888 2438 ser·-

313 2479 573 2535 monibus
592 2478 710 2535 suis
739 2477 1029 2550 justificari
1064 2477 1221 2549 juxta
1256 2475 1389 2532 illud
1424 2494 1439 2532 :
1480 2474 1549 2532 Ut
1566 2475 1884 2546 justificeris

306 2572 372 2626 in
398 2554 723 2627 sermonibus
752 2571 881 2639 tuis,
930 2570 1095 2627 etiam
1126 2568 1228 2626 tibi
1272 2569 1478 2641 aliquid
1528 2569 1766 2628 scribam
1817 2568 1887 2625 de

305 2667 406 2723 illa
452 2663 546 2722 Dei
578 2663 829 2732 victoria,
874 2664 943 2722 de
971 2679 1081 2736 qua
1115 2661 1228 2720 Deo
1261 2661 1463 2721 dicitur
1505 2681 1519 2718 :
1558 2661 1630 2719 Et
1682 2663 1883 2732 vincas,

304 2777 431 2817 cum
444 2760 709 2832 judicaris
740 2757 913 2830 (Psoi.
940 2757 1016 2830 ι).

385 2853 486 2911 Hic
511 2867 686 2925 operte
722 2851 956 2924 pretium
986 2858 1071 2908 est
1108 2850 1540 2908 animadvertere
1581 2849 1884 2922 legitimum

306 2958 558 3004 tenorem
589 2944 849 3002 victoriae.
876 2942 1065 3016 Neque
1103 2945 1248 3002 enim
1279 2953 1362 3001 est
1386 2944 1633 3011 victoria,
1657 2943 1763 3000 nisi
1789 2943 1884 3000 ubi

1986 454 2138 516 optat
2166 446 2269 518 ipsi
2309 445 2419 503 Deo
2444 444 2729 502 victoriam
2771 443 2839 500 ad
2883 443 3248 516 superandam
3293 443 3573 515 iniquita·

1987 546 2096 593 tem
2124 553 2282 595 suam
2326 538 2396 593 ad
2441 535 2839 594 excludendum
2888 536 3086 590 fortem
3135 543 3431 602 armatum,
3464 534 3570 606 qui

1985 637 2098 685 tam
2128 629 2224 685 diu
2271 628 2568 686 custodivit
2611 628 2723 684 illic
2770 627 2969 683 atrium
3015 642 3201 693 suum,
3251 641 3418 696 quam
3465 627 3572 682 diu
3663 683 3673 690 ,

1985 722 2156 780 David
2187 739 2295 780 non
2325 733 2622 796 agnoverat
2651 721 2932 794 proprium
2956 730 3188 777 reatum.
3213 719 3429 778 Peccati
3456 736 3573 777 au-

1985 824 2095 872 tem
2127 814 2368 887 perfecta
2393 808 2694 885 recognitio
2723 812 2825 869 fuit
2855 812 3002 868 iilius
3044 811 3205 868 fortis
3229 813 3572 884 expugnatio

1984 917 2039 965 et
2084 907 2298 980 ejectio.
2345 906 2500 963 Tunc
2537 921 2668 962 vero
2701 913 2863 962 cauta
2905 913 2990 961 est
3021 916 3370 976 peccatorum
3401 919 3559 960 reco-

1986 1004 2178 1077 gnitio,
2202 1003 2425 1076 quaudo
2469 1005 2525 1060 in
2562 1011 2908 1076 peccatorum
2938 999 3281 1058 confessione
3301 996 3448 1054 Deus
3472 994 3570 1069 iu-

1985 1097 2234 1162 dicatur,
2281 1096 2388 1152 boc
2435 1105 2520 1153 est
2579 1096 2928 1153 discernitur.
2993 1092 3269 1150 Interdum
3323 1102 3573 1160 namque

1975 1186 2227 1258 ‚iudicare
2250 1202 2351 1259 pro
2374 1186 2669 1243 discernere
2697 1187 2939 1258 ponitur,
2962 1194 3023 1241 ut
3052 1185 3162 1241 illic
3191 1203 3206 1239 ς
3233 1181 3426 1237 ludica
3456 1197 3564 1246 nte,

1986 1276 2151 1344 Deus,
2175 1287 2224 1332 ct
2246 1278 2482 1333 discerne
2517 1293 2735 1333 causum
2772 1292 2941 1331 nteam
2965 1273 3136 1346 (psat.
3177 1272 3334 1342 xm).
3364 1271 3570 1340 Adam,

1984 1379 2140 1442 pater
2160 1380 2368 1441 noster,
2390 1380 2513 1442 post
2537 1379 2756 1441 peccata
2780 1383 2879 1424 sua
2901 1367 3074 1423 Deum
3092 1365 3342 1435 judicare
3369 1372 3424 1420 et
3443 1364 3565 1419 dis-

1985 1478 2242 1531 cernere,
2302 1463 2376 1518 ita
2406 1471 2468 1520 ut
2505 1461 2618 1518 Deo
2644 1461 2949 1533 justitiam,
2980 1458 3197 1515 sibimet
3227 1463 3409 1511 autem
3445 1454 3568 1509 cul-

1985 1573 2110 1628 pam
2141 1557 2478 1629 assignaret,
2509 1567 2673 1627 atque
2707 1555 2784 1610 ita
2811 1555 2951 1610 inter
2979 1552 3189 1623 justum
3213 1559 3268 1607 et
3296 1549 3563 1619 injustum

1987 1650 2312 1721 dijudicaret
2360 1660 2524 1723 atque
2572 1651 2941 1717 discerneret,
2995 1645 3215 1721 [noluit]
3251 1645 3347 1703 sed
3380 1644 3566 1717 potius

1992 1745 2207 1815 culpam
2231 1760 2390 1801 suam
2416 1745 2469 1800 in
2491 1743 2662 1801 Deum
2687 1742 2888 1800 refudit
2907 1747 3236 1810 aeretorstt,
3262 1739 3352 1795 cui
3376 1738 3516 1794 dixit
3546 1755 3562 1791 ε

1993 1834 2210 1904 Mulier,
2235 1854 2393 1910 quam
2436 1836 2632 1891 dedisti
2656 1835 2785 1890 mihi
2813 1835 3035 1902 sociam,
3065 1840 3171 1889 etc.
3202 1831 3356 1905 (Gen.
3381 1832 3490 1900 ιιι.)

2061 1927 2350 1985 Imitantur
2371 1929 2520 1986 bunc
2547 1928 2721 1984 Adam
2751 1926 2847 1983 filii
2874 1927 3053 1994 multi,
3079 1926 3173 1998 qui
3209 1925 3265 1981 in
3294 1925 3409 1981 suis
3431 1939 3565 1996 peo-

1989 2021 2129 2078 catis
2154 2021 2240 2077 vel
2275 2021 2527 2093 exemplo
2561 2020 2734 2092 ipsius
2764 2019 2987 2091 culpant
3027 2018 3368 2091 fragilitatem
3398 2031 3557 2074 suam

1989 2113 2149 2184 quasi
2189 2112 2474 2169 mulierem
2518 2112 2623 2169 sibi
2653 2126 2684 2167 a
2722 2109 2834 2167 Deo
2862 2111 3163 2178 sociatam;
3199 2120 3257 2168 et
3303 2110 3560 2182 quodest

1989 2204 2254 2276 iniquius,
2277 2204 2526 2275 exemplo
2566 2202 2693 2260 Evae
2716 2212 2981 2260 accusant
3001 2211 3332 2274 serpentem,
3354 2202 3456 2259 hoc
3475 2209 3566 2257 est

1987 2294 2290 2364 diabolum,
2320 2295 2391 2351 ad
2446 2295 2647 2352 suimet
2693 2295 3123 2352 excusationem.
3165 2292 3335 2350 David
3380 2303 3564 2349 autem

1988 2403 2100 2443 non
2134 2387 2235 2456 sic,
2265 2387 2378 2443 imo
2419 2403 2479 2445 se
2503 2388 2680 2444 solum
2713 2387 2936 2460 agnovit
2963 2387 3286 2460 culpabilem
3316 2402 3382 2443 ac
3408 2401 3567 2443 men-

1987 2481 2199 2548 dacem,
2232 2479 2403 2536 Deum
2436 2496 2566 2536 vero
2590 2479 2878 2538 confessus
2906 2489 2992 2537 est
3030 2494 3299 2545 veracem,
3329 2478 3517 2534 dicens
3543 2491 3561 2530 ε

1989 2573 2126 2630 Ecce
2165 2575 2303 2631 enim
2337 2574 2613 2629 veritatem
2635 2573 2874 2629 dilexisti
2906 2572 3080 2646 (Psal.
3116 2571 3192 2644 ι).
3216 2570 3348 2628 Jure
3375 2572 3564 2642 itaque

1987 2667 2241 2740 apparuit
2285 2664 2432 2723 Deus
2474 2666 2669 2734 victor,
2695 2666 2874 2723 victus
2911 2673 3094 2723 autem
3122 2664 3394 2730 diabolus,
3425 2678 3567 2736 quo-

1986 2759 2136 2814 niam
2164 2759 2281 2831 ipse
2320 2758 2494 2815 victor
2537 2775 2569 2814 a
2613 2759 2759 2816 victo
2790 2768 2874 2814 est
2902 2758 3259 2829 dijudicatuS,
3289 2766 3344 2813 et
3383 2754 3567 2813 veraci

1985 2851 2194 2924 judicio
2239 2861 2544 2923 separatus.
2573 2851 2746 2907 Adam
2794 2868 2921 2910 vero
2962 2852 3135 2909 Deum
3164 2861 3219 2907 et
3263 2850 3565 2916 diabolum,

1987 2945 2273 3001 veritatem
2313 2952 2369 3001 et
2412 2944 2758 3003 mendacium
2807 2945 2863 3001 in
2896 2960 3007 3002 uno
3049 2944 3268 3018 negotio
3296 2943 3565 3011 confudit,

308 3049 601 3113 superatur
629 3054 761 3110 pars
798 3037 1132 3094 adversaria.
1161 3036 1324 3094 Verbi
1367 3038 1563 3109 gratia,
1591 3046 1886 3109 quantum·
1915 3059 1958 3118 C
1990 3038 2210 3109 quando
2253 3038 2467 3109 culpam
2493 3080 2508 3107 ‚
2547 3039 2708 3111 cujus
2748 3039 3000 3097 diabolus
3043 3039 3300 3096 incitator
3335 3039 3567 3107 exstitit,

307 3148 536 3204 cunque
561 3130 632 3188 sit
659 3128 817 3186 fortis
855 3129 1154 3200 imperator
1175 3128 1263 3184 vel
1285 3128 1440 3184 miles
1461 3129 1680 3200 aliquis,
1711 3128 1887 3185 victor

306 3240 427 3282 «non
458 3232 633 3301 potest
660 3221 956 3289 nominari,
973 3220 1215 3292 quandiu
1254 3220 1306 3276 ei
1331 3219 1516 3277 nullus
1541 3221 1768 3288 resistit,
1790 3222 1885 3293 qui

304 3318 387 3374 ab
423 3332 488 3374 eo
525 3318 717 3370 dehent
753 3314 913 3370 vinci.
958 3314 1010 3366 55
1046 3326 1222 3366 nuti-in
1262 3313 1460 3384 aliquis
1506 3313 1786 3380 restiterit,
1834 3323 1889 3369 et

311 3412 409 3468 Iiic
455 3414 625 3466 victus
673 3422 725 3462 rt
773 3418 1062 3478 superni-ns
1098 3406 1278 3474 fucrit,
1314 3422 1406 3474 per
1427 3407 1629 3463 victum
1660 3408 1887 3463 vincens

308 3502 541 3559 ‘victoris
573 3518 761 3554 numen
789 3502 1026 3562 haimim,
1054 3502 1400 3570 *sirtnriauque
1430 3499 1647 3555 titulum
1669 3499 1885 3555 obtine·

308 3594 396 3651 bit
440 3609 565 3651 cum
613 3602 761 3646 tunm
809 3594 998 3662 majori
1050 3594 1242 3662 gloria,
1278 3601 1484 3662 quanto
1532 3591 1728 3648 fortior
1767 3593 1887 3649 visa

305 3685 424 3742 snit
442 3701 573 3757 pars
597 3682 930 3741 adversaria..
962 3682 1234 3739 Pannonius
1286 3700 1411 3756 ergo
1455 3692 1517 3740 ut
1554 3683 1681 3740 talis
1716 3684 1889 3755 impe-

310 3786 467 3835 rator
505 3779 585 3835 vel
629 3779 785 3835 miles
821 3779 1162 3848 pruniisissrt
1198 3795 1254 3831 se
1298 3776 1532 3848 aliquam
1564 3785 1766 3832 terram
1795 3775 1889 3831 de-

310 3869 561 3935 fendere,
589 3879 753 3941 atquc
785 3871 837 3923 in
873 3871 1186 3939 liujnsnmdi
1218 3869 1577 3939 promissione
1598 3867 1759 3924 vellet
1794 3866 1888 3938 ju-

305 3972 438 4020 stus
473 3975 529 4019 el.
561 3979 717 4019 verus,
753 3979 1118 4031 perseverum.
1150 3959 1353 4017 [ζηιιινιι
1382 3976 1544 4030 qttem
1591 3960 1639 4016 si
1681 3960 1891 4016 veniret

307 4052 479 4111 fortis
509 4067 769 4119 armatus,
813 4055 1110 4123 furtimque
1154 4067 1351 4107 terram
1399 4051 1547 4107 illam
1587 4052 1814 4107 intraret
1835 4059 1891 4107 et

313 4155 579 4215 vastaret,
603 4147 712 4203 nisi
738 4147 855 4217 ipse
877 4144 1073 4202 fortior
1097 4144 1488 4217 superveniens
1520 4144 1672 4199 illum
1705 4144 1888 4199 vince-

313 4249 421 4309 ret,
464 4255 574 4297 non
598 4239 988 4312 justificaretur
1013 4239 1068 4293 in
1112 4238 1227 4295 suis
1256 4237 1625 4304 sermonibus,
1674 4236 1785 4292 imo
1811 4237 1891 4292 vi-

306 4330 539 4387 deretur
569 4328 735 4386 fallax
761 4338 817 4387 et
860 4330 1119 4402 injustus,
1172 4329 1416 4401 quaudiu
1446 4329 1763 4400 praevaleret
1797 4327 1890 4384 ille

314 4422 474 4479 fortis
498 4432 764 4480 armatus.

388 4515 467 4571 lta
505 4517 766 4572 nimirum
808 4515 971 4584 Deus,
1005 4515 1302 4587 imperator
1342 4514 1695 4584 fortissimus,
1722 4517 1776 4573 in
1804 4516 1890 4573 sui

310 4606 606 4661 tuitionem
630 4622 695 4663 ac
724 4604 1096 4664 defensionem
1128 4616 1445 4679 susceperat
1482 4623 1666 4680 regem
1696 4607 1890 4677 David,

306 4712 481 4769 quem
511 4697 749 4770 elegerat
776 4697 1078 4755 secundum
1101 4713 1200 4756 cor
1227 4713 1410 4766 suum,
1435 4698 1524 4756 cui
1546 4698 1709 4754 etiam
1732 4700 1890 4771 jura-

316 4798 490 4858 verat,
521 4792 669 4863 quod
703 4792 773 4849 de
814 4791 994 4850 fructu
1026 4795 1233 4851 ventris
1263 4795 1438 4867 ipsius
1466 4801 1692 4865 poneret
1727 4808 1892 4865 super

307 4883 501 4939 sedem
548 4876 689 4956 ejus,
722 4885 778 4941 In
817 4886 923 4942 hoc
964 4887 1203 4943 maxime
1239 4887 1554 4958 juramento
1589 4884 1759 4942 Deum
1788 4902 1889 4956 op-

311 4974 455 5030 tavit
481 4973 652 5033 David
676 4978 969 5048 justificari
996 4988 1053 5035 et
1081 4980 1353 5037 verificari
1386 4979 1573 5036 diceus
1603 4999 1616 5034 :
1642 4978 1892 5036 Miserere

314 5066 443 5136 snei,
472 5077 532 5123 ut
570 5069 887 5140 justificeris
910 5069 985 5124 'in
1029 5071 1355 5126 sermonibus
1393 5070 1498 5125 tuis
1546 5069 1748 5141 (ibim).
1777 5068 1888 5126 *Ve-

310 5173 445 5216 rum
487 5159 617 5231 quia
658 5160 816 5232 juxta
862 5162 1288 5235 increpationem
1334 5158 1549 5219 Nathan
1591 5161 1889 5234 prophetae,

311 5254 415 5324 qui
446 5253 502 5309 in
534 5253 697 5310 titulo
724 5254 919 5326 psalmi
954 5253 1122 5326 buius
1153 5263 1397 5324 notatur,
1420 5255 1764 5327 peregrinus,
1793 5255 1889 5326 qui

313 5344 388 5402 ad
416 5360 545 5401 eum
576 5354 804 5404 venerat
840 5348 996 5419 quasi
1021 5346 1180 5403 fortis
1224 5355 1489 5416 armatus,
1528 5347 1597 5403 ad
1636 5346 1742 5403 boc
1775 5363 1893 5403 ma-

308 5437 514 5494 chinas
534 5442 748 5511 peccati
797 5449 1204 5510 construxerat,
1227 5450 1289 5497 ut
1311 5442 1686 5514 juramentum
1709 5454 1892 5497 sermo

314 5526 420 5582 Dei
452 5528 855 5603 falsificaretur,
887 5543 943 5592 et
969 5535 1043 5591 ita
1065 5534 1469 5609 quodammodo
1493 5533 1659 5601 Deus,
1686 5535 1780 5605 qui
1808 5544 1895 5589 est

320 5617 542 5685 veritas,
566 5636 598 5677 a
625 5626 914 5683 mendacio
939 5627 1268 5695 vinceretur,
1292 5627 1422 5703 dum
1448 5625 1628 5682 divina
1653 5627 1892 5696 promis-

317 5706 657 5783 ⁸³⁰Pr⁰Plev
683 5728 963 5787 peceatum
991 5735 1103 5778 nou
1132 5720 1469 5793 impleretur,
1491 5718 1648 5785 quasi
1675 5717 1796 5781 plus
1824 5718 1894 5777 de

1990 3132 2158 3187 etiam
2207 3131 2320 3189 Deo
2367 3134 2688 3205 assignavit,
2744 3134 2838 3205 qui
2895 3135 3202 3203 mulierem,
3253 3149 3353 3207 per
3398 3149 3566 3205 quam

1989 3223 2252 3295 deceptus
2278 3231 2418 3288 erat,
2445 3224 2525 3280 illi
2554 3226 2868 3282 associavit.
2915 3224 3041 3283 Ideo
3067 3226 3477 3299 quodammodo
3503 3242 3566 3283 se

1988 3328 2186 3384 passus
2211 3323 2298 3372 est
2336 3314 2668 3373 invincibilis
2696 3317 2838 3373 Deus
2883 3316 3049 3386 vinci,
3078 3318 3208 3374 dum
3238 3333 3335 3389 per
3371 3317 3567 3374 diabo-

1988 3404 2102 3461 lum
2130 3406 2338 3477 ejectus
2365 3417 2450 3464 est
2474 3408 2543 3466 de
2588 3409 2866 3481 paradiso,
2890 3424 3054 3481 quem
3083 3410 3203 3482 ipse
3225 3419 3485 3480 posuerat
3510 3410 3568 3466 in

1989 3497 2268 3566 paradiso.

2063 3588 2171 3646 Sed
2212 3605 2360 3647 nunc
2400 3590 2676 3661 diabolus,
2699 3591 2794 3662 qui
2827 3607 2887 3649 se
2918 3590 3182 3648 victorem
3204 3591 3562 3664 gloriabatur,

1990 3698 2058 3739 ex
2109 3682 2330 3738 illorum
2375 3683 2698 3754 poenitentia
2727 3691 2783 3739 et
2830 3683 3177 3741 confessione
3219 3682 3330 3740 Deo
3367 3684 3566 3741 trium-

1990 3773 2192 3843 phante
2221 3773 2542 3843 revincitur,
2589 3791 2653 3831 ac
2682 3790 2777 3847 per
2821 3789 2918 3832 eos
2944 3786 3255 3848 superatur,
3302 3793 3332 3833 a
3362 3777 3564 3849 quibus

1991 3862 2135 3920 Deus
2165 3864 2220 3919 in
2264 3865 2380 3921 suis
2413 3866 2759 3922 sermonibus
2784 3866 2969 3937 justus
2996 3876 3052 3923 et
3103 3883 3265 3923 verax
3309 3877 3365 3924 et
3391 3870 3567 3925 victor

1990 3969 2112 4012 esse
2136 3955 2436 4026 judicatur,
2470 3958 2598 4013 dum
2644 3957 2694 4013 ei
2722 3970 3004 4029 peccatum
3049 3961 3290 4018 bominis
3335 3961 3568 4019 nullate·

1990 4061 2097 4101 nus
2125 4047 2456 4118 assignatur.
2502 4046 2547 4104 Ο
2587 4065 2753 4121 quam
2800 4050 3039 4122 gloriosa
3067 4062 3152 4110 est
3179 4053 3283 4110 ista
3314 4053 3564 4121 victoria,

1991 4136 2086 4192 ubi
2130 4138 2501 4209 triumphante
2548 4141 2775 4197 veritate
2821 4142 3058 4198 vincitur
3111 4144 3454 4201 mendacium
3512 4154 3568 4201 et

1991 4233 2153 4304 culpa
2178 4233 2338 4304 quasi
2362 4249 2458 4305 per
2477 4234 2715 4305 gladium
2747 4236 3060 4307 ancipitem,
3084 4237 3215 4294 dum
3245 4254 3354 4294 non
3387 4240 3565 4296 solum

1991 4323 2060 4381 de
2081 4341 2161 4394 se,
2190 4326 2285 4383 sed
2311 4326 2476 4382 etiam
2520 4326 2589 4384 de
2620 4328 2732 4385 Deo
2757 4329 3042 4401 profitetur
3064 4330 3231 4387 bomo
3252 4334 3561 4399 veritatem,

1917 4438 1970 4499 ῃ
1995 4419 2305 4476 confitendo
2327 4419 2538 4477 scilicet
2567 4438 2628 4479 se
2674 4423 3016 4492 mendacem,
3048 4424 3220 4480 Deum
3250 4436 3432 4482 autem
3469 4442 3567 4482 ve-

1992 4514 2202 4568 racem!
2248 4512 2550 4571 Confessus
2593 4522 2679 4571 est
2703 4513 2870 4571 David
2894 4532 2954 4572 se
2979 4517 3294 4575 mendacem
3325 4519 3513 4575 dicens
3545 4537 3562 4574 t

1994 4603 2129 4661 Ecce
2152 4607 2293 4661 enim
2324 4607 2381 4661 in
2408 4606 2778 4679 iniquitatibus
2807 4617 3081 4680 conceptus
3113 4626 3249 4677 sum,
3282 4622 3333 4665 et
3354 4610 3410 4665 iu
3438 4626 3561 4680 pec·

1992 4700 2126 4754 catis
2168 4700 2400 4771 concepit
2447 4717 2528 4755 mc
2571 4709 2741 4755 mater
2778 4717 2894 4756 mea
2924 4701 3123 4773 (ibim).
3155 4700 3448 4758 Confessus
3476 4710 3566 4758 est

1991 4808 2210 4864 quoque
2235 4792 2406 4849 Deum
2432 4808 2680 4850 veracem
2711 4795 2900 4852 dicens
2927 4814 2941 4851 ε
2972 4794 3108 4850 Ecce
3128 4796 3267 4850 enim
3288 4796 3565 4851 veritatem

1991 4885 2250 4941 dilexisti.
2293 4884 2410 4941 Tali
2435 4885 2645 4955 judicio
2682 4885 2826 4945 Deus
2858 4887 3134 4958 judicatus
3160 4887 3295 4944 vicit
3339 4888 3566 4944 menda-

1991 4975 2162 5043 cium,
2190 4984 2247 5033 et
2280 4976 2397 5048 ipse
2440 4975 2636 5034 fortior
2680 4977 2915 5035 exclusit
2941 4977 3138 5034 fortem
3164 4987 3460 5045 armatum,
3492 4978 3562 5034 li-

1990 5068 2189 5126 berans
2231 5069 2301 5126 ab
2353 5068 2447 5125 illo
2483 5070 2682 5126 atrium
2713 5086 2895 5136 suum,
2941 5069 2996 5126 id
3023 5080 3107 5127 est
3132 5086 3227 5129 cor
3256 5071 3422 5128 David
3446 5072 3562 5143 pri-

1992 5160 2161 5218 mitus
2187 5170 2245 5218 et
2265 5162 2530 5219 divinitus
2553 5163 2807 5230 electum,
2840 5162 2937 5219 sed
2960 5178 2993 5218 a
3018 5162 3239 5222 diabolo
3263 5166 3563 5238 posteain·

1990 5269 2204 5310 vasum.

2066 5345 2170 5402 Sed
2204 5353 2260 5402 et
2309 5345 2416 5401 boc
2458 5345 2624 5401 modo
2653 5354 2801 5402 recte
2838 5347 2982 5404 Deus
3006 5347 3305 5419 judicatur,
3330 5348 3437 5405 boc
3481 5356 3567 5405 est

1991 5438 2343 5506 discernitur,
2391 5452 2518 5494 cum
2563 5438 2698 5509 ipse,
2730 5438 2825 5510 qui
2862 5448 2946 5496 est
2992 5441 3216 5508 veritas,
3262 5442 3317 5497 in
3346 5441 3568 5497 homine

1991 5533 2258 5588 veraciter
2298 5541 2558 5603 arguente
2613 5540 2895 5604 peccatum
2937 5549 3031 5591 seu
3078 5534 3422 5591 mendacium
3476 5550 3566 5589 ar-

1992 5637 2159 5696 guere
2177 5622 2481 5693 judicatur,
2528 5631 2584 5681 e't
2626 5625 2698 5681 ob
2725 5624 2830 5682 boc
2862 5626 2982 5697 ipse
3020 5642 3259 5698 arguens
3302 5635 3566 5697 tanquam

1995 5715 2139 5773 Deus
2159 5722 2376 5774 amatur
2399 5724 2453 5774 et
2486 5716 2806 5790 bonoratur,
2827 5718 3086 5791 quoniam
3122 5718 3179 5773 in
3207 5718 3321 5788 iIlo,
3346 5726 3407 5774 ut
3426 5718 3563 5793 dixi,
