3817 6000
159 225 211 285 ιιι
620 226 775 297 ιιιιιειιι
790 223 973 287 oannes.
995 226 1025 287 s.
1045 194 1328 288 ureronrsnsnts
1735 235 1799 299 rra

161 339 283 397 dimensa
298 337 489 403 delectationis
502 340 612 398 lrrcauta
628 358 683 399 non
703 343 845 416 perspicit,
870 343 952 399 ctiam
967 349 992 407 Α
1005 354 1072 400 erret
1087 345 1145 399 dies
1161 342 1230 416 (ier.
1244 342 1302 413 ss).
1317 338 1388 397 ilinc
1401 340 1530 413 estquod
1546 358 1640 401 rocem
1662 347 1800 418 poenieerp

161 430 190 488 lu
204 439 313 488 ιιιιειειιι
329 431 507 502 ricquiseimae
522 434 734 507 perpetrationis
747 436 813 492 ruit.
832 434 954 495 Solcrter
1005 436 1073 496 tium
1089 437 1117 491 in
1132 450 1162 492 se
1173 435 1273 491 iterum
1288 434 1407 506 sumpsit
1421 433 1553 505 propbeta
1577 437 1695 497 dicens:
1712 438 1800 514 impe·

160 537 228 595 erpo
240 522 407 596 vigilandum
422 533 474 593 est,
488 534 519 581 ut
532 541 595 582 eum
608 525 727 584 blandiri
737 528 818 600 eulpa
830 526 953 597 inchoat,
1004 528 1091 600 qimm
1106 529 1216 583 mmidic
1230 528 1307 600 quari
1322 527 1351 582 in
1363 528 1486 597 tenebris,
1500 529 1530 584 in
1549 526 1703 602 caliqinoris
1720 533 1800 605 quasi

159 616 195 672 ud
208 626 341 688 quantum
357 616 496 675 interitum
509 633 588 675 mens
602 618 745 688 trahatur,
758 628 899 693 agnoscat.
1005 618 1104 673 mortui
1128 616 1199 689 (ltu.
1227 634 1284 685 arr,
1308 616 1364 690 (0).
1383 614 1455 675 ilino
1471 604 1570 676 ilerum
1595 619 1661 677 dicit
1678 639 1686 678 r
1702 621 1800 679 Custos

199 707 278 778 (stit)
288 706 347 766 Ulsl
360 710 472 766 numine
483 710 595 767 claritas
611 706 765 769 iutelledtus
782 710 953 782 designatur,
1004 709 1068 781 quid
1082 709 1316 774 denumerantes
1330 711 1395 782 quid
1413 709 1447 764 de
1465 712 1560 767 nocui
1571 709 1641 783 (lca.
1667 729 1725 781 nr,
1742 715 1799 786 ιι).

160 796 233 854 siout
244 812 293 868 per
305 797 415 855 beatum
427 797 480 855 iob
492 799 527 858 de
540 798 604 856 liliis
616 798 676 856 suis
689 798 790 856 dicitur
803 817 810 855 ε
829 797 866 854 Et
879 798 954 854 ibant
1004 799 1079 857 Uisit
1092 810 1186 858 custos
1199 819 1206 856 a
1224 799 1308 857 Vertit
1322 815 1404 857 mane
1417 809 1445 856 et
1457 816 1529 870 unx;
1547 801 1582 859 do
1606 812 1686 860 nocte
1697 804 1800 861 etenim

160 890 214 959 iiiii
232 890 304 961 ejus,
332 900 359 946 et
383 891 518 962 saeuiant
542 892 658 952 conuiuia
674 909 719 965 per
732 892 850 949 domos:
870 909 954 948 unas·
1004 891 1079 950 uenit
1104 902 1215 961 eustos,
1239 892 1305 964 quia
1328 892 1443 949 bomani
1468 892 1576 965 quomis
1599 902 1747 965 protectur,
1771 905 1801 953 et

160 975 271 1058 quisque
293 984 321 1038 in
345 982 388 1039 die
410 1000 459 1040 rao
483 983 544 1057 (tot
569 1000 590 1056 ι,
613 984 652 1054 ll.
675 984 808 1043 Filiorum
830 983 953 1055 nomine,
1005 979 1169 1038 maniiestus
1183 979 1211 1036 in
1225 994 1308 1037 carne
1322 980 1459 1053 apparuit,
1473 987 1502 1037 ει
1513 989 1604 1037 ιιιιιει
1617 981 1691 1041 bunc
1702 998 1799 1054 pressa

161 1076 250 1132 sancti
269 1074 387 1146 apostoli
402 1076 590 1148 designantur.
606 1074 745 1149 Filiiergo
767 1073 868 1132 iactari
887 1090 954 1132 con·
1005 1071 1126 1144 perildiae
1149 1087 1207 1129 suae
1230 1071 1351 1129 tenebris
1364 1070 1457 1129 iudea
1472 1072 1586 1131 minime
1600 1075 1720 1148 agnouit.
1746 1075 1800 1132 Ubi

159 1165 233 1222 sicia
254 1181 304 1238 per
315 1167 414 1227 domos
428 1167 515 1235 ibatis,
537 1182 600 1223 cum
622 1167 814 1238 praedicatores
836 1165 954 1238 apostoli
1004 1163 1118 1221 boacca
1132 1178 1200 1222 soce
1219 1164 1483 1223 custodisadditur:
1498 1164 1580 1224 Venit
1593 1182 1674 1224 manc
1690 1177 1718 1224 et
1731 1184 1798 1237 noa,

158 1257 187 1314 in
215 1257 332 1315 dirersis
370 1258 467 1318 mundi
497 1258 674 1330 regionibus,
700 1257 831 1315 uirtutum
858 1257 954 1330 epulas
1004 1254 1070 1331 quia
1092 1270 1142 1326 per
1155 1254 1216 1328 ejus
1229 1257 1539 1331 presentiametnova
1559 1257 1607 1314 lor
1621 1261 1730 1327 pannio
1752 1261 1799 1316 in·

101 1386 106 1395 1
162 1347 349 1418 audientibus,
362 1350 442 1423 quasi
454 1348 598 1406 edentibus
613 1349 818 1408 ministrabant.
836 1348 914 1409 Unde
926 1359 954 1406 ct
1004 1347 1113 1416 claruit,
1131 1356 1158 1406 et
1181 1348 1316 1404 tamenin
1339 1348 1799 1408 cordeintldeliunrsetustawci-

159 1439 265 1497 eisdem
281 1440 345 1497 liliis
359 1442 393 1499 ds
406 1440 592 1498 esurientibus
603 1441 729 1514 plebibus
745 1442 847 1503 dicitur
860 1458 869 1503 t
884 1440 954 1498 Uota
1004 1447 1048 1495 tas
1070 1437 1302 1498 renunciatione
1319 1447 1411 1496 ιιιειιι
1425 1440 1546 1498 dicitur:
1563 1438 1648 1509 Quasi
1661 1442 1689 1498 in
1705 1453 1796 1513 uoctc,

159 1531 217 1588 illis
228 1549 278 1590 mr
293 1534 456 1595 mortdoeare
470 1533 581 1605 (lintri.
602 1551 659 1603 ιιι,
681 1536 746 1607 lii:
762 1534 796 1592 Ut
818 1528 952 1593 rursum:
1003 1532 1046 1589 sic
1070 1531 1220 1603 palpabunt
1243 1531 1272 1589 iu
1300 1531 1425 1590 meridie.
1455 1531 1514 1589 Uoc
1537 1531 1638 1609 quippe
1660 1533 1797 1605 palpando

159 1619 356 1679 Dimittereeor
364 1622 472 1701 ,ieiunos
486 1622 734 1696 noio,nedepeiont
746 1624 773 1682 in
787 1623 952 1696 nialliottb.
1004 1624 1175 1697 exquirimus
1200 1623 1275 1696 quod
1296 1623 1384 1682 oculis
1409 1638 1465 1680 nou
1487 1623 1622 1695 ridemus.
1646 1622 1732 1681 Judaei
1746 1641 1797 1681 au-

160 1729 206 1781 ιι,
222 1713 279 1786 66).
296 1712 324 1770 16
338 1714 423 1771 estin„
435 1714 628 1786 predicatione
645 1725 735 1774 restra
754 1715 867 1777 verbum
882 1731 951 1778 oon·
967 1707 989 1765 B
1004 1727 1060 1774 tem
1079 1726 1175 1790 aperta
1196 1717 1256 1788 ejus
1280 1717 1413 1775 miracula
1433 1716 1570 1784 uiderant,
1583 1726 1611 1774 et
1627 1716 1717 1774 adbuc
1730 1732 1796 1774 eum

159 1804 303 1861 solutionis
317 1805 463 1878 accipiant,
478 1821 540 1865 nea
554 1806 679 1865 ueritatis
693 1807 795 1879 pabulo
805 1806 894 1880 ieiuni
908 1822 952 1866 re·
1003 1811 1083 1883 quasi
1106 1810 1248 1882 palpantes
1261 1809 1444 1881 iuquirebant,
1469 1824 1532 1865 cum
1556 1807 1678 1865 dicerent
1697 1826 1704 1863 :
1723 1806 1797 1877 Quo·

159 1907 312 1968 manentes,
336 1901 364 1955 iu
380 1899 464 1975 buius
483 1901 547 1957 rite
560 1900 655 1958 labore
675 1900 865 1957 succumbant.
882 1898 953 1957 llius
1003 1920 1085 1976 arque
1099 1904 1218 1961 animam
1239 1913 1359 1958 nostram
1375 1902 1456 1973 522
1471 1900 1555 1956 tollis.
1580 1899 1611 1956 st
1633 1910 1662 1955 tu
1679 1916 1706 1955 es
1718 1900 1797 1957 Cirri-

159 2004 271 2046 rursum
284 1990 388 2053 eisdem
401 1992 465 2051 liliis
479 1992 600 2049 dicitur:
619 1992 773 2064 operamini
791 2008 844 2049 non
864 1991 952 2051 cilium
1002 2005 1070 2065 crac,
1088 1994 1132 2051 dic
1150 1994 1225 2050 nobis
1240 1994 1332 2067 polam
1345 1993 1436 2066 (laon.
1451 2010 1477 2062 ι,
1490 1991 1548 2063 st).
1562 1990 1633 2050 Eoos
1648 1991 1798 2049 miraculo-

160 2082 207 2152 qai
219 2083 298 2152 imit,
312 2083 358 2139 wi
369 2085 414 2156 oui
426 2097 561 2156 permanet
581 2086 609 2141 in
623 2086 704 2142 uitam
715 2095 843 2143 eternam
852 2083 950 2159 ((Ιοιιι.
1003 2105 1065 2147 rum
1080 2090 1127 2145 lun
1145 2096 1209 2146 ante
1224 2089 1320 2144 oeulos
1335 2086 1440 2155 aderat,
1457 2095 1484 2143 et
1496 2092 1587 2141 tamen
1603 2085 1631 2141 in
1646 2083 1737 2142 cordis
1751 2084 1796 2141 sui

159 2186 198 2241 rt,
211 2172 269 2246 si).
284 2172 351 2242 Qua
364 2175 489 2237 contritis
511 2178 651 2249 quomodo
670 2177 876 2247 exhiberentur,
899 2176 951 2235 ad·
1004 2181 1124 2242 tenebris
1134 2179 1281 2238 offerentes
1293 2179 1384 2236 adbuc
1397 2177 1561 2250 requirendo
1576 2177 1733 2249 palpabant.

156 2265 301 2343 jungitur,
327 2282 391 2325 cum
413 2268 560 2338 subditur,
582 2270 762 2343 unusquisque
782 2268 813 2324 in
831 2270 875 2327 die
889 2287 949 2326 ruo.
1039 2273 1115 2345 (606)
1140 2271 1253 2333 Uierum
1275 2271 1386 2329 nomine
1400 2271 1514 2341 singulae
1527 2270 1678 2328 electorum
1696 2270 1796 2327 anime

160 2356 190 2417 Si
201 2357 364 2431 ignorantiae
377 2358 532 2419 obscuritas
545 2361 606 2419 sine
618 2360 789 2420 dubitatione
808 2378 864 2419 nos
887 2378 952 2420 cor·
1002 2363 1191 2435 designantur,
1203 2361 1275 2421 sicut
1288 2376 1337 2433 per
1351 2360 1461 2422 matum
1478 2358 1531 2417 lob
1542 2359 1577 2416 de
1591 2371 1672 2418 nocte
1692 2359 1721 2415 in
1737 2375 1795 2431 qun

158 2448 202 2505 dis
218 2458 271 2518 est,
286 2450 439 2508 intellectus
450 2442 505 2508 non
519 2452 656 2510 immerito
666 2452 727 2511 dies
736 2463 859 2511 uocatur.
874 2452 952 2513 Unde
1002 2464 1152 2529 conceptus
1171 2462 1215 2513 est
1234 2455 1337 2516 dieitur
1358 2472 1366 2514 r
1385 2453 1448 2511 Non
1464 2462 1629 2525 computetur
1650 2454 1679 2508 in
1702 2453 1795 2509 diebus

160 2554 211 2615 per
223 2539 340 2599 Paulum
355 2542 477 2601 dicitur:
493 2543 572 2605 Alius
583 2545 690 2616 judicat
703 2546 773 2602 diem
784 2547 855 2603 inter
864 2546 951 2615 dmm:
1002 2551 1077 2618 anni,
1092 2565 1139 2605 nse
1149 2554 1301 2604 numeretur
1311 2548 1340 2603 in
1353 2546 1485 2603 ruentibus
1499 2546 1560 2621 (lob
1574 2563 1617 2619 ιιι,Ι
1631 2546 1670 2618 6).
1684 2546 1795 2602 Asinum

158 2632 230 2692 eiius
240 2633 346 2704 judicat
358 2651 461 2693 omnem
470 2636 540 2693 abac
551 2636 639 2710 (som.
652 2652 709 2706 ιιι,
721 2639 761 2710 6).
773 2639 812 2695 bc
824 2638 848 2696 si
858 2649 952 2710 aperte
1002 2656 1122 2713 namque
1137 2639 1357 2714 pradicationem
1370 2654 1497 2710 supernae
1511 2638 1605 2713 gratiae
1624 2654 1679 2695 non
1696 2638 1795 2695 incon·

158 2724 232 2785 dicat
249 2744 257 2783 a
277 2727 350 2784 alius
371 2728 496 2800 quaedam
513 2729 653 2788 nonnullis
670 2730 836 2789 intermissis
848 2732 951 2790 intelli-
1003 2733 1143 2790 senienter
1159 2732 1321 2814 accinimus,
1336 2733 1401 2805 quia
1422 2732 1494 2789 sicut
1510 2731 1539 2788 in
1559 2746 1633 2789 anno
1658 2732 1795 2803 congestis

158 2817 208 2890 pit,
222 2818 294 2877 alius
307 2835 374 2877 sero
388 2821 480 2877 omnia
499 2822 535 2879 ud
550 2822 720 2882 intellectum
740 2825 893 2897 possibilia,
912 2826 951 2885 ila
1002 2827 1100 2886 diebus
1117 2836 1226 2904 tempus
1240 2828 1392 2901 perficitur,
1406 2829 1443 2885 ita
1457 2829 1485 2884 in
1503 2844 1623 2901 superna
1639 2830 1725 2902 gratia
1738 2832 1796 2886 uir·

110 2916 118 2923 “
158 2914 190 2963 ut
210 2918 276 2971 sunt
290 2909 417 2979 ridenda,
440 2913 591 2984 cognoscit.
620 2911 816 2991 Unusquisque
837 2931 903 2988 crgo
920 2916 950 2973 iu
1001 2927 1092 2978 tutum
1107 2917 1248 2993 multiplex
1262 2921 1318 2978 sita
1339 2920 1502 2993 completur.
1523 2919 1617 2979 Potest
1629 2938 1678 2993 per
1690 2938 1794 2983 annum

157 2996 202 3056 dle
217 3015 268 3060 suo
290 3001 447 3059 concinium
469 3003 590 3074 exbibet,
612 3005 676 3077 quia
698 3017 811 3065 sarnatus
833 3008 950 3084 quisque
963 3046 986 3108 C
1001 3013 1084 3071 ειὶιιιι
1099 3011 1247 3072 multitudo
1267 3013 1613 3096 intelligiredemptorum,
1635 3014 1699 3086 quia
1720 3015 1795 3074 sicut

155 3091 948 3173 praedicatorjuslamensuramillumiuataeintelligentie,
1000 3121 1035 3163 ex
1059 3106 1167 3164 dierum
1190 3106 1602 3176 multitudineannosducitur,
1620 3107 1657 3163 ita
1678 3123 1713 3165 ει
1736 3110 1795 3166 col·

156 3192 265 3248 mentes
278 3185 449 3249 audientium
468 3189 592 3262 epistolis
609 3190 730 3252 veritatis
745 3192 825 3266 521
850 3194 948 3265 pascit.
1000 3198 1118 3258 lectione
1132 3200 1269 3257 bonorum
1282 3199 1406 3257 omnium
1429 3199 1475 3257 illa
1495 3199 1675 3258 electorum
1667 3216 1795 3257 tanume-

39 3288 45 3301 ·
157 3275 186 3333 ln
197 3278 242 3335 die
254 3294 305 3337 suo
316 3278 419 3344 Paulus
431 3283 590 3346 convivium
604 3280 716 3352 iecerat,
735 3300 799 3348 cum
819 3286 947 3350 dicebat:
1000 3288 1097 3351 rabilis
1110 3290 1276 3347 universitas
1298 3289 1433 3362 expletur.
1457 3287 1537 3347 Uuno
1555 3305 1675 3362 namque
1689 3305 1793 3346 annum

156 3371 295 3428 Beatiorer
309 3382 387 3430 crunt
407 3375 432 3429 ri
442 3375 481 3430 ric
495 3376 690 3445 permanserint
702 3376 847 3432 secundum
860 3394 949 3434 meunt
1000 3378 1121 3452 perlecta
1134 3380 1318 3438 multitudiuis
1331 3379 1417 3437 Isaias
1431 3381 1561 3452 predicat
1571 3380 1667 3439 dicens
1680 3399 1689 3437 z
1704 3379 1795 3453 Spiri-

157 3464 300 3521 conrilium
312 3465 387 3539 (Gor.
406 3482 455 3536 ιιι,
470 3466 528 3540 60).
540 3467 579 3526 οε
591 3468 635 3526 die
650 3483 702 3526 suo
724 3485 949 3543 unumquemque
1000 3471 1159 3528 turbemini
1168 3488 1247 3543 super
1263 3487 1314 3540 me,
1331 3487 1362 3527 eo
1380 3470 1450 3544 quod
1462 3474 1538 3528 unxit
1564 3488 1616 3542 me,
1633 3471 1670 3527 ad
1685 3488 1793 3527 annun·

156 3557 321 3616 admonebat
342 3561 473 3633 cogitare,
497 3577 560 3618 cum
574 3560 698 3620 diceret:
716 3560 903 3638 Unusquisque
919 3566 948 3627 in
1000 3561 1106 3622 tiadum
1133 3562 1280 3622 mansuetis
1303 3562 1377 3619 misit
1392 3578 1449 3630 rae,
1478 3572 1507 3617 ut
1524 3563 1642 3618 mederer
1668 3561 1792 3617 contritis

156 3665 205 3706 suo
220 3667 299 3707 sensu
309 3653 424 3716 abundet
439 3653 528 3726 (Rom,
543 3671 599 3727 mr,
613 3653 653 3727 6),
999 3653 1087 3723 corde,
1101 3663 1126 3710 et
1133 3655 1426 3726 predicaremcaptiois
1440 3654 1645 3726 induiqcntiom,
1657 3666 1683 3710 et
1692 3652 1793 3709 clausis

192 3743 253 3801 Uici
275 3745 387 3803 nomine
411 3745 542 3818 spiritalis
563 3749 660 3805 doctor
684 3748 854 3823 designatur,
876 3748 950 3807 slout
999 3748 1174 3821 apertionem,
1189 3758 1219 3805 ut
1239 3748 1413 3821 predicarem
1438 3763 1537 3803 annam
1561 3746 1719 3818 placabilem
1736 3745 1793 3800 Ue-

156 3851 205 3912 per
220 3833 528 3900 Psalmlstamdicitur:
543 3837 669 3900 Uiesdiei
680 3835 949 3907 eructatoerlrrm,et
999 3841 1066 3898 mini
1088 3839 1158 3914 (lua.
1181 3855 1246 3908 sss,
1270 3838 1321 3910 li:
1347 3853 1437 3897 annus
1465 3838 1538 3895 eninr
1569 3837 1711 3911 placabilis
1735 3836 1792 3892 Do-

157 3945 212 3992 noa
231 3929 303 3985 noeti
322 3928 424 3987 indicat
447 3930 587 3992 scientiam
607 3929 695 4003 (Psoi.
713 3946 793 3999 xmtt,
805 3932 845 4003 3),
857 3930 947 3999 idest,
998 3931 1067 3987 utini
1092 3931 1269 4003 predicatur,
1295 3944 1359 3987 cum
1383 3928 1478 3985 lutura
1497 3928 1574 4001 plebs
1586 3927 1707 3985 fidolium
1720 3927 1793 3984 reri·

156 4021 308 4095 spiritualis
322 4022 457 4095 spirituali
472 4023 507 4082 de
520 4023 601 4093 pleno
625 4023 729 4095 prolcrt
743 4024 857 4081 verbum
874 4026 948 4099 quod
1000 4023 1065 4081 tatis
1077 4022 1182 4080 lumine
1194 4020 1356 4080 illustrando
1375 4021 1543 4093 predicitur.
1561 4019 1633 4088 Quid
1657 4035 1723 4076 vero
1743 4035 1794 4091 per

156 4124 217 4174 arat
228 4115 302 4175 Deus
315 4114 344 4171 iu
355 4113 491 4187 principio
502 4113 575 4187 apud
588 4112 687 4177 Deum.
999 4116 1059 4175 Ues
1071 4115 1126 4173 nisi
1147 4115 1263 4188 singulae
1284 4129 1401 4186 quaeque
1413 4113 1561 4169 electorum
1575 4113 1700 4168 mentes!
1720 4109 1792 4178 Quid

193 4205 270 4279 (696)
288 4205 347 4262 Diei
356 4206 468 4264 nomine
481 4206 593 4268 claritas
600 4207 817 4265 conuersationis
828 4207 948 4267 lisdem·
999 4223 1171 4286 permenses
1194 4206 1247 4263 nisi
1262 4206 1451 4280 multiplicatae
1469 4220 1566 4263 corum
1580 4202 1711 4261 Ecclesiae
1730 4219 1793 4276 qnae

151 4299 245 4372 ptoris
267 4296 355 4358 nostri
370 4297 399 4354 iu
412 4312 495 4356 carne
510 4298 678 4370 designatur,
695 4299 769 4355 sicut
791 4299 826 4356 de
846 4300 948 4360 iudaeis
999 4316 1084 4362 uuam
1106 4299 1270 4358 catholicam
1296 4297 1410 4364 iaciunt,
1436 4296 1631 4370 designantur-i
1655 4296 1709 4352 llio
1729 4312 1794 4367 erqo

157 4391 247 4463 ipsius
257 4387 481 4462 persecutoribus
488 4387 599 4460 Ulipbas
607 4388 674 4446 dicit
687 4408 694 4447 r
709 4388 763 4446 Per
775 4389 846 4447 diem
855 4392 947 4450 incur·
964 4389 1054 4448 Unoa
1077 4408 1131 4447 non
1155 4400 1322 4463 computetur
1340 4389 1368 4444 in
1384 4387 1492 4457 dubus,
1516 4405 1564 4443 nec
1590 4397 1742 4445 numeretur
1763 4388 1793 4444 in

156 4490 214 4539 rent
228 4481 359 4546 tenebras,
374 4490 399 4537 et
411 4481 488 4552 quoti
501 4481 529 4537 in
540 4489 615 4542 notu
624 4482 663 4537 sio
674 4482 820 4553 palpabunt
831 4485 859 4539 in
869 4486 950 4546 rneri-
1000 4482 1152 4549 mensibus5
1176 4482 1241 4554 quia
1266 4481 1396 4552 antiquus
1416 4478 1518 4547 basiis,
1540 4477 1588 4551 qul
1612 4494 1661 4550 per
1683 4489 1793 4536 nomem

155 4573 200 4629 dic
215 4570 287 4646 (lsi.
310 4587 337 4639 ι,
357 4571 413 4643 ιι).
437 4568 517 4628 (liare
536 4564 638 4643 quippe
661 4587 709 4644 per
728 4572 800 4630 diem
815 4575 948 4643 cernitur,
1001 4573 1176 4646 intelligitur,
1196 4571 1334 4643 superbiae
1346 4584 1405 4628 suae
1424 4569 1545 4628 tenebris
1560 4585 1672 4641 pressus
1689 4570 1793 4625 adren-

156 4673 330 4737 pernoctem
346 4664 609 4726 rcroacicsnostm
627 4666 802 4726 obscuratur.
814 4665 948 4730 Persecu-
999 4674 1057 4721 tum
1079 4665 1189 4736 quidem
1211 4661 1364 4738 βειιιιοιίε
1386 4662 1531 4735 conspicit,
1553 4662 1601 4719 scd
1615 4675 1792 4735 nequaquam

154 4765 230 4817 tores
243 4758 328 4832 igitur
340 4756 531 4831 Redemptoris
543 4758 630 4817 nostri
641 4757 706 4822 dum
725 4759 825 4824 dirlnae
838 4761 948 4822 uirtutis
999 4757 1156 4821 adveniam
1178 4772 1243 4814 cum
1255 4756 1350 4813 electis
1372 4754 1452 4812 redit.
1469 4754 1540 4814 ilinc
1557 4755 1630 4811 enim
1654 4753 1791 4826 scriptam

154 4850 289 4910 miracula
300 4857 444 4911 cernerent
457 4858 587 4909 ettamen
606 4852 643 4910 de
658 4851 720 4924 eius
732 4851 874 4913 divinitate
891 4852 946 4911 du·
997 4859 1039 4910 cst
1054 4867 1061 4908 t
1076 4848 1217 4921 Nusquam
1229 4847 1300 4903 enirn
1313 4845 1421 4918 ampelos
1433 4845 1614 4918 apprehendit,
1634 4843 1680 4899 sed
1702 4859 1793 4903 semen

154 4943 285 5012 bitrrent,
300 4942 329 5001 in
350 4943 395 5004 die
409 4942 536 5004 tenebras
553 4943 628 5016 passi
642 4954 717 5014 sunt,
736 4943 946 5017 quisvisumiu
997 4941 1113 5006 600100
1140 4939 1312 5012 opperientis
1335 4936 1430 5011 (ifelt-
1452 4953 1483 5004 ¹¹.
1505 4936 1551 5010 ¹6)
1574 4935 1661 5008 (697)·
1687 4934 1792 4992 100000

155 5034 217 5093 luce
227 5034 417 5107 prodiderunt,
433 5032 485 5090 Per
506 5033 579 5091 diem
594 5034 687 5106 itaque
703 5034 850 5092 incurrunt
870 5044 948 5094 tene·
998 5048 1118 5108 namque
1140 5032 1306 5104 Redemptor
1328 5040 1422 5088 noster
1436 5046 1491 5086 non
1506 5029 1630 5102 angelus,
1644 5027 1693 5085 sod
1707 5027 1793 5083 bomo

155 5125 233 5193 bras,
253 5127 319 5199 quia
337 5126 365 5184 in
376 5128 437 5200 ipss
452 5124 582 5186 Veritatis
594 5126 739 5199 prasentia
763 5125 883 5198 pcrddiae
902 5143 947 5185 er·
998 5126 1088 5190 lactus
1099 5134 1152 5194 εει,
1168 5125 1233 5197 quia
1244 5124 1297 5180 boc
1308 5123 1403 5197 procui
1417 5120 1502 5178 dubio
1521 5119 1580 5176 lieri
1601 5118 1696 5175 debuit
1715 5115 1791 5189 quod

154 5233 219 5282 rore
229 5220 323 5278 caeoati
337 5229 412 5280 suut.
425 5218 495 5278 ilinc
509 5219 640 5291 estquod
653 5220 773 5292 cosipsa
787 5220 833 5276 lus
851 5217 947 5276 admo-
998 5217 1123 5287 redemit,
1134 5226 1165 5272 ut
1176 5223 1204 5272 et
1214 5213 1349 5287 perditum
1361 5213 1487 5285 angelum
1496 5226 1551 5267 non
1561 5208 1792 5284 apprehendendo

153 5306 308 5370 summas
332 5326 339 5363 ι
362 5307 504 5368 Amisiae
526 5307 591 5364 dum
611 5307 695 5367 lacem
717 5309 829 5376 boletis,
846 5326 880 5364 ne
901 5325 945 5366 nos
998 5310 1146 5376 desereret,
1163 5318 1191 5365 et
1203 5306 1342 5368 huminem
1355 5305 1384 5372 in
1396 5305 1547 5378 semetipso·
1563 5300 1792 5386 apprehendendo

154 5399 266 5456 uneirte
292 5398 513 5470 competendam
538 5397 629 5471 (ioan.
654 5415 705 5468 sn,
727 5401 785 5473 35),
806 5399 884 5470 ‚Hinc
906 5413 946 5461 est
997 5409 1147 5482 repararet,

153 5487 224 5557 quot
237 5486 270 5544 de
289 5488 389 5546 ludeo
404 5490 526 5548 diriter:
546 5488 685 5566 Occiditei
707 5492 758 5563 rol,
779 5510 840 5549 cum
859 5494 945 5556 adnue
1032 5495 1153 5552 Possunt
1162 5491 1245 5579 ctiam
1256 5491 1316 5550 dics
1329 5491 1348 5548 ii
1363 5489 1412 5562 qui
1429 5490 1457 5546 in
1472 5499 1574 5548 aterna
1595 5488 1658 5549 luce
1677 5500 1797 5566 pernae,

202 5598 254 5654 6οι
284 5600 384 5671 listis,
398 5605 451 5661 l.
444 5604 612 5676 rulobeap.
624 5621 673 5674 ru,
689 5606 736 5662 20.
1043 5608 1095 5666 606
1125 5606 1228 5663 Esllb.
1248 5622 1275 5663 ιι
1294 5601 1605 5677 iulobcap.rr,l0.·

202 5668 255 5729 660
285 5645 384 5732 Extis.
398 5691 425 5732 ιι
438 5691 467 5732 ιιι
480 5674 532 5732 iob
545 5690 605 5746 cap
622 5693 682 5747 stri,
699 5678 743 5735 il.
1043 5680 1096 5738 607
1128 5677 1410 5755 disposuissem.
1427 5678 1534 5747 stall.
1601 5752 1606 5759 ⁴
