3817 6000
140 189 170 246 ii
591 185 746 245 consent
763 187 841 246 CAN.
861 188 941 246 nbc.
963 185 992 244 S.
1011 180 1175 243 victoriis
1192 187 1306 246 Panis,
1731 195 1769 250 ii

140 308 445 381 corrcedatrsrpriniiepio
465 308 570 379 speciei.
585 307 662 363 Sicut
685 310 757 365 enim
778 308 908 364 librorum
932 325 1044 378 corpora
1068 324 1101 364 es
1125 310 1306 364 commistione
1332 308 1527 362 contrariorum
1549 320 1697 380 composta,
1713 327 1771 369 suo

140 380 336 451 compositionis
351 381 505 435 continuum
519 380 636 435 sentiunt
647 380 846 445 detrimentum,
858 381 896 433 sic
910 396 957 449 per
974 380 1144 450 prudentiam
1160 379 1318 434 clericorum
1339 379 1413 434 debet
1432 379 1542 449 reperiri
1559 383 1712 450 remedium,
1723 399 1771 454 per

140 451 209 523 quod
224 450 292 506 iiber
305 467 379 506 sacer
389 450 491 506 soluens
506 460 611 506 natura
623 450 752 516 debitum,
767 449 967 505 bereditarium
982 452 1098 506 obtineat
1116 449 1304 515 substitutum,
1320 458 1346 502 et
1363 448 1451 504 simile
1465 465 1553 504 semen
1567 451 1648 521 {ratri
1664 462 1770 508 mortuo

139 524 291 588 suscitetur,
301 521 498 605 oerificetnrque
510 521 602 577 statim
617 519 686 575 ittad
698 519 881 576 Ecclesiastici
893 537 948 576 xxx
963 537 974 575 .·
992 540 1001 573 r
1020 522 1143 576 ilortnus
1157 531 1197 575 est
1207 530 1284 591 puter
1295 519 1410 585 illius‚ct
1421 521 1497 590 quasi
1511 536 1564 575 non
1578 530 1617 576 est
1630 531 1769 591 mortuus3

139 591 253 648 similem
267 593 338 649 enim
349 592 401 647 sibi
415 592 520 665 reltouit
532 601 592 664 post
606 608 644 646 se.
662 610 671 644 r
688 590 754 647 iioec
767 590 899 645 Ricardns
914 602 973 662 post
991 591 1045 647 250
1057 609 1152 657 annos,
1164 592 1192 646 in
1211 590 1447 646 commendandam
1462 590 1581 646 libraria
1596 593 1769 661 supellectilis

139 680 242 720 curam.
259 661 478 734 Qnomqnidema
491 675 516 717 te
526 662 675 734 (reverende
689 661 783 731 Pater)
798 661 917 718 Gornero
930 671 1020 717 nostro
1041 664 1200 733 impensam,
1213 661 1382 717 meritissimo
1399 662 1651 730 commemorabunt,
1661 664 1770 718 bonori-

139 737 237 806 piceqne
251 732 469 788 commendabunt
481 733 600 805 posteri:
616 742 657 797 at,
669 734 714 816 qui
728 749 810 804 snpra
821 733 1026 804 quadrinpentos
1037 735 1132 789 uicerit
1155 747 1249 794 annos.
1267 734 1402 803 denuoque
1418 732 1446 786 in
1458 732 1549 786 saculi
1563 733 1682 803 proxime
1699 736 1770 804 finiti

139 804 269 889 principio
282 805 546 891 tenuetnanemdam
559 803 632 887 nisus
654 815 700 868 stt,
715 806 824 859 duaisse
848 803 989 886 spiritum,
1003 804 1127 887 editionis
1142 802 1307 887 lunpuidula
1328 800 1437 874 operula
1450 817 1550 868 suune,
1566 814 1612 858 tuo
1628 807 1768 886 permissu,

139 873 1571 1088 ¹3thtibitibi}itttlt‘'tittttttttitmtntttttttdtttltttbtttlm..tt
1580 872 1770 1019 ilidii}

170 1033 217 1072 aso
229 1032 285 1072 nere
299 1026 394 1071 cccrrnt
419 1034 472 1072 non

613 1114 677 1170 Exit
695 1114 722 1169 in
740 1112 906 1168 immensum
921 1111 1037 1167 ieeunda
1056 1111 1164 1168 licentia
1178 1121 1288 1181 ratum,

646 1184 753 1255 Obligat
767 1184 897 1239 historica
911 1197 963 1238 nce
976 1198 1026 1239 sua
1039 1183 1121 1240 rerba
1136 1184 1197 1240 tide.

141 1298 208 1357 ilios
218 1298 348 1381 siquidem
361 1311 479 1356 mortuos
490 1300 609 1371 brevique
624 1301 767 1354 morituros
782 1300 898 1355 restituit
913 1302 974 1355 unce
991 1298 1109 1364 mortali,
1117 1300 1217 1371 aut,(ut
1231 1303 1316 1357 nostri
1325 1301 1422 1357 Adurni
1434 1301 1553 1371 refricem
1563 1302 1630 1359 scite
1641 1304 1767 1375 dictum)

141 1370 221 1425 morti
234 1368 310 1423 attali
319 1370 369 1440 (lp.
384 1369 516 1427 Garnerus
535 1380 623 1425 antem
645 1380 692 1425 tua
712 1369 841 1440 laenitate
860 1370 983 1425 reductus
994 1379 1032 1424 est
1048 1369 1084 1422 od
1097 1368 1182 1425 lucem
1204 1388 1235 1427 ne
1248 1373 1391 1433 cimmeriis
1408 1372 1513 1443 quidem
1524 1372 1636 1429 tenebris
1656 1376 1768 1433 obnubi·-

140 1439 261 1500 landam.
279 1438 374 1494 Verum
391 1442 533 1505 enimuero,
550 1441 589 1496 nel
601 1443 625 1496 si
640 1442 695 1495 inec
711 1440 811 1496 obesset
825 1457 918 1507 causa,
930 1439 1065 1495 Gamerns
1082 1439 1129 1495 tibi
1143 1457 1195 1495 non
1209 1444 1310 1498 adesset
1324 1460 1377 1497 non
1391 1443 1597 1512 acceptissimus.
1611 1444 1662 1500 Cui
1672 1449 1768 1502 etenim

141 1511 272 1584 perplacet
285 1510 318 1564 D.
334 1507 474 1635 Greporius
485 1529 565 1582 papo,
578 1512 624 1583 qni
639 1509 797 1581 displiceant
815 1512 936 1566 lectiores
950 1512 1175 1597 spirantioresque
1191 1512 1249 1582 ejus
1271 1514 1365 1583 tiores,
1385 1529 1432 1582 per
1448 1515 1496 1568 bos
1515 1515 1645 1569 sexdecim
1657 1514 1770 1573 Gameri

141 1581 254 1647 libellos,
265 1597 311 1635 ceu
321 1598 382 1635 oreo
394 1598 424 1636 as
438 1583 562 1638 circinari
572 1591 597 1638 et
617 1582 764 1652 dispositi?
778 1580 814 1638 Te
841 1591 928 1637 antem
949 1581 1076 1651 breporio
1099 1581 1312 1650 familiarissime
1336 1585 1387 1649 uti,
1402 1592 1515 1639 testatur
1529 1585 1636 1654 ipsemet
1654 1586 1682 1640 in
1698 1589 1768 1655 tuis,

141 1655 225 1724 iisqne
242 1652 373 1707 accuratis
395 1652 587 1723 capitularibus
605 1654 775 1708 concionibus
795 1653 905 1707 subinde
928 1653 1083 1724 productus,
1096 1669 1150 1707 urta
1172 1669 1232 1707 cum
1247 1655 1347 1709 sanctis
1369 1654 1498 1711 Patribus
1517 1663 1574 1709 tum
1594 1656 1703 1726 prioris,
1712 1668 1769 1714 tum

141 1723 228 1781 atatis
243 1722 416 1786 intermediae,
430 1723 511 1779 itaut
524 1740 575 1778 non
589 1723 636 1779 abs
648 1725 744 1797 requis
766 1734 791 1778 te
805 1724 953 1778 animatam
972 1738 1062 1779 eorum
1077 1723 1176 1778 dicerit
1201 1724 1397 1790 bibliotlrecam,
1409 1723 1442 1779 ab
1461 1741 1492 1779 eo
1512 1727 1626 1797 iocunde
1643 1728 1770 1797 secunde-

158 1810 190 1849 ue
204 1791 238 1846 ad
256 1792 342 1849 instar
360 1793 432 1847 docti
446 1794 540 1849 scriba
563 1794 707 1865 enonpelici
727 1794 829 1862 profers
853 1795 886 1848 de
909 1794 1031 1850 tiresauro
1056 1803 1101 1848 tuo
1126 1810 1193 1849 nona
1219 1805 1246 1850 ct
1273 1807 1359 1851 uetera
1371 1794 1480 1867 (iiattlr.
1497 1797 1569 1863 1111).
1583 1794 1635 1853 Sed
1652 1806 1678 1851 et
1697 1800 1768 1869 quod

141 1812 177 1920 ii.
194 1862 371 1936 Hieronymus
383 1862 474 1935 lupens
490 1867 518 1920 in
532 1882 581 1920 sno
591 1866 745 1934 predicavit
757 1863 785 1919 N
818 1865 907 1919 oliano
919 1865 964 1935 ide
979 1880 1049 1918 more
1066 1865 1136 1920 enim
1156 1866 1225 1919 inter
1235 1882 1368 1921 sermones
1389 1865 1509 1937 epnlmes
1522 1868 1608 1922 uarios
1619 1870 1767 1938 priscorum

141 1933 321 2005 titeoloparum
331 1935 473 1990 sentencias
484 1936 631 2006 proferens,
643 1934 775 1991 asserebat
785 1881 858 1990 mm
872 1933 1048 1997 Tertulliano,
1069 1936 1148 1990 istam
1173 1935 1300 2002 iiinutio,
1315 1936 1391 1990 iilam
1417 1936 1568 2007 Cypriane,
1578 1939 1652 2010 ete).
1673 1937 1708 1994 iit
1722 1955 1768 1994 co-

140 2006 202 2060 dem
210 2004 282 2074 jure,
297 2005 336 2060 sic
350 2008 495 2061 necessario
508 2007 604 2072 eidmn,
617 2007 682 2077 quin
692 2006 884 2075 prastumiori,
896 2007 944 2060 tibi
956 2013 1075 2060 certatur
1086 2006 1172 2073 laudi,
1191 2006 1216 2060 si
1228 2007 1287 2077 puis
1306 2007 1439 2062 oculatior
1457 2016 1483 2063 ct
1500 2008 1644 2075 oculatius,
1663 2009 1768 2063 dicendi

142 2075 259 2141 modum,
273 2083 385 2145 mmprrs,
396 2075 495 2142 locum,
506 2087 532 2132 et
548 2075 643 2148 quibus
661 2078 735 2131 dicas
749 2079 834 2143 norit,
846 2075 1081 2147 composueritpne.
1099 2074 1170 2131 Perre
1188 2093 1231 2131 me
1243 2079 1418 2146 preterierat,
1431 2095 1478 2132 nec
1489 2087 1577 2134 tomen
1586 2081 1768 2149 pretereunda

142 2144 254 2201 Garneri
270 2144 318 2200 tibi
330 2148 475 2217 nuncupati
489 2164 582 2212 causa,
592 2148 695 2203 scilieet
705 2163 771 2202 onus
780 2147 892 2218 inferias
906 2146 964 2210 ilio,
978 2144 1048 2217 quod
1062 2162 1132 2200 nunc
1144 2148 1234 2202 innido
1247 2147 1370 2218 quidem,
1384 2157 1409 2202 et
1426 2149 1509 2203 innita
1527 2149 1650 2204 debiliori
1659 2159 1766 2217 rsatnro,

140 2216 257 2287 infracto
268 2224 356 2273 tamen
364 2219 478 2273 sustines
490 2220 589 2272 animo.
602 2217 689 2283 Quom
702 2233 762 2273 nero
772 2219 860 2290 praeis
872 2218 910 2273 sit
919 2217 1036 2271 adducta
1046 2232 1140 2284 causo,
1151 2218 1315 2273 demonstrat
1328 2227 1442 2272 veterum
1455 2219 1573 2274 collatio.
1590 2218 1662 2273 Nom
1674 2219 1767 2274 AElius

140 2284 312 2357 Lampridius
333 2287 466 2359 dispostas
492 2288 676 2357 Commodum,
699 2288 862 2342 Antoninum
887 2285 1102 2358 Heliopabalum,
1127 2288 1311 2344 Alexandrum
1334 2287 1475 2353 Seuerum3
1497 2289 1589 2344 AElius
1608 2289 1768 2359 Spartianus

140 2356 299 2421 dalmanuta,
313 2357 419 2413 AElium
436 2358 542 2426 Verum,
556 2358 666 2413 iiidium
678 2356 827 2426 lulianum,
842 2356 976 2426 Seuerum,
992 2356 1175 2424 Pescennium,
1194 2357 1325 2431 Niprum,·
1339 2358 1429 2414 lulius
1454 2358 1633 2430 Capitolinus,
1651 2361 1766 2415 Antoni-

140 2443 204 2484 num
220 2427 311 2495 Pium,
326 2427 432 2497 Verum,
446 2428 608 2485 Maximinos
628 2430 694 2483 duos
714 2429 831 2484 obtulere
844 2428 982 2500 depastis,
1019 2430 1079 2483 robe
1096 2431 1175 2500 pnari
1199 2431 1297 2485 serenis
1317 2430 1342 2484 le
1359 2429 1427 2485 enda
1446 2431 1540 2498 oculis,
1553 2432 1585 2485 ab
1610 2432 1655 2497 iis,
1669 2431 1767 2502 quibus

141 2497 285 2568 offerebant
300 2509 406 2570 propter
423 2501 554 2566 eumdem,
569 2516 649 2583 quam
666 2499 718 2570 ipsi
728 2500 863 2581 perebant,
874 2501 979 2570 imperii
995 2445 1109 2554 Komarei
1127 2499 1304 2571 majestatem.
1347 2515 1408 2554 aceo
1421 2502 1562 2571 scriptores
1572 2503 1767 2556 ecclesiasticos

141 2578 167 2623 et
182 2568 337 2640 biopropisos
352 2572 513 2638 innumeros,
526 2586 558 2626 ne
570 2568 663 2625 msole
674 2570 821 2624 meridiano
835 2570 947 2625 ridicule
961 2569 1053 2626 uideor
1065 2570 1189 2639 pracilem
1207 2572 1348 2626 accendere
1367 2571 1504 2642 stipulam.
1521 2570 1649 2642 Supremo
1661 2573 1768 2627 tandem

141 2656 188 2693 rsee
198 2638 307 2708 ipnoiili
319 2642 423 2696 nomine
434 2638 568 2697 Gamerae
580 2640 631 2695 sibi
646 2650 719 2694 tuam
735 2640 924 2695 conciliaturus
938 2652 978 2696 est
999 2650 1138 2712 paternam
1157 2641 1291 2713 aratiam,
1304 2641 1374 2712 qnod
1392 2657 1507 2712 persepe
1519 2644 1608 2714 nrapni
1622 2644 1767 2713 pendamus

141 2709 259 2764 illustria
271 2724 429 2779 proauorum
439 2711 610 2778 monimenta,
621 2711 684 2782 puin
696 2721 722 2767 ct
739 2709 848 2766 tantillo
868 2711 901 2764 ab
916 2711 1010 2766 iisdem
1028 2710 1131 2779 relicto,
1145 2720 1233 2782 utpote
1247 2728 1307 2783 pure
1323 2711 1398 2766 nobis
1415 2728 1478 2783 pero
1496 2724 1581 2768 totam
1602 2714 1769 2768 reddanteo·

141 2795 202 2833 rum
225 2781 317 2846 oicem,
330 2782 556 2854 miserrimumque
570 2781 690 2837 solentur
703 2781 852 2837 orbitatem.
872 2780 924 2837 Seri
944 2799 1015 2847 nero,
1029 2781 1053 2837 si
1074 2783 1138 2852 qnid
1151 2782 1312 2853 felicissime,
1326 2783 1402 2854 lanpe
1418 2730 1536 2854 prosscto
1546 2783 1651 2855 felicius
1664 2800 1768 2854 permo-

142 2850 252 2921 niunpue
263 2860 390 2921 prestant
403 2850 475 2920 libri,
494 2852 635 2923 feliciores,
648 2853 790 2907 vivaciores
806 2853 1033 2924 permaniarespue
1047 2861 1185 2922 parentum
1202 2853 1279 2909 liberi
1293 2869 1303 2906 :
1316 2871 1377 2909 eum
1394 2855 1586 2925 formosiorem,
1598 2855 1768 2926 prestantio-

142 2936 246 2993 rempne
258 2937 349 2976 eorum
383 2933 477 2990 artem,
490 2922 609 2978 diuinam
623 2923 722 2978 scilicet
741 2924 858 2977 animam
872 2924 1056 2995 impariumque
1068 2923 1156 2978 nobile
1178 2924 1303 2994 reserant.
1321 2944 1331 2978 r
1348 2922 1404 2978 Nee
1424 2926 1495 2979 enim
1515 2924 1592 2980 liberi
1614 2924 1672 2980 solo
1693 2923 1768 2979 uultu

142 2990 326 3063 patrissant.»
375 2995 399 3049 is
416 2993 500 3066 ipitnr
511 2993 544 3050 de
555 2994 644 3051 causis
666 2990 812 3049 Gurnernm
830 3004 877 3049 tna
901 3003 1030 3065 potestate
1046 2994 1075 3049 in
1085 3009 1133 3048 sno
1152 2993 1313 3067 Greporiano
1324 2996 1477 3063 redioioum,
1492 3005 1518 3051 et
1533 2997 1567 3050 ad
1584 3006 1608 3052 te
1619 2997 1767 3052 redeuntem

138 3064 260 3133 suscipe,
274 3062 306 3119 ii.
321 3063 355 3119 P.
366 3081 400 3121 es
415 3065 474 3136 rjus
486 3066 619 3132 monibus,
636 3065 683 3137 pni
709 3073 748 3120 est
772 3073 833 3121 tuns
859 3066 887 3120 in
912 3064 1018 3122 Cirristo
1033 3064 1106 3135 filius
1131 3065 1396 3138 obsequentissimus,
1410 3078 1567 3139 tuorumque
1581 3067 1767 3123 canonicarum

139 3143 298 3204 postremus.

1301 3206 1332 3262 F.
1348 3206 1468 3264 inarrnes
1482 3207 1626 3266 Psennons.

177 3361 218 3433 (l)
236 3361 264 3417 ln
283 3379 363 3434 proso
374 3361 481 3421 Oetaeae
496 3364 651 3423 Natisilntis
662 3368 775 3424 Cirristi.

150 3550 1748 3584 mmmmm

639 3780 907 3877 ennotoo
942 3782 1247 3878 Lentonis.

170 4146 250 4215 liniri
266 4148 329 4202 istrie
343 4146 504 4203 accessisset
518 4147 630 4203 editioni
644 4147 849 4215 decessissetre,
868 4148 970 4204 irustra
983 4159 1009 4204 te
1022 4147 1186 4203 monendum
1200 4145 1363 4202 arbitrabar.
1382 4146 1426 4211 At,
1440 4161 1502 4200 cnm
1525 4146 1764 4214 deprehendissem

138 4220 244 4292 prioris
257 4218 383 4274 editionis
403 4233 514 4299 perrara
529 4232 591 4274 esse
603 4219 788 4290 exemplaria,
803 4221 925 4275 aninmm
948 4234 1114 4288 manumque
1129 4219 1207 4273 verti.
1223 4216 1360 4287 imprimis
1374 4232 1440 4287 ergo
1452 4217 1524 4272 scias
1544 4217 1569 4270 id
1580 4218 1672 4286 operis
1687 4232 1765 4274 nitrea

143 4303 276 4346 excusum
288 4287 507 4354 mendosissime,
523 4288 591 4344 adeo
602 4296 633 4343 ut
644 4304 682 4344 sae
702 4290 806 4345 'rrseuie
821 4304 855 4344 ne
868 4291 937 4346 duos
949 4290 1059 4360 quidem
1075 4303 1172 4343 nessus
1186 4304 1270 4358 puros
1281 4287 1379 4342 inisset
1393 4286 1498 4358 legere,
1519 4287 1566 4343 tibi
1590 4302 1663 4342 rinna
1687 4304 1764 4343 errrn·

145 4359 263 4416 eulatius
278 4357 363 4414 reddi.
377 4355 430 4413 Sed
447 4373 497 4413 nec
509 4359 626 4413 diiiiteor
642 4359 669 4414 in
683 4306 756 4416 ilaue
770 4360 883 4431 aliquot,
896 4361 1022 4431 quamvis
1042 4359 1206 4416 leviusculas
1233 4359 1375 4427 irrepsisse
1391 4357 1521 4424 mendas,
1539 4357 1636 4440 partim
1660 4358 1765 4440 incogi-

139 4431 241 4496 tantia,
256 4427 353 4500 partim
366 4429 539 4484 creberrimis
551 4429 659 4496 iitnris;
674 4433 709 4487 ad
720 4445 790 4501 quas
806 4431 832 4485 in
847 4431 970 4503 singulos
980 4445 1077 4487 versus
1093 4429 1288 4486 suffundendos
1306 4429 1455 4500 adegerunt
1467 4444 1511 4484 me
1526 4443 1680 4498 priscorum
1693 4445 1765 4484 serr-

145 4501 242 4557 basum
257 4508 427 4555 nota-annos
439 4497 525 4555 ierme
537 4501 734 4572 qninquaginta
750 4509 862 4558 retentae
877 4517 893 4557 a
908 4502 1045 4573 prioribus
1056 4499 1254 4572 ealmgrapiris,
1275 4499 1473 4570 posterioribus
1496 4508 1598 4554 autem
1616 4496 1765 4555 Platonicis

145 4571 318 4627 obscuriores
333 4570 466 4626 inumeris.
484 4568 600 4640 insuper
610 4571 708 4628 charta
721 4571 860 4642 plerisque
870 4571 898 4626 in
911 4571 981 4628 iocis
993 4571 1136 4637 infirmior,
1148 4571 1350 4642 stramentisque
1372 4570 1564 4640 impotentior,
1587 4570 1660 4639 quod
1684 4585 1765 4640 parce

146 4642 234 4697 inerat
247 4639 380 4706 inlusum,
395 4641 493 4695 vitiosa
505 4640 694 4710 prodigalitate
708 4641 876 4698 diffundebat
889 4642 917 4697 in
929 4642 1082 4697 vicinorum
1101 4641 1290 4697 characterum
1303 4641 1545 4697 oblitterationem.
1565 4637 1632 4707 Qum
1651 4639 1762 4710 quidem

145 4710 274 4766 uniuersa
287 4710 315 4766 in
330 4718 459 4767 contexto
471 4721 559 4766 etora
571 4710 637 4768 iibri
653 4713 823 4782 emgiobota,
838 4714 929 4769 meite
945 4712 1056 4767 inerunt
1067 4726 1157 4792 opere
1170 4712 1238 4782 ipsis
1251 4711 1352 4783 operis.
1375 4712 1530 4767 lieaentem'
1541 4710 1603 4772 dieo
1625 4710 1762 4765 accessio·

144 4796 218 4836 nem.
235 4779 268 4835 in
303 4797 338 4837 na
351 4782 454 4852 primas
475 4789 549 4835 tenet
566 4783 672 4838 notatio
696 4783 819 4838 iocorum
836 4797 869 4837 es
888 4783 989 4838 divinis
1008 4781 1150 4839 codicibus
1172 4792 1381 4854 prompturum:
1399 4785 1432 4837 ad
1453 4796 1525 4852 quos
1545 4780 1761 4850 comperiendos,

146 4797 429 4908 dirersssiiibiiosum
439 4850 603 4907 balationes
617 4853 739 4922 oportuit
752 4854 907 4920 consulere,
920 4853 958 4909 ita
970 4863 1061 4909 tamen
1077 4862 1108 4909 ut
1122 4868 1173 4909 nec
1183 4854 1336 4909 consultior
1351 4854 1484 4917 redirem,
1505 4868 1568 4907 eum
1591 4851 1620 4906 in
1645 4851 1760 4932 signatis

147 4920 215 4977 iocis
230 4937 284 4976 non
300 4923 464 4978 oderrderem
475 4920 570 4977 eadem
581 4929 690 4992 penitus
703 4938 765 4992 quae
777 4924 849 4993 apud
864 4923 896 4978 b.
912 4922 1073 4995 Gregorium
1085 4924 1215 4995 legebam.
1228 4921 1366 4980 interdum
1377 4924 1450 4979 enirn
1467 4924 1574 4987 vocum,
1587 4930 1634 4977 aut
1646 4923 1763 4990 simplex

145 4991 222 5048 serbi
237 4993 381 5064 eorrrpositi
397 4993 547 5062 ponebatur
565 4992 635 5048 ioco.
648 4992 773 5064 Cunrque
786 4994 940 5118 reiifiiosins
953 4995 1083 5064 religioso
1100 4995 1164 5049 hoie
1175 4995 1284 5065 negotio
1299 5009 1437 5061 vacarem,
1461 5010 1515 5048 rson
1538 5009 1634 5064 parum
1659 4991 1763 5062 negotii

144 5063 211 5118 iecit
223 5063 289 5118 mibi
304 5064 421 5119 varietas
439 5061 704 5133 interpretationum,
715 5064 816 5135 quibus
854 5065 1036 5138 messorium
1057 5065 1142 5121 luisse
1153 5080 1235 5120 usum
1247 5079 1302 5121 non
1316 5065 1400 5121 semei
1417 5063 1649 5131 adsertionum
1665 5078 1762 5124 causa.

144 5133 319 5190 utsedatiori
342 5134 561 5204 niente-legeres,
576 5135 599 5190 si
618 5136 824 5205 quaesententia
845 5135 938 5192 dirius
947 5137 985 5191 ab
997 5137 1116 5194 editione
1139 5136 1247 5208 vulgata
1271 5136 1394 5192 nourribii
1408 5136 1566 5206 discrepans
1584 5132 1761 5206 proiceretur,

146 5202 285 5277 designari
298 5201 572 5286 apudSeptuspinla,
583 5204 1031 5277 Augustinumcassiodorumque
1045 5208 1082 5261 ita
1097 5206 1201 5263 balsari.

181 5271 284 5330 Praeter
305 5273 362 5329 nae
377 5273 476 5344 adjeci,
486 5290 519 5330 un
532 5290 587 5347 quo
600 5277 684 5332 totius
698 5278 788 5348 operis
807 5278 968 5333 versabatur
980 5277 1074 5341 cardo,
1097 5278 1199 5334 scilicet
1218 5277 1408 5334 adnotationes
1421 5279 1548 5360 (quacum
1569 5275 1708 5332 nonnullae
1727 5273 1762 5328 ab

146 5343 236 5402 oeulis
248 5344 433 5414 operariorum
449 5344 503 5400 aiio
523 5347 750 5416 respectandum,
763 5348 812 5404 tibi
828 5348 919 5404 abiere
930 5357 958 5404 et
969 5349 1047 5419 mibi>
1062 5348 1205 5413 librorum,
1217 5349 1390 5405 homiliarum
1410 5348 1640 5419 epistolarumque
1659 5345 1761 5413 Grego-

146 5416 298 5478 sianarum,
315 5428 349 5468 ex
369 5416 470 5485 quibus
485 5415 565 5488 quasi
577 5419 754 5475 vernantibus
770 5418 891 5475 iioscrdis
911 5427 939 5474 et
954 5421 1038 5475 carnis
1049 5418 1188 5475 Garnerns
1204 5428 1297 5475 noster
1308 5420 1451 5491 mysticum
1465 5435 1546 5474 snum
1569 5418 1704 5539 eornpepit
1718 5425 1762 5467 to·

148 5484 274 5554 pierium.
289 5483 366 5551 Quod
378 5487 487 5557 quidem
502 5501 574 5560 epse
600 5490 720 5556 tandem,
735 5489 783 5546 sed
796 5489 911 5545 conieci.
925 5488 1048 5552 Corrieci,
1067 5492 1190 5561 inquam,
1204 5498 1232 5546 et
1248 5490 1395 5561 aliquando
1410 5499 1466 5545 tam
1487 5504 1569 5560 egre,
1586 5489 1653 5544 utin
1677 5499 1762 5549 serras,

147 5563 176 5609 et
188 5554 307 5610 codicem
320 5564 347 5610 et
360 5556 459 5627 stylum
473 5557 587 5629 jamjam
601 5561 776 5632 ablegatums
797 5576 887 5618 essem
902 5561 935 5617 ad
945 5570 1095 5617 extremam
1118 5560 1238 5617 residem
1253 5561 1380 5628 classem,
1393 5560 1421 5614 ni
1439 5561 1619 5616 succurrisset
1639 5557 1763 5626 iniquam

143 5624 206 5683 ists
214 5633 272 5684 tam
286 5625 407 5685 debarai
419 5629 522 5689 laboris
530 5631 681 5706 jactumm,
695 5633 731 5691 ois
743 5633 922 5690 morosiorem
938 5634 1020 5694 unios
1043 5641 1070 5688 et
1082 5632 1194 5690 niter-ios
1207 5633 1349 5689 sonnatio
1372 5633 1565 5688 inventionem.
1581 5629 1762 5700 eraproptcr,

1698 5826 1776 5912 θη
