3817 6000
202 328 269 386 ttot
678 328 831 388 cuntionis
848 327 1047 386 rnmrostrl
1063 323 1339 389 nutcnsnsrsttu.
1759 325 1824 386 llil

127 402 132 413 ’
200 403 437 476 utinamlaciaml
455 427 483 475 et
502 419 556 477 boc
576 418 626 476 tibi
643 418 764 477 'consulo
778 430 908 492 tanquam
923 420 986 479 cba-
1002 427 1026 484 A
1041 420 1079 479 ita
1096 428 1124 477 et
1139 418 1253 483 interra
1278 420 1308 473 m
1324 459 1330 484 ,
1348 415 1421 489 quod
1436 415 1514 495 lubet
1536 416 1596 489 lpse
1624 415 1762 486 Christos,
1781 418 1826 480 cui

199 512 312 569 rissimo
322 509 410 578 iratri‚
423 520 453 567 ιιι
465 511 694 580 abominationes,
707 528 769 585 quar
782 513 863 583 liunt,
876 513 989 573 Domini
1038 512 1101 576 data
1120 520 1163 569 est
1181 511 1273 567 omnis
1284 518 1407 581 potestas
1420 510 1449 565 in
1466 509 1537 567 coelo
1547 517 1575 565 et
1588 510 1618 565 in
1631 519 1716 567 terra.

199 602 339 676 adjutorio
351 602 481 672 vitemus,
499 612 527 660 et
537 606 681 676 superbis,
694 606 743 677 qni
758 605 875 673 iaciunt,
896 606 989 663 dolea-
1072 602 1151 671 Quod
1184 601 1329 673 magnifice
1357 602 1474 679 apostoli
1500 602 1589 661 nocti
1611 611 1677 659 sunt
1703 604 1827 674 erponi,

199 711 264 752 mus
277 704 427 766 :quatenus
439 696 481 751 nir
503 695 549 752 ille
576 697 699 761 restibus
719 698 818 769 linelsj,
838 698 873 755 de
889 714 946 769 quo
959 699 988 755 in
1037 696 1148 769 qnando
1157 694 1185 750 in
1195 695 1289 753 orbem
1302 703 1382 750 terrm
1390 693 1468 753 missi
1478 694 1512 751 ad
1521 693 1723 765 praedicandum
1735 694 1825 751 Evan-

200 788 344 846 Ezeclriele
358 788 469 859 legitur,
486 788 545 846 ‘lau
567 805 649 861 super
668 789 988 851 lrontemnostramsi·
1038 788 1139 860 gelium
1162 788 1239 843 omni
1268 794 1419 855 cinturae,
1444 800 1500 842 non
1522 785 1686 842 inuenerunt
1705 786 1825 857 aliquam

200 891 275 953 gnet,
291 891 318 938 et
328 899 382 939 non
397 881 567 939 occidamur.
586 904 595 936 r
891 902 896 917 ·
921 901 926 912 ·
963 926 967 935 .
1038 888 1199 952 potestatem
1214 878 1243 935 in
1256 878 1332 934 omni
1344 885 1481 946 creatura,
1494 893 1557 948 quae
1568 885 1662 948 posset
1684 877 1824 949 impedire,

235 973 299 1032 llaec
313 975 523 1046 despecialibus
537 976 642 1032 nostris
662 976 795 1044 diximus,
827 992 862 1033 ne
887 977 989 1050 ingrati
1038 971 1080 1029 vel
1093 971 1200 1027 tardare
1213 970 1288 1041 ipsos
1306 978 1402 1025 euntes
1420 969 1450 1025 in
1470 969 1629 1026 uniuersum
1645 969 1778 1027 mundum
1791 971 1827 1028 ad

197 1068 342 1125 videamur
354 1083 416 1125 esse
434 1069 560 1140 graruirae
579 1069 731 1125 clementum
756 1069 816 1137 liei,
832 1052 940 1142 quisue
959 1052 1006 1127 ιη’
1039 1061 1241 1134 praedicandum
1254 1059 1443 1133 Evangelium.
1458 1059 1527 1117 Nam
1541 1062 1594 1118 etsi
1617 1063 1716 1134 aliquis
1730 1077 1826 1119 eorum

197 1157 367 1231 loblegitur,
383 1160 560 1232 ‹deditgallo
571 1159 777 1233 intelligentiam
789 1160 850 1232 (lob
870 1176 988 1228 xxrvrrr,
1027 1153 1183 1227 distillatur,
1207 1161 1238 1208 ¹¹1
1250 1151 1348 1210 Pelliti
1365 1153 1401 1210 ib
1419 1150 1537 1220 Hefflde,
1554 1151 1684 1210 Paulusa
1706 1152 1826 1220 Nemes

199 1250 246 1321 36)
268 1268 277 1302 r
299 1250 332 1306 ad
348 1249 501 1307 taciendam
516 1250 721 1307 distinctionem
746 1253 819 1308 inter
844 1251 935 1311 lucem
962 1259 990 1308 et
1038 1246 1130 1323 tamen
1148 1247 1263 1303 verbum
1276 1244 1326 1301 Dei
1340 1260 1394 1301 non
1409 1254 1469 1300 erat
1480 1245 1632 1316 alligatum,
1646 1246 1693 1301 sed
1707 1245 1736 1301 in
1752 1246 1827 1305 omni

196 1342 336 1400 tenebras.
345 1340 405 1399 Nisi
419 1345 550 1414 enimper
561 1345 718 1414 apostolica
732 1344 808 1401 sedis
832 1345 987 1416 pontitlces,
1039 1347 1164 1397 creatura
1178 1353 1258 1394 suurn
1282 1336 1427 1393 exercebat
1448 1337 1631 1393 dominatum.
1656 1335 1734 1394 Sicut
1753 1338 1827 1394 enirn

198 1432 245 1489 vel
255 1449 304 1505 per
311 1435 444 1506 quosdam
459 1435 546 1507 gallos
563 1436 745 1509 intelligentes
760 1437 877 1493 inissem
894 1437 989 1494 delen·
1038 1429 1165 1492 tartarus
1185 1444 1331 1501 resurgens
1346 1445 1362 1485 a
1376 1428 1493 1485 mortuis
1507 1429 1656 1501 discipulos
1671 1445 1738 1486 suos
1758 1446 1827 1502 prae·

197 1540 257 1591 sus,
269 1525 325 1596 jam
340 1524 648 1583 dudumaSimoniacis
661 1535 689 1582 et
700 1525 842 1584 Nicolaitis
853 1520 991 1585 haereticis*
1039 1532 1160 1580 cesserat
1174 1523 1202 1578 in
1225 1522 1375 1588 Gallinam,
1398 1520 1438 1582 sic
1459 1522 1701 1595 transmigratione
1721 1523 1756 1579 de
1776 1521 1827 1579 iu·

195 1615 311 1673 fuissem
325 1618 505 1689 proscriptus.
621 1629 664 1676 ts.
931 1617 934 1623 ”
1039 1615 1106 1671 dats
1120 1615 1153 1671 ad
1167 1625 1261 1687 gentes
1273 1622 1430 1686 perpetrata
1445 1614 1577 1686 quadriga
1594 1613 1757 1686 Euangeliou
1781 1615 1828 1671 bo·

233 1708 689 1785 sisaremrespicimusadmagnas
696 1713 988 1771 nrichmsrirrnebras
1039 1722 1097 1773 ves,
1111 1706 1212 1777 quibus
1225 1705 1356 1762 trahenda
1370 1719 1439 1772 crat,
1456 1705 1586 1762 velociter
1598 1707 1746 1763 antecessit
1764 1721 1827 1763 curn

195 1803 223 1859 iu
238 1803 338 1874 quibus
353 1804 438 1859 libere
450 1802 552 1861 flebant
568 1820 650 1877 opera
666 1807 852 1875 tenebrarum,
866 1805 987 1863 venden-
1002 1786 1023 1841 B
1039 1807 1112 1854 libii
1127 1806 1261 1867 ll020⁵i²i⁰
1276 1798 1304 1853 1¹¹
1320 1799 1390 1854 0⁰2¹⁰
1404 1806 1431 1853 θῑ
1446 1798 1472 1853 ῑῐΙ
1489 1806 1573 1865 terra,
1587 1805 1618 1854 ῑῑῑ
1634 1807 1661 1853 ei
1671 1797 1829 1868 spirituales

194 1895 268 1951 tibus
280 1905 307 1951 et
321 1897 475 1953 ementibus
489 1898 676 1955 ecclesiastica
690 1907 718 1956 ει
744 1899 897 1970 spiritualia
930 1899 985 1965 his,
1037 1890 1166 1961 nequitiae
1180 1890 1209 1945 in
1223 1889 1382 1946 coelesrtuus
1401 1898 1585 1958 terrerentur;
1604 1899 1632 1945 et
1652 1890 1686 1946 de
1707 1890 1829 1948 obsessis

195 1986 297 2058 quibus
307 1996 367 2045 erat
381 2002 437 2043 nox
447 1989 547 2058 amica,
562 1991 646 2047 erlus
657 1991 762 2059 minsa,
780 1992 867 2062 quiin
889 1990 988 2047 cubili·-
1037 1982 1259 2054 corporibus,rel
1269 1982 1703 2058 templiserirecompellerentur,
1717 1985 1829 2055 quando

193 2077 247 2135 lus
274 2089 303 2135 et
324 2080 503 2149 impudicitiis
530 2082 695 2139 exercebant
719 2098 803 2155 opera
825 2069 986 2140 tenebrosa:
1040 2089 1117 2130 tv⁰¹
1141 2074 1254 2130 tonitrui
1279 2074 1330 2155 1⁰12
1348 2091 1357 2125 ι
1377 2074 1448 2129 ”⁰¹¹⁵
1471 2092 1481 2126 ι
1501 2073 1528 2129 ’¹¹¹
1550 2082 1609 2129 r02³
1625 2072 1712 2145 (pmi-
1734 2091 1827 2143 mii,

192 2181 286 2226 ronne
302 2169 450 2242 Gregorius
463 2186 533 2243 papa
547 2170 604 2242 vlt,
617 2172 757 2246 ruitquasi
771 2176 859 2248 gallus
872 2184 986 2233 amiur·
1037 2166 1095 2239 19).
1113 2186 1123 2219 a
1141 2165 1312 2239 Euangeliou
1323 2166 1464 2239 quadriga
1481 2167 1622 2237 personuit
1643 2167 1727 2223 etiarn
1742 2168 1771 2223 in
1785 2169 1829 2226 uis

193 2260 266 2318 natis
279 2276 382 2319 canens
405 2263 433 2318 in
449 2264 547 2322 mediis
560 2266 787 2336 persecutionum
812 2267 931 2323 [enebris
944 2268 987 2322 in.
1036 2257 1117 2324 locis,
1134 2257 1181 2313 ubi
1193 2258 1285 2313 nullus
1298 2257 1491 2329 Apostolorum
1503 2258 1710 2328 presentialiter
1721 2259 1828 2328 docuit,

179 2328 352 2410 ‘murreum
365 2355 540 2413 investituras
550 2358 684 2416 laicorum
697 2370 724 2416 et
734 2362 834 2418 missas
847 2360 988 2419 incestuo-
1037 2359 1065 2406 01
1077 2344 1227 2422 imiimi
1242 2360 1358 2407 lerienae
1374 2351 1521 2408 uirtutibus
1536 2351 1731 2407 miraculorum
1747 2355 1828 2425 quan

193 2459 288 2500 sorum
301 2446 312 2487 i
325 2445 392 2503 Post
405 2448 480 2505 bunc
498 2464 548 2521 per
563 2466 738 2509 successores
762 2452 824 2524 ejus
850 2455 985 2513 matutina
1036 2443 1070 2500 (¹0
1094 2442 1174 2514 linei)
1196 2458 1280 2499 curru
1301 2441 1359 2497 leil
1380 2440 1447 2497 5¹5ae
1469 2441 1672 2513 lutguramtnus
1687 2443 1828 2511 oedueur,

192 2536 332 2608 gallicinia
356 2540 442 2595 multa
457 2551 522 2598 sunt
535 2543 710 2600 secutadiem
728 2544 849 2601 vicinum
876 2561 986 2602 annun·
1003 2572 1006 2579 ⁴
1029 2536 1173 2607 ,interdum
1188 2550 1244 2592 non
1260 2535 1392 2601 ratenus,
1406 2534 1545 2591 interdum
1568 2548 1623 2589 ¹¹0ss
1643 2533 1769 2590 ῖθῐθῦῑθὸ
1782 2551 1828 2590 Ν·

192 2630 289 2688 nautia
307 2633 562 2703 commmunicant:
581 2654 592 2687 r
608 2634 668 2691 Nox
681 2638 908 2708 pracessigqqeg
933 2654 984 2696 au.
1037 2628 1135 2687 sistere
1156 2627 1278 2684 currenti
1301 2626 1470 2698 Evangelicae
1491 2626 1640 2698 quadriga.
1663 2624 1717 2682 Per
1730 2627 1828 2697 hujus·

192 2730 250 2777 tem
264 2723 510 2794 appropinquavit:
534 2724 697 2796 abjiciamus
727 2741 793 2798 ergo
814 2742 896 2798 opera
911 2736 986 2784 tene·
1035 2720 1109 2777 modi
1119 2720 1252 2777 virtutum
1264 2719 1415 2776 evidentias
1428 2718 1665 2776 manifestissimas
1687 2721 1716 2774 in
1733 2729 1827 2775 trans·

191 2808 318 2878 brorum,
333 2821 362 2867 ot
383 2813 532 2873 induamur
545 2831 622 2870 arma
641 2816 721 2872 lueis.
741 2815 819 2873 Sicut
833 2818 860 2872 in
875 2818 920 2874 die
934 2817 986 2872 bo·
1034 2813 1198 2884 migratione
1218 2811 1405 2884 apostolorum
1428 2811 1462 2867 ad
1486 2819 1581 2883 gentes
1602 2810 1673 2868 lacta
1699 2811 1775 2868 clare
1798 2813 1827 2868 in

191 2904 451 2961 nestrambulomus
463 2905 550 2976 (Rom.
566 2922 626 2975 ιιιιι,
641 2908 697 2979 la).
714 2906 795 2975 -Qnid
810 2924 884 2964 nunc
898 2917 985 2965 restat
1034 2905 1145 2960 Galilaea
1168 2904 1310 2959 videbatur
1332 2901 1459 2959 Christus
1478 2911 1545 2959 tunc
1564 2912 1727 2973 potestatem
1746 2916 1829 2960 exer-

190 2994 404 3065 erspectandum
416 3005 443 3053 ει
455 2995 666 3053 desiderandum
678 3008 740 3068 post
755 2999 911 3069 hujusmodi
926 3000 985 3071 gaiu
1034 3012 1099 3061 cens
1112 2996 1141 3052 in
1158 2995 1229 3054 coelo
1243 3005 1272 3052 et
1288 2996 1315 3051 in
1329 3005 1403 3052 terra
1418 3011 1484 3056 suos
1496 2995 1652 3066 adjuvando
1663 3005 1689 3052 ει
1703 3010 1753 3068 per
1767 3013 1830 3054 cre·

179 3085 296 3152 licinia,
326 3089 379 3144 nisi
402 3097 433 3145 ut
453 3108 462 3140 r
485 3105 582 3146 mucro
597 3090 713 3147 latronis
728 3091 873 3160 condatur,
899 3092 1017 3188 lapsisC
1034 3089 1113 3146 lestia
1135 3090 1313 3155 charismata,
1336 3089 1374 3144 ita
1390 3098 1421 3148 ιιι
1444 3088 1513 3150 nihil
1527 3089 1583 3145 illis
1602 3089 1711 3146 deesset
1723 3089 1752 3145 in
1770 3091 1829 3146 ulla

190 3179 259 3236 tides
272 3191 434 3249 revertatur,
447 3183 545 3239 luciler
557 3183 672 3250 oriatur,
679 3184 767 3256 caligo
779 3185 835 3255 poli
848 3185 981 3252 solvatur,
1034 3182 1133 3255 gratia,
1154 3190 1183 3236 et
1196 3195 1246 3252 per
1265 3179 1385 3242 visibilia
1410 3179 1555 3248 miracula,
1574 3180 1675 3251 quibus
1690 3189 1764 3237 terra
1784 3191 1830 3239 cst

189 3283 274 3328 nauta
288 3274 360 3331 vires
374 3275 496 3348 colligat,
510 3277 585 3346 ponti
597 3276 743 3333 mitescant
754 3275 835 3344 lreta,
846 3285 873 3333 et
890 3277 982 3334 omnis
1034 3275 1198 3343 illuminata,
1214 3276 1252 3334 ita
1267 3285 1298 3330 ιιι
1312 3285 1392 3337 antea
1409 3283 1491 3331 notus
1506 3275 1534 3331 in
1556 3273 1648 3332 tudaea
1669 3274 1743 3333 Deus
1765 3287 1830 3334 tan·

189 3379 315 3420 errorum
327 3366 429 3424 chorus
440 3367 515 3423 viam
530 3368 645 3425 nocendi
660 3368 795 3424 deserat?
812 3388 821 3420 ι
1033 3377 1104 3436 ιιιιιι,
1119 3383 1192 3424 nunc
1206 3367 1242 3424 sit
1255 3378 1339 3423 notus
1354 3365 1381 3422 in
1398 3374 1456 3430 toto
1468 3365 1535 3422 orbe
1548 3375 1695 3426 terrarum.

225 3455 293 3525 Qua
310 3460 402 3516 omnia
426 3460 600 3517 invisibiliter
617 3470 644 3518 et
665 3462 828 3518 aeternaliter
840 3463 983 3533 praedesti·
1071 3458 1247 3531 lleritoergo
1260 3459 1288 3514 in
1308 3466 1383 3514 tanta
1405 3457 1600 3520 beneficiorum
1615 3456 1664 3513 Dei
1687 3458 1829 3517 evidentia

189 3547 326 3606 natacum
341 3550 547 3618 luerint,etiam
571 3553 723 3621 visibiliter,
747 3563 775 3611 ει
787 3557 865 3626 quasi
888 3556 983 3625 palpa·
1024 3551 1120 3624 'gavisi
1146 3561 1211 3610 sunt
1231 3551 1359 3622 discipuli
1382 3551 1442 3608 viso
1466 3550 1593 3608 Domino.
1615 3550 1713 3608 blerito
1730 3562 1760 3610 et
1774 3570 1830 3614 noa

191 3640 284 3698 biliter
294 3643 471 3702 credentibus
493 3644 625 3701 exhibita.
646 3644 723 3701 Sicut
736 3646 821 3718 gavisi
849 3648 983 3704 suntdis·
1034 3645 1232 3702 contristamur
1253 3645 1459 3715 qualescunque
1481 3643 1608 3716 discipuli
1621 3659 1677 3704 non
1699 3645 1829 3704 videntes

189 3734 273 3805 cipuli
298 3736 363 3792 viso
389 3735 527 3806 Domino,
552 3750 580 3795 et
601 3739 852 3796 exsultaverunteo
874 3740 982 3809 palpatu
1033 3737 1194 3807 Dominum,
1216 3738 1346 3809 qnoniam
1373 3736 1493 3807 peccatis
1517 3736 1620 3794 nostris
1638 3736 1828 3810 exigentibus,

188 3834 251 3897 post
273 3826 511 3895 resurrectionem,
526 3829 567 3884 sic
580 3841 607 3885 et
626 3845 699 3885 nunc
719 3830 856 3886 exsultare
866 3838 983 3898 possunt
1033 3832 1071 3887 ita
1095 3831 1176 3887 nobis
1197 3829 1375 3886 absconditus
1395 3837 1438 3885 est
1458 3838 1499 3896 nt,
1523 3827 1624 3885 diuinis
1644 3837 1673 3884 et
1693 3829 1829 3887 humanis

189 3915 295 3984 fideles,
312 3919 359 3989 qui
372 3927 521 3990 antequam
533 3920 640 3988 tierent,
649 3920 804 3976 habuerunt
821 3920 981 3990 hujusmodi
1033 3923 1143 3988 auxiliis
1155 3922 1289 3990 destituti,
1305 3922 1449 3978 anxiemur
1459 3932 1486 3976 et
1498 3920 1656 3993 ignoremus
1666 3921 1733 3996 quid
1741 3938 1830 3995 agere

189 4009 408 4067 consolationum
428 4022 530 4069 certam
542 4013 774 4084 exspectationem
789 4022 919 4084 tanquam
930 4028 981 4069 er·
1032 4012 1191 4069 debeamus
1208 4009 1286 4078 Unde
1301 4019 1452 4070 rectecum
1476 4011 1579 4067 sanctis
1595 4009 1761 4069 llacbabaeis
1780 4014 1829 4070 di·

188 4091 336 4169 spectando
349 4103 451 4159 Christi
472 4104 712 4169 resurrectionem,
729 4113 756 4160 et
770 4107 979 4175 apparitionem,
1032 4118 1093 4162 core
1105 4118 1277 4175 possumus:
1296 4123 1305 4160 ι
1323 4101 1501 4175 congregatae
1517 4113 1584 4160 sunt
1595 4114 1690 4177 gentes
1709 4105 1737 4168 in
1751 4106 1829 4162 mul·

187 4192 235 4264 qni
254 4208 367 4249 suorum
391 4194 511 4252 bdelium
533 4205 628 4265 pastor
651 4197 731 4251 toties
753 4195 793 4251 eis
818 4197 979 4266 percutitur,
1032 4197 1158 4266 titudine,
1182 4205 1213 4252 ut
1235 4196 1366 4254 dimicent
1394 4205 1490 4253 contra
1511 4211 1574 4263 nos,
1599 4204 1628 4253 et
1649 4197 1828 4269 ignoramus,

187 4285 297 4353 quoties
319 4300 384 4356 grex
396 4286 516 4357 ipsiusin
528 4287 697 4343 desolatione
718 4288 894 4359 dispergitur,
908 4290 981 4347 sicut
1030 4290 1097 4362 qnid
1110 4306 1191 4362 agero
1203 4291 1353 4356 debeamus
1368 4289 1395 4364 (l
1410 4289 1533 4371 Malui.
1550 4307 1592 4358 nr,
1605 4291 1660 4364 li).
1677 4310 1687 4344 ι
1705 4290 1829 4361 Quando

189 4377 399 4447 scriptumest:
418 4397 428 4431 r
445 4376 601 4434 terentiani
614 4391 763 4450 pastorem,
778 4391 805 4436 et
820 4382 980 4454 dispergen·
1030 4385 1159 4441 columna
1184 4384 1255 4454 ignis
1278 4384 1306 4439 in
1329 4385 1433 4448 sanctis
1454 4384 1622 4457 martyribus
1641 4400 1690 4455 per
1711 4394 1827 4441 noctem

190 4477 236 4523 tur
258 4484 324 4525 oves
349 4469 410 4540 ejus
435 4469 546 4542 (Matri.
569 4486 643 4538 xxvi,
671 4470 720 4543 51).
739 4490 750 4523 ι
779 4470 814 4528 Et
832 4474 912 4528 toties
937 4474 979 4530 eis
994 4490 1017 4545 p
1030 4475 1239 4547 persecutionis,
1263 4484 1291 4540 et
1305 4477 1434 4542 columna
1456 4477 1538 4532 nubis
1552 4476 1579 4532 in
1592 4477 1696 4536 sarens
1711 4476 1828 4534 conlas-

187 4573 337 4630 resurgens
350 4561 480 4631 precedit
489 4576 538 4619 eos
562 4562 590 4618 in
605 4562 756 4631 Gallinam,
769 4573 798 4620 ut
813 4564 851 4619 ibi
863 4580 926 4620 eum
938 4566 978 4622 vi·
1028 4568 1139 4626 roribus
1169 4583 1218 4639 per
1249 4568 1323 4639 diem
1349 4569 1554 4640 tranquillitatis
1580 4583 1629 4640 per
1660 4567 1826 4638 hujusmodi

187 4651 387 4720 deantriuum,
402 4669 485 4725 quem
504 4654 654 4711 doluerunt
675 4671 848 4727 percussum,
869 4657 977 4727 quoties
1028 4661 1126 4717 mundi
1154 4659 1293 4717 desertum
1316 4661 1465 4722 antecessit
1490 4659 1621 4731 populum
1649 4677 1658 4712 r
1689 4658 1718 4713 in
1745 4659 1827 4715 exitu

185 4743 375 4800 misericordia
385 4760 435 4803 sua
449 4747 541 4802 omnia
552 4747 673 4803 bumana
690 4748 788 4803 merita
800 4749 975 4819 precedente
1028 4751 1112 4810 lsrael
1127 4753 1161 4809 de
1175 4751 1293 4825 AEgypto
1306 4752 1405 4809 domus
1426 4750 1513 4820 Jacob
1524 4753 1558 4809 de
1578 4752 1680 4824 populo
1700 4751 1827 4812 barbam

188 4851 219 4893 se
233 4837 314 4908 quasi
329 4838 476 4896 videndum
489 4849 516 4895 et
528 4841 693 4910 palpandum
702 4842 810 4898 exbibet
819 4842 846 4898 in
855 4841 975 4908 Galilaa,
1028 4841 1117 4914 [Paul.
1133 4857 1211 4910 crrrr,
1226 4843 1264 4909 l),
1282 4861 1292 4895 ι
1309 4841 1336 4897 in
1357 4850 1433 4898 tanta
1458 4857 1551 4898 rerum
1574 4842 1740 4902 certitudine
1767 4857 1826 4902 non

186 4929 289 4997 idest,
305 4931 332 4985 in
344 4932 577 5003 trammigrotione
589 4942 740 5004 perpetrata
755 4933 876 5006 (Galilaea
898 4950 976 4988 nam-
1027 4943 1153 5007 poterant
1166 4934 1294 5005 ignorare
1308 4933 1413 5003 (idries,
1433 4933 1499 5004 quid
1524 4932 1611 5005 agere!
1622 4931 1757 4988 deberent
1780 4934 1826 4989 rel
1906 4941 1907 4958 ¹

186 5036 241 5092 que
255 5022 454 5093 transmigratio
470 5032 620 5094 perpetrato
631 5023 860 5095 interpretratur)
875 5026 903 5079 in
921 5040 976 5094 qua
1026 5036 1122 5083 contra
1145 5037 1276 5099 tyrannos
1300 5025 1342 5081 vel
1362 5032 1457 5081 contra
1480 5023 1633 5080 hereticos.
1657 5021 1741 5079 Nunc
1766 5023 1826 5084 lla-
1906 5047 1907 5060 ι

186 5112 278 5183 gregis
291 5110 427 5169 bominici
442 5123 505 5183 post
516 5115 721 5185 percussionem
738 5124 772 5186 ct
797 5116 976 5172 resurrectio-
1026 5120 1201 5177 chabaeurum
1215 5126 1279 5176 sunt
1301 5118 1423 5189 pericula
1443 5116 1623 5187 multiplicata
1638 5115 1665 5171 in
1681 5115 1823 5179 Faciesia,

188 5219 252 5261 nem
266 5206 387 5277 pastoris
398 5206 539 5278 perficitur
553 5209 716 5277 consolatio,
734 5210 845 5281 quando
862 5209 914 5277 his,
926 5210 975 5281 qui
1027 5229 1116 5285 neque
1130 5212 1164 5268 de
1186 5211 1230 5266 bis
1249 5210 1380 5282 periculis
1394 5218 1437 5266 est
1453 5210 1546 5266 evasio
1559 5217 1643 5264 certa.
1661 5205 1733 5263 Nam
1749 5210 1825 5264 sicut

186 5298 220 5352 de
231 5299 311 5355 malis
323 5300 357 5355 ad
373 5300 455 5367 bona,
473 5301 515 5357 vel
526 5301 560 5357 de
576 5301 667 5370 bonis,
692 5301 727 5358 ad
749 5302 864 5359 meliora
877 5311 974 5358 trans·
1029 5324 1039 5357 r
1058 5303 1169 5375 scripsit
1180 5317 1229 5357 rex
1239 5300 1394 5357 Antiochus
1411 5300 1486 5370 omni
1501 5316 1586 5373 regno
1608 5314 1670 5366 suo,
1691 5307 1723 5354 ιιι
1748 5307 1826 5358 esset

186 5386 317 5458 migrant,
332 5388 360 5444 in
372 5390 468 5446 eadem
491 5392 735 5464 transmigratione
749 5401 842 5464 pastor
853 5393 913 5451 suis
926 5409 976 5464 ap·
1026 5395 1117 5451 omnis
1141 5392 1258 5465 populus
1280 5408 1353 5449 unns
1371 5391 1399 5460 (l
1414 5391 1502 5448 Hori.
1519 5409 1539 5457 r,
1553 5391 1599 5462 ld)
1618 5410 1625 5446 :
1644 5410 1655 5445 ι
1679 5391 1719 5447 ita
1747 5407 1826 5448 nnnc

186 5490 265 5548 paret
275 5481 363 5548 vivus,
380 5482 474 5540 dicens
486 5484 527 5540 sic
541 5503 548 5540 :
564 5503 574 5537 ι
600 5484 669 5541 Data
681 5495 725 5542 est
743 5485 811 5541 mibi
828 5486 975 5566 omnispo·
1026 5494 1165 5556 satagente
1178 5482 1287 5540 diabolo
1300 5492 1328 5551 et
1342 5483 1505 5540 antichristo
1516 5483 1657 5556 agitur,nt
1676 5481 1714 5537 sit
1723 5481 1825 5542 omisis
1906 5539 1907 5554 ,

187 5576 273 5631 testas
285 5573 313 5627 in
327 5575 397 5630 ereio
409 5584 436 5630 et
449 5578 477 5632 in
489 5585 558 5634 terra
571 5577 683 5647 (Morti.
709 5593 807 5646 rrutrr,
821 5578 876 5649 ta).
892 5598 902 5632 ι
916 5576 975 5635 lloc
1025 5578 1142 5649 populus
1165 5591 1248 5644 ιιιιιιε,
1263 5576 1322 5649 {nec
1338 5576 1375 5632 sit
1398 5575 1527 5631 distantia
1550 5575 1620 5641 inter
1643 5575 1824 5635 sacerdotem
1906 5561 1907 5598 ἶ

188 5659 217 5721 in
229 5668 333 5719 tanturn
344 5665 444 5736 dicere,
456 5678 484 5724 et
495 5670 546 5726 boc
557 5670 707 5741 discipulos
731 5686 796 5727 suus
809 5671 904 5727 audire
914 5686 975 5727 cre·
1024 5677 1053 5724 et
1066 5668 1209 5739 populum,
1232 5667 1280 5724 sed
1303 5665 1339 5723 sit
1352 5666 1425 5724 sicut
1438 5665 1566 5737 populus,
1582 5664 1623 5721 sic
1635 5674 1663 5721 et
1685 5663 1825 5724 sacerdos

190 5746 307 5811 tendum
322 5756 562 5830 rtlatendurnost,
578 5763 605 5822 in
619 5764 832 5832 quantumsicut
848 5764 876 5819 in
891 5763 972 5832 coelo,
1025 5760 1265 5819 nulladilierentia
1275 5761 1472 5830 servatainter
1486 5766 1651 5816 sanctumet
1676 5771 1735 5813 non
1752 5771 1825 5819 saun
1906 5755 1907 5770 ¹
