3817 6000
95 237 154 294 Β
691 236 954 294 uutootttantttt.
975 269 1008 278 —
1029 236 1094 291 tto.
1115 236 1148 292 V.
1680 245 1736 303 230

96 355 190 410 virtus
203 352 290 421 illius,
301 361 398 409 contra
410 352 526 409 seminas
542 351 569 407 in
584 351 786 410 umbilicoessc
800 355 894 424 perbi-
909 359 932 417 Α
946 354 974 409 in
992 356 1050 411 suis
1063 356 1164 412 [litibus
1175 354 1297 411 iudaeam
1321 340 1444 424 replevit.
1457 351 1513 410 Nee
1527 363 1617 413 tumen
1641 360 1738 419 exibat

95 448 191 505 haur,
944 447 1128 515 extrinsecus,
1139 447 1204 517 quia
1218 461 1279 503 seso
1289 445 1317 500 in
1330 444 1533 502 multitudinem
1545 449 1666 519 gentium
1680 467 1736 508 non

403 558 518 616 cppup
537 559 591 614 Lu·
944 537 1084 593 dilatabat.
1102 538 1168 606 oure
1191 539 1298 594 ardoris
1309 537 1419 593 flamma
1433 539 1491 593 visa
1502 548 1544 595 cst
1559 543 1737 610 postmodum

419 668 453 706 (Β
472 669 576 709 mmm
944 629 1103 687 incircuitu
1120 632 1272 702 splendere,
1287 631 1351 701 quia
1372 646 1422 702 pcr
1444 629 1540 686 mundi
1554 632 1682 691 cardines
1707 635 1736 690 in

99 742 134 797 itt
153 740 895 813 scripturarumlurnborrrmtrontiueaiipaottdopro-
945 724 1082 781 ”mimis
1105 726 1231 797 dentibus
1252 725 1447 795 ⁰¹¹¹¹¹5li⁰l⁰¹¹lis
1474 725 1521 780 Μ
1550 741 1629 781 611]οΓ
1656 726 1738 797 (mpii

134 831 205 884 pago
220 813 407 895 mortalitatis,
436 812 579 894 aliquando
606 814 726 880 lanaria,
750 815 894 883 aliquando
944 832 1113 873 excrescere.
1128 817 1193 872 Erat
1206 833 1272 889 ergo
1286 817 1362 888 prius
1384 817 1456 887 ignis
1478 817 1737 886 interseruerunt

130 884 226 939 Μὴ
244 885 378 953 “mmm
391 884 561 953 mnndum·
944 907 1029 964 Jacob
1043 909 1145 965 dicerer
1165 928 1172 963 :
1199 909 1324 965 Salutate
1347 918 1422 963 taum
1446 910 1739 979 carpocratianorum

134 995 215 1066 (565)
240 993 412 1051 lumborum
438 995 549 1051 nomiae
571 1009 690 1067 propago
721 994 895 1050 mortalitatis
946 998 1109 1069 (Garamum,
1125 1000 1163 1066 8).
1180 1000 1343 1067 Qttodenim
1356 1001 1611 1057 salutercdicimus
1627 1000 1737 1071 Latine,

6 1134 9 1145 .
97 1089 272 1159 designatur,
298 1089 369 1143 siem
391 1103 440 1158 per
461 1086 633 1143 Ezechielem
661 1088 694 1143 de
711 1086 894 1157 lledentptore
945 1090 1028 1145 verbo
1052 1088 1185 1148 Hebraico
1212 1091 1293 1148 lesus
1313 1092 1422 1150 dicitur.
1449 1092 1478 1147 ln
1497 1110 1552 1164 quo
1566 1094 1651 1150 uerbo
1665 1095 1738 1151 boati

98 1180 331 1235 nostrodicitur:
351 1179 648 1251 i'clataspectunripnt's
662 1180 820 1233 irrtriasecur
836 1178 893 1249 ejus
944 1182 1029 1239 laceb
1057 1200 1135 1241 erens
1161 1186 1324 1253 ostenditur,
1346 1186 1485 1256 qrrnmndo
1512 1185 1577 1242 ,lesu
1601 1186 1738 1245 desiderio

96 1289 145 1342 per
159 1273 315 1340 circuitum,
332 1290 348 1326 o
370 1272 466 1327 lambit
479 1272 571 1342 ejurat
585 1272 711 1342 desuper,·
726 1281 751 1326 ct
767 1271 894 1326 elambit
946 1277 1069 1344 ardebat,
1085 1292 1165 1347 quem
1191 1294 1221 1333 se
1243 1279 1364 1333 moriens
1382 1289 1540 1349 exspectare
1564 1280 1736 1350 perhibebat.

96 1363 386 1433 muupucdeoraum
401 1361 895 1434 ridiqaarispccicraieniasplenden-
945 1367 1065 1424 Ardebat
1079 1370 1160 1441 ignis,
1177 1385 1239 1426 cum
1266 1370 1374 1442 Moyses
1391 1373 1512 1428 diceret:
1535 1371 1565 1428 Si
1579 1375 1739 1446 invariare·

97 1455 179 1508 tisin
206 1453 447 1524 circuituilt'teclr.
464 1470 482 1518 t,
498 1454 555 1524 bi).
573 1453 642 1521 Quid
666 1464 709 1509 est
733 1454 805 1509 enim
820 1453 896 1524 quod
946 1460 1013 1514 tiam
1032 1462 1211 1532 incompacta
1235 1470 1291 1530 tuo,
1308 1463 1413 1518 ostende
1440 1463 1693 1535 miltiternetipsunr,
1708 1473 1738 1520 at

97 1548 236 1604 mediator
263 1546 310 1603 bei
324 1558 352 1603 et
378 1549 520 1605 bominum
543 1550 626 1604 bomo
640 1548 766 1605 Christus
786 1548 894 1606 lesusa
945 1553 1047 1607 adeam
1059 1563 1083 1607 tc
1100 1553 1198 1623 (deod.
1213 1571 1307 1621 xxxiv,
1318 1555 1357 1624 9).
1374 1554 1495 1612 Ardebat
1509 1556 1581 1627 iguis
1596 1558 1624 1612 in
1635 1567 1737 1625 mente,

97 1640 214 1705 lumbis,
230 1650 259 1695 et
280 1639 399 1710 desuper
418 1653 557 1710 aspectum
572 1640 643 1712 ignis
658 1640 825 1697 intrinsecus
845 1656 894 1711 per
946 1657 1010 1697 cum
1026 1641 1111 1698 batid
1126 1644 1227 1699 diceret
1241 1662 1248 1698 :
1264 1642 1354 1699 Sitiuit
1366 1645 1457 1699 animo
1471 1661 1529 1701 arcu
1547 1647 1582 1700 ad
1598 1646 1684 1702 Deam
1696 1648 1736 1702 ai-

98 1729 249 1785 circuitum
261 1730 362 1786 babere
369 1730 544 1799 describitur,
551 1732 710 1788 etalumbis
723 1741 751 1787 et
762 1732 892 1787 deorsum
946 1747 1016 1785 uam.
1033 1732 1147 1798 Quando
1158 1734 1271 1799 etaiam,
1292 1744 1318 1788 et
1332 1735 1463 1805 apparebo
1480 1744 1542 1791 ante
1567 1736 1664 1805 [aciem
1686 1736 1736 1791 Dei

98 1820 221 1890 speciem
238 1819 311 1891 ignis
325 1820 493 1890 splendentis
518 1836 566 1891 per
587 1821 753 1877 circuitum?
777 1819 895 1876 investi·
945 1822 1016 1876 mei?
1031 1821 1117 1893 (Psoi.
1137 1840 1192 1889 ret,
1209 1824 1248 1894 5.)
1270 1823 1322 1891 Qui
1344 1825 1559 1881 incarnationem
1583 1825 1665 1882 Verbi
1688 1828 1737 1883 do-

98 1910 221 1981 gandum
241 1925 361 1981 namque
374 1926 459 1982 quare
477 1911 619 1979 alumbis,
635 1920 662 1968 ct
674 1912 792 1982 desuper
804 1911 893 1983 ignem
945 1912 1080 1979 sidereus,
1091 1915 1145 1969 ait:
1163 1914 1277 1970 Ostende
1291 1915 1376 1983 nobis,
1390 1914 1511 1984 bomine,
1527 1919 1737 1975 misericordiam

98 2002 281 2070 intrinsecus,
294 2017 345 2058 nec
367 2012 457 2058 tamen
480 2002 667 2073 splendentem
685 2004 774 2074 ignem
795 2002 895 2059 babere
946 2015 1031 2070 tuam,
1045 2015 1070 2060 et
1089 2008 1207 2062 satutare
1230 2018 1305 2062 taam
1324 2009 1360 2063 dc
1374 2008 1448 2063 uobis
1466 2009 1553 2081 (Psoi.
1570 2026 1680 2081 ttxxtu,
1696 2014 1736 2085 8).

98 2105 249 2163 narratur,
266 2110 282 2149 a
308 2094 410 2150 lumbis
423 2082 500 2162 v'ero,
522 2108 550 2151 et
564 2096 694 2152 deorsum
708 2097 808 2152 babere
824 2097 895 2168 ignis
945 2097 1065 2153 Ardebat
1076 2098 1146 2169 ignis
1160 2114 1222 2154 cum
1239 2098 1348 2155 Simeon
1362 2101 1396 2156 de
1407 2101 1584 2172 corruptione
1597 2104 1738 2175 titaeprae-

97 2189 221 2258 speciem
236 2187 347 2253 dicitur,
361 2196 520 2244 nontamen
534 2187 608 2244 hunc
618 2187 719 2244 habere
729 2188 895 2245 intrinsecus
945 2189 1030 2245 scotis
1039 2189 1114 2246 exire
1128 2189 1298 2258 desiderans,
1311 2193 1414 2248 auulirit
1428 2209 1479 2248 non
1493 2196 1568 2265 priua
1577 2212 1604 2250 te
1618 2198 1737 2252 uisuram

98 2288 285 2347 memorator,
300 2280 364 2350 quia
380 2278 567 2350 splendentem
591 2289 618 2336 et
637 2279 795 2336 incircuitu
822 2282 895 2336 bunc
945 2292 1068 2349 mortem,
1083 2283 1136 2337 nisi
1149 2282 1338 2354 309ur'dcret
1352 2285 1481 2340 cirristant
1493 2286 1604 2342 bantini
1614 2288 1690 2359 (Luc.
1706 2307 1736 2358 rr,

98 2370 205 2429 babere
226 2372 400 2428 describitur,
424 2371 495 2439 outo
513 2373 586 2427 enim
601 2372 756 2429 lumborum
771 2377 892 2438 nonriue,
944 2374 1002 2446 26).
1019 2375 1284 2449 Sedecccp'amignis
1297 2379 1496 2449 istequasisub
1509 2380 1738 2440 lumbiserterius

98 2465 154 2520 nisi
169 2479 294 2536 propago
309 2465 484 2520 mortalitatis
500 2465 682 2536 exprimitur?
694 2464 810 2537 Propter
821 2467 894 2535 qrtod
946 2469 1109 2539 resplendet,
1123 2470 1185 2541 quia
1194 2470 1323 2526 uniuersa
1337 2470 1474 2542 gentilitas
1486 2472 1621 2529 incarnati
1633 2474 1681 2530 bei
1696 2484 1739 2530 est

96 2558 185 2613 ettam
201 2567 230 2611 et
249 2554 513 2627 testanturque
539 2557 629 2613 adbuc
645 2558 672 2611 in
693 2558 795 2615 lumbis
808 2559 894 2628 patris
945 2576 1041 2617 amore
1066 2577 1208 2618 succensa.
1235 2560 1269 2618 Et
1282 2562 1347 2632 quia
1370 2564 1430 2634 ejus
1444 2566 1566 2621 membra
1580 2576 1646 2622 sunt
1658 2568 1736 2624 electi

96 2660 169 2718 erat,
179 2666 245 2706 com
256 2649 453 2706 llelcltisedech
465 2650 585 2707 occurrit
594 2650 711 2706 aurata
723 2671 729 2705 :
741 2650 779 2707 lle
793 2650 894 2709 lumbis
946 2654 1035 2724 augeli
1053 2655 1082 2708 in
1095 2654 1176 2718 cralo,
1190 2656 1250 2723 eius
1272 2655 1395 2710 membra
1418 2663 1485 2711 sunt
1503 2659 1630 2713 conuersi
1646 2659 1737 2714 bonti-

95 2754 167 2796 rero
180 2738 301 2794 Abrabae
316 2737 399 2810 Virgo
413 2739 499 2794 llaria
511 2739 588 2807 exiit,
608 2740 637 2796 in
651 2741 731 2811 cujus
746 2750 824 2797 utero
837 2743 895 2797 uni·
946 2758 995 2798 nes
1020 2744 1046 2797 iu
1063 2750 1145 2797 terra.
1159 2740 1237 2798 Unus
1252 2742 1334 2797 botrio
1347 2751 1389 2799 est
1410 2745 1472 2813 qui,
1489 2753 1517 2799 ct
1532 2761 1615 2812 super
1629 2749 1738 2805 lumbos

97 2830 211 2901 genitus
231 2829 323 2886 Patris
339 2844 388 2900 per
410 2829 541 2901 Spiritum
558 2838 684 2886 sanctum
699 2831 837 2887 incarnari
852 2833 895 2887 di·
947 2831 1024 2887 ardet
1040 2830 1214 2896 intrinsecus,
1230 2839 1258 2886 et
1282 2832 1333 2886 sub
1348 2831 1449 2889 lumbis
1471 2833 1585 2890 interius
1599 2835 1671 2907 ignis
1692 2840 1737 2894 eui

97 2933 202 2993 gnatus
217 2931 270 2979 est.
293 2920 333 2977 Ex
348 2937 402 2992 qua
418 2922 608 2977 incarnatione
634 2924 762 2979 universo
775 2923 895 2979 innotuit
947 2921 1117 2992 splendorem
1140 2922 1169 2977 in
1192 2922 1309 2978 circuitu
1330 2923 1446 2993 emittit,
1456 2924 1521 2996 quia
1535 2935 1564 2982 et
1576 2928 1689 2999 angelos
1702 2931 1736 2987 ad

98 3016 206 3071 mundo
220 3014 295 3071 Deus
307 3015 380 3071 sicat
393 3013 628 3085 per-Psalmistam
652 3015 773 3071 dieitur:
796 3016 927 3091 dacin-c
947 3029 1071 3069 amorem
1085 3029 1166 3070 suum
1190 3028 1240 3085 per
1261 3015 1433 3071 diuinitatem
1456 3017 1552 3084 tenuit,
1569 3030 1597 3074 ct
1609 3021 1737 3080 lromiats

98 3124 159 3178 gere
186 3107 345 3178 glodiano
380 3106 451 3161 circa
475 3108 563 3178 [entur
590 3115 684 3174 tauta,
712 3108 893 3177 potentissime
945 3106 980 3161 ad
997 3105 1206 3163 sanctiardoris
1222 3107 1266 3164 sui
1281 3108 1736 3172 desideriumerbunmnitatere·

99 3199 190 3257 iPsat.
207 3216 280 3268 retr,
292 3200 331 3270 l).
345 3198 472 3255 Gladium
490 3199 590 3254 etenim
603 3200 676 3255 circa
692 3197 783 3254 lemur
797 3208 893 3269 poten-
944 3200 1061 3255 vocavit.
1117 3240 1121 3244 ‚

99 3293 228 3351 tissimus
240 3294 369 3363 sumpsit,
381 3293 446 3363 quia
460 3307 553 3349 sermo
568 3292 629 3363 ejus
644 3291 846 3362 predicationis
858 3292 891 3346 il·
979 3291 1054 3363 (566)
1075 3290 1242 3348 Lumborum
1258 3294 1369 3349 nontine
1381 3295 1489 3351 luxuria
1502 3295 1671 3369 designatur,
1683 3299 1737 3355 sic-

98 3386 155 3441 lius
179 3401 212 3440 er
235 3385 322 3454 ipsius
343 3385 532 3441 incantatione
556 3384 704 3441 conualuit.
721 3382 792 3450 Quid
810 3384 894 3455 308
944 3390 973 3437 ut
987 3397 1035 3452 per
1047 3382 1157 3439 beatum
1170 3381 1222 3439 lob
1235 3397 1268 3440 ex
1286 3400 1402 3457 persona
1417 3386 1545 3452 Ecclesiae
1555 3399 1657 3446 sanctae
1669 3391 1737 3447 dici·

99 3493 169 3533 vcro
185 3478 237 3533 istc
252 3477 324 3548 ignis
338 3477 463 3548 designat
486 3476 539 3534 nisi
555 3476 680 3533 ardorem
693 3475 781 3532 sancti
806 3474 893 3546 Spiri·
944 3481 988 3527 tur
1000 3473 1200 3529 :circumdedit
1213 3493 1257 3532 nte
1268 3478 1368 3533 lanceis
1382 3480 1450 3547 suis,
1462 3483 1655 3537 comalrmrarr‘t
1667 3484 1737 3538 lant·

99 3579 158 3638 tus,
174 3572 223 3642 qui
241 3569 325 3627 corda
350 3583 412 3642 quae
438 3568 598 3639 repleverit,
622 3568 761 3624 incendit?
786 3566 892 3638 begua
943 3564 989 3619 bor
1014 3580 1085 3621 uuor
1112 3565 1173 3636 (lob
1202 3569 1343 3640 ruald).
1370 3567 1469 3626 Satteta
1492 3574 1592 3644 quippe
1614 3573 1736 3633 Ecclesia

100 3665 163 3734 ipsa
176 3661 283 3720 Veritas
297 3662 384 3718 dicit:
398 3661 490 3732 ignara
504 3663 562 3715 ueni
578 3662 681 3715 mittere
696 3661 724 3714 in
741 3669 850 3725 terren,
866 3669 893 3715 et
943 3657 1045 3714 lanceis
1059 3658 1094 3714 ab
1112 3659 1191 3716 lroste
1203 3675 1255 3717 suo
1271 3661 1467 3731 circumdatur,
1481 3668 1591 3735 quando
1605 3667 1633 3722 iu
1648 3683 1735 3724 mem·

2 3751 3 3768 ¹
97 3757 304 3838 eaidvrolonisi
320 3753 891 3826 utaccendotarilluidestergoquodln
942 3748 1000 3806 bris
1014 3749 1073 3806 suis
1093 3750 1128 3805 ab
1143 3751 1332 3825 impugnatore
1351 3756 1738 3830 callidotentationumjacu·

98 3851 154 3906 boe
167 3858 279 3920 aspectu
293 3848 425 3917 bominis,
442 3849 640 3921 quiflpropbctae
649 3848 809 3918 appendite
821 3847 893 3901 lum·
941 3841 977 3899 lis
986 3843 1136 3914 impetitur.
1152 3843 1323 3902 Beneautem
1335 3849 1437 3905 lanceis
1448 3850 1612 3906 circumdari
1623 3851 1735 3920 dieitur,

96 3942 143 3998 bis
159 3940 299 4012 superius,
313 3940 480 3998 intrinsecus
492 3955 540 4011 per
551 3939 697 3995 circuitum
711 3939 783 4010 ignis
794 3940 890 4007 ardet;
942 3936 1008 4006 quia
1032 3936 1162 4007 antiquus
1189 3937 1277 3994 bostis
1301 3939 1459 3997 tentationis
1482 3957 1540 3997 suae
1562 3943 1675 3999 uulnere
1698 3945 1734 3999 ab

96 4033 236 4089 alumbis
256 4048 322 4090 vero
334 4032 450 4089 interius
464 4048 519 4088 non
532 4031 788 4103 ignisintrinsecus,
801 4031 849 4088 sed
865 4031 892 4086 in
942 4030 1018 4085 omni
1039 4039 1116 4100 parta
1137 4046 1188 4087 nos
1212 4029 1328 4100 impetit.
1351 4029 1385 4087 Et
1402 4033 1466 4103 quio
1489 4049 1571 4091 omne
1593 4044 1735 4106 peccatum

95 4127 220 4183 circuitu
234 4125 401 4197 resplendet,
428 4125 483 4181 nisi
500 4126 573 4196 quod
598 4133 661 4180 ante
671 4124 891 4181 incarnationem
942 4122 1031 4178 bostis
1046 4122 1156 4193 quidem
1170 4123 1285 4180 callidus
1299 4124 1404 4192 suadet,
1418 4124 1466 4180 scd
1480 4140 1530 4181 nos
1546 4126 1734 4197 ejussuasio-

98 4218 254 4291 Unigeniti,
269 4217 460 4289 Redemptoris
482 4217 581 4286 nostri,
593 4218 651 4273 sola
671 4217 743 4273 intra
757 4232 787 4273 se
799 4216 892 4273 tndaea
942 4218 1025 4274 nibus
1045 4217 1241 4274 consentiendo
1260 4228 1459 4289 perpetramus,
1478 4227 1570 4289 aperte
1591 4219 1735 4291 subiungi·

96 4315 230 4369 ardorem
245 4313 349 4367 amoris
371 4311 432 4380 eius
446 4310 557 4377 babuit,
587 4317 649 4380 post
676 4309 891 4365 incarnationem
943 4309 1230 4365 carmentriacensis
1248 4308 1446 4366 lumbormeor.
1471 4310 1499 4365 ln
1519 4311 1620 4367 lumbis
1635 4311 1736 4383 quippe

96 4418 165 4459 tero
178 4402 255 4458 illius
278 4401 437 4457 incircuitu
456 4402 517 4471 ejus
539 4402 612 4473 ignis
631 4399 810 4471 resplenduit,
826 4401 890 4471 quia
908 4378 930 4434 ⁰
945 4404 1053 4459 luxuria
1070 4413 1112 4459 est
1128 4422 1135 4458 ι
1149 4403 1218 4458 Cum
1234 4420 1299 4477 crgo
1313 4404 1444 4474 antiquus
1464 4404 1551 4460 bostis
1566 4404 1670 4461 lidelem
1687 4421 1737 4476 po·

97 4496 126 4551 in
138 4496 272 4550 uniuerso
284 4493 388 4550 mundo
399 4492 526 4565 gentibus
537 4492 688 4549 claritatem
702 4492 790 4548 sancti
803 4490 891 4562 Spiri·
945 4498 1039 4566 putum
1053 4499 1086 4553 an
1099 4499 1235 4553 luguriam
1256 4496 1399 4567 pertrahit,
1414 4497 1487 4551 hunc
1499 4498 1594 4566 procul
1609 4497 1692 4552 dubio
1706 4498 1734 4552 in

98 4597 144 4645 tus
156 4585 364 4643 etludithrius
384 4601 450 4658 ergo
466 4585 633 4642 intrinsecus
655 4583 727 4656 ignis
740 4592 817 4650 erat,
843 4583 891 4640 sed
945 4589 1046 4645 lumbis
1068 4588 1139 4645 ierit.
1156 4588 1208 4646 Ubi
1230 4602 1347 4665 quoque·
1359 4588 1508 4643 notandum
1532 4587 1662 4658 estquod
1678 4604 1734 4644 non

98 4680 297 4752 splertdornoo
314 4676 607 4749 emacula-Spiritus
621 4676 735 4733 sanctus
752 4677 780 4731 in
796 4675 891 4731 mtrltis
944 4682 982 4736 ait
1007 4699 1014 4735 ι
1043 4680 1210 4745 Vulneraeitr
1235 4679 1283 4735 sed
1309 4677 1503 4734 conuulneraait
1525 4677 1626 4732 tutabor
1651 4691 1732 4733 nteot.

97 4773 211 4843 quidem
229 4770 357 4842 partibus
367 4767 488 4826 Jttdaeam
509 4769 639 4840 replebat,
657 4766 703 4826 sed
717 4770 751 4824 ud
766 4769 889 4824 notitiam
945 4772 1105 4829 sicutenim
1122 4770 1196 4841 loqtri
1212 4769 1360 4841 aliquando
1375 4769 1457 4825 unius
1470 4777 1522 4838 est,
1534 4769 1652 4841 colloqui
1665 4772 1735 4827 duo

96 4866 221 4938 geotium
245 4863 369 4919 uondmn
388 4862 449 4933 ejus
468 4861 559 4918 lumen
574 4860 771 4918 emicueratd
789 4859 891 4915 lumbis
942 4881 1003 4922 rum
1019 4865 1060 4919 ret
1076 4862 1192 4920 tortasse
1210 4862 1369 4929 multorum,
1386 4862 1426 4917 sic
1438 4863 1567 4932 antiquus
1580 4862 1668 4920 bostis
1681 4877 1734 4920 not

96 4970 166 5011 tero
178 4956 249 5026 ejus,
274 4967 302 5011 ct
322 4955 451 5010 deorsum
477 4953 549 5026 ignit
568 4954 600 5010 in
615 4953 732 5010 circuilu
758 4952 890 5023 splendet,
942 4959 975 5015 ad
995 4958 1103 5028 culpam
1117 4954 1176 5012 sine
1198 4964 1291 5010 nostra
1306 4955 1446 5011 uoluntate
1460 4971 1513 5010 nort
1529 4956 1614 5026 rapit;
1629 4971 1733 5027 treuna·

98 5050 166 5120 quia
181 5058 329 5119 postquam
352 5048 386 5103 de
397 5045 509 5120 l'irgine
522 5063 633 5103 carnem
649 5047 782 5116 sumpsit,
797 5048 825 5102 in
841 5048 892 5101 hu·
940 5064 1023 5119 quam
1046 5047 1154 5103 lumbos
1168 5054 1278 5102 nostros
1291 5046 1448 5111 vulnerare,
1470 5046 1519 5102 sed
1533 5046 1731 5102 conrulnerare

96 5156 181 5197 marro
198 5155 299 5212 genem
309 5140 390 5211 longe
401 5140 508 5211 lateque
518 5141 605 5196 sancti
621 5140 740 5212 Spiritus
759 5141 832 5196 dona
847 5140 890 5195 di·
939 5140 1050 5208 dicitur,
1063 5140 1125 5210 quin
1149 5138 1285 5219 hocquod
1298 5138 1377 5193 nobis
1392 5137 1438 5194 ille
1449 5136 1520 5193 nrale
1534 5127 1664 5208 suggerit,
1680 5150 1731 5192 nos

97 5233 205 5289 latarit.
224 5232 259 5287 tit
271 5233 423 5289 notandum
444 5233 518 5304 quod
536 5233 607 5304 ignis
623 5233 675 5288 iste
697 5248 712 5287 a
728 5232 829 5288 lumbis
841 5247 889 5288 su·
942 5240 1087 5301 sequentes
1105 5246 1138 5286 cn
1154 5230 1292 5286 uoluntate
1305 5229 1414 5300 propria
1429 5227 1593 5300 implemus:
1611 5238 1639 5283 et
1650 5227 1729 5298 quasi

95 5326 191 5398 perias
203 5340 253 5395 pcr
266 5324 411 5381 circuitum
424 5338 487 5380 esse
498 5322 672 5389 describitur,
686 5335 741 5379 non
756 5322 890 5379 extrinse·
942 5341 1005 5381 cum
1029 5325 1088 5398 ipso
1111 5341 1162 5380 nos
1182 5325 1283 5394 paritor
1304 5324 1490 5389 vulneramus,
1503 5324 1568 5393 quia
1587 5323 1622 5378 ad
1636 5335 1732 5392 perpo-

95 5432 158 5486 ατε,
174 5417 222 5473 sm
250 5417 427 5483 intrinsecus,
454 5416 520 5487 quia
545 5415 647 5471 amoris
671 5413 792 5484 flamina,
818 5416 890 5473 sicut
941 5418 1068 5474 trandum
1082 5419 1184 5473 malum
1200 5432 1233 5472 cx
1247 5417 1332 5473 libero
1349 5416 1429 5473 simul
1445 5415 1558 5472 arbitrio
1576 5412 1711 5469 ducimur.

96 5509 202 5565 dictum
215 5520 267 5573 est,
283 5512 311 5564 in
322 5509 416 5566 clectis
428 5517 510 5580 atque
521 5508 689 5580 spiritalibus
705 5509 770 5565 uiris
788 5510 889 5580 ubique
980 5510 1147 5567 lumborum
1172 5510 1282 5565 nomine
1302 5510 1392 5566 laudis
1412 5507 1547 5579 appetitus
1560 5507 1729 5579 designatur,

133 5663 210 5736 (too)
229 5663 268 5720 Ex
283 5665 358 5721 bom.
375 5663 403 5730 8,
416 5623 445 5720 in
455 5634 553 5721 Ezccb.
568 5664 648 5736 longe
669 5672 731 5735 post
745 5679 815 5719 ritca.
976 5663 1050 5735 (566)
1070 5663 1109 5718 Er
1122 5664 1140 5719 l.
1159 5681 1217 5734 τιτι,
1234 5664 1260 5719 itt
1277 5662 1337 5732 tob,
1355 5681 1380 5720 c.
1400 5678 1425 5717 vr
1439 5662 1466 5717 in
1482 5662 1582 5734 medio,
1600 5662 1643 5721 tt.
1726 5661 1732 5674 ’
