3817 6000
86 242 147 301 20⁹
682 248 947 309 cuuuontnuuu.
965 283 1001 293 -
1019 250 1085 309 utu.
1106 248 1139 309 V.
1678 258 1732 315 910

87 359 233 433 guantur?
243 356 445 434 Tabeseitergo
458 377 524 420 caro
544 371 571 421 et
582 378 646 423 ossa
660 367 810 437 nudantur,
822 368 888 439 qrria
905 368 1014 439 geion
1025 383 1075 441 per
1086 368 1195 427 beatum
1207 367 1259 424 lob
1274 368 1375 427 dicitur
1389 388 1396 426 ε
1416 367 1451 424 Et
1469 388 1514 444 epo
1526 373 1631 443 quando
1645 390 1732 431 recor·

87 453 160 508 dnm
187 453 302 526 negetur
326 452 506 528 arguentibus
520 460 640 518 ematis
653 461 799 521 delectatio
814 471 889 521 exte·
940 461 1020 518 datur
1043 463 1128 532 two.
1144 462 1315 533 pertimerem
1337 471 1363 518 er
1385 464 1627 519 concernentium
1646 480 1731 521 neam

88 558 208 617 noctur,
224 563 257 605 ea
271 565 334 622 quae
346 550 451 608 dudum
473 554 553 623 quasi
573 554 624 611 sub
637 570 720 613 came
742 557 889 628 latuerant,
942 563 1041 610 tremor
1055 553 1127 627 (Ιοῦ.
1144 570 1202 622 1¹¹,
1217 552 1257 626 6)-
1273 553 1344 623 Quia
1358 555 1455 613 beatus
1469 554 1521 613 Job
1533 564 1644 613 nulnum
1666 572 1732 614 ⁵¹1⁰-

88 641 228 696 rirtutnm
242 640 325 697 tortia
334 643 479 714 petetiunt.
493 643 581 703 Nemo
595 647 786 719 munione
799 665 889 722 quan·
940 660 1003 706 rum
1017 646 1120 703 oblitus
1133 661 1189 703 non
1200 645 1300 713 iuerat,
1317 655 1439 704 extreme
1453 648 1513 721 ejus
1525 648 1628 705 locutio
1639 655 1728 706 osten·

14 742 15 767 t
89 741 151 787 tum
164 731 384 802 proiecerit,nisi
393 734 466 792 inter
475 736 589 793 aduersa
599 737 807 809 agnomincom
816 738 889 813 enim
939 737 990 794 dit.
1005 735 1110 806 Que'ex
1123 754 1154 795 re
1164 738 1218 796 boc
1231 738 1306 810 quod
1318 740 1354 796 ab
1368 755 1401 797 eo
1414 756 1488 798 nune
1498 740 1595 798 amicis
1610 741 1730 798 dicitur:

90 824 197 881 adsunt
211 839 357 898 prospera,
370 828 447 885 cerni
459 828 559 885 uirium
575 829 740 887 documenta
755 845 811 888 non
823 846 889 904 pos-
940 828 977 885 Et
991 846 1038 901 epo
1048 830 1155 902 pronde
1172 831 1325 888 recordante
1342 833 1428 905 suero,
1446 834 1611 904 pertimesco,
1626 843 1651 889 et
1665 848 1731 889 con-

90 926 168 974 sunt.
940 921 1007 975 rutil
1025 937 1132 977 contem
1145 938 1231 978 meum
1247 933 1363 992 tremor,·
1387 932 1497 982 constat
1511 926 1641 999 nimirum
1656 925 1730 998 quod

127 1007 207 1078 (595)
226 1005 326 1064 Cernis
339 1009 453 1065 nomine
470 1011 620 1067 carnalitas
631 1010 801 1084 designatur,
817 1010 890 1068 sieut
940 1023 990 1081 per
1005 1010 1161 1069 irrisionem
1175 1012 1292 1072 dicutur.
1317 1014 1356 1072 hc
1379 1016 1403 1072 si
1420 1024 1514 1088 aperte
1534 1015 1687 1074 diceretur:
1701 1014 1733 1076 Si

89 1116 140 1171 per
151 1100 282 1157 eumdem
294 1099 330 1156 ab
343 1098 404 1157 Elin
420 1101 522 1158 dicitur
537 1119 545 1159 t
561 1100 593 1159 Si
603 1103 734 1159 direxerit
749 1103 784 1158 ad
796 1102 890 1158 Domi-
941 1118 986 1159 mo
999 1102 1102 1174 aliquid
1118 1104 1268 1178 hypocritae
1281 1107 1433 1164 meminero
1448 1109 1585 1178 habuisse,
1602 1110 1630 1166 in
1642 1109 1733 1183 preni-

90 1210 156 1249 mr
172 1211 223 1250 eor
238 1208 327 1259 reem,
344 1194 470 1265 spiritum
488 1195 562 1250 illim
579 1196 614 1250 ml
637 1212 665 1252 re
684 1196 777 1263 trehit,
798 1206 823 1251 et
838 1196 890 1266 po-
940 1200 1033 1256 tentiae
1046 1212 1112 1255 mor
1131 1198 1196 1257 lietu
1213 1202 1405 1259 contremisco.
1429 1201 1546 1260 Carnem
1561 1219 1624 1261 vero
1639 1219 1730 1272 suem,

91 1297 160 1342 tere.
181 1286 397 1357 Deficietomnir
411 1301 475 1342 coro
493 1286 586 1355 cimel,
610 1296 636 1343 et
658 1288 735 1343 hemo
751 1288 779 1341 in
799 1287 890 1358 pulne-
941 1291 965 1348 si
989 1293 1148 1350 recordatus
1178 1292 1274 1361 luerit,
1308 1302 1427 1351 tremore
1449 1295 1574 1366 perbibet
1606 1298 1727 1365 concuti,

90 1396 146 1436 rent
168 1376 494 1451 reuertetorllobuxrr,
508 1376 888 1451 ibicumnmcoresheum
941 1382 968 1438 id
992 1392 1036 1439 est
1059 1382 1247 1441 infirmitatem
1273 1384 1375 1456 operis,
1401 1385 1514 1443 ultionis
1538 1402 1641 1457 perure
1666 1386 1730 1443 luti·

91 1474 148 1528 ima
161 1472 278 1543 appetit,
294 1468 431 1542 dirigitur,
445 1484 506 1526 curn
525 1471 560 1526 ad
575 1486 695 1543 superna
706 1473 839 1529 elevatur.
858 1469 888 1528 st
939 1474 1009 1546 gari.

89 1577 158 1634 ergo
169 1562 256 1617 horno
270 1572 411 1617 corsuum
429 1563 463 1618 ad
476 1560 623 1618 bominum
638 1562 749 1635 dirigit,
761 1560 888 1635 spiritum
975 1566 1052 1637 (998)
1071 1565 1143 1623 Caro
1153 1565 1233 1638 juxta
1248 1576 1374 1624 naturam
1386 1566 1497 1635 dicitur,
1513 1569 1584 1625 sicut
1599 1570 1731 1641 seriptum

14 1700 15 1703 ,
90 1662 119 1710 et
134 1652 234 1708 datum
257 1653 331 1709 iltius
343 1652 475 1710 Dominus
489 1654 524 1710 ad
544 1668 575 1711 se
588 1656 683 1711 trahit.
699 1655 831 1726 Spiritum
844 1654 888 1709 ri·
939 1655 1159 1714 estzllocncnc
1174 1675 1204 1714 or
1223 1674 1256 1714 ee
1275 1660 1377 1716 emitur
1392 1661 1467 1726 mein
1481 1671 1506 1717 et
1526 1663 1636 1718 camelo
1653 1679 1732 1717 conte

14 1796 15 1815 ,
91 1746 192 1804 delicet
205 1762 258 1819 pro
276 1747 392 1804 internis
411 1746 644 1820 cogitationibus,
659 1748 753 1806 dutum
764 1747 889 1821 reroqui
905 1725 927 1785 Β
941 1764 1000 1804 meu
1011 1746 1089 1821 (Gen.
1104 1765 1136 1818 rr,
1152 1748 1209 1823 95).
1231 1749 1303 1807 Caro
1322 1758 1414 1806 autem
1435 1750 1514 1820 juxte
1528 1751 1636 1821 culpam
1653 1751 1731 1821 poui-

14 1872 15 1907 p
91 1850 259 1907 percorpus
281 1835 409 1905 trahitur,
431 1850 481 1909 pro
497 1841 618 1896 externis
630 1840 784 1900 actionibus
798 1842 885 1912 ponit.
940 1849 995 1909 tur,
1018 1841 1066 1898 ubi
1089 1842 1222 1914 scriptum
1247 1850 1319 1899 est:
1347 1841 1408 1898 Non
1435 1843 1597 1914 permanehit
1619 1843 1731 1915 spiritur

91 1923 150 1982 beo
163 1939 233 1997 ergo
247 1925 376 1998 spiritum
398 1924 520 1984 bominis
536 1935 564 1984 et
582 1927 678 1985 lictum
688 1929 724 1985 ed
735 1943 765 1985 se
779 1930 888 1986 trahere
938 1933 1203 1989 meorinhomiridue
1215 1933 1285 2002 istie,
1295 1919 1634 2005 puincurocentldenssrn
1646 1935 1685 2005 d).
1699 1932 1732 1989 Et

90 2017 177 2075 estad
189 2018 401 2075 conversionem
416 2018 461 2076 sni
469 2020 648 2089 desiderium,
658 2030 686 2077 et
696 2021 827 2077 interiora
838 2036 888 2077 ne-
937 2022 1084 2081 Pseimista
1099 2023 1137 2080 eit
1152 2042 1160 2080 ι
1177 2022 1341 2079 Memorium
1360 2033 1410 2091 ert,
1425 2024 1490 2094 puio
1504 2040 1567 2079 coro
1587 2033 1660 2089 runt,
1674 2025 1731 2095 cpi·-

90 2120 148 2169 stre
162 2121 193 2168 et
204 2112 342 2168 exteriora
353 2121 534 2182 commutare,
546 2123 576 2170 ut
590 2113 659 2170 nihil
667 2113 726 2185 iam
740 2114 827 2172 menti
837 2126 887 2171 er·
938 2119 1007 2173 riter
1018 2116 1118 2173 rodem
1132 2126 1159 2172 et
1172 2132 1225 2172 non
1239 2115 1341 2173 redient
1357 2116 1445 2188 (Ptol.
1462 2132 1566 2185 nxrvu,
1581 2116 1638 2188 59).
1654 2114 1732 2173 Unde

91 2204 184 2261 terius
194 2204 292 2274 libret,
304 2206 373 2262 nibil
386 2221 452 2261 cero
468 2206 595 2274 inferius,
608 2206 652 2262 rei
665 2204 688 2262 si
702 2204 813 2277 appetit,
829 2204 887 2263 adl·
938 2215 965 2263 et
988 2205 1140 2278 discipulus
1161 2204 1263 2264 Paulus
1277 2205 1405 2263 dicebat:
1426 2204 1477 2262 lor
1500 2214 1589 2262 mrtem
1606 2205 1633 2261 in
1650 2220 1732 2263 eunte

90 2298 160 2372 pisci
186 2307 325 2367 conetur;
349 2299 397 2356 sed
415 2313 508 2366 omne,
524 2298 598 2370 qnod
609 2298 692 2354 homo
704 2306 757 2365 est,
775 2296 810 2353 ad
824 2312 887 2353 eum
938 2314 991 2355 reon
1001 2299 1075 2365 cotie,
1091 2297 1137 2353 red
1151 2300 1181 2353 in
1192 2298 1290 2369 spirito
1312 2297 1401 2369 (Rom.
1415 2313 1475 2366 vrri,
1488 2298 1527 2367 9).
1542 2296 1636 2368 Neque
1655 2297 1732 2355 euim

90 2389 221 2446 videlicet
239 2404 322 2461 aquo
336 2398 389 2457 est,
402 2397 431 2446 et
444 2389 561 2446 interius
575 2386 758 2446 desiderando
770 2387 886 2455 demeat,
939 2390 968 2445 in
983 2404 1066 2447 carue
1084 2398 1140 2446 tion
1154 2398 1243 2458 erant,
1255 2388 1506 2462 quibusEpistoies
1517 2389 1730 2449 transmittebat.

90 2482 255 2539 eleuterius
276 2496 307 2539 se
320 2476 474 2539 edomando
486 2480 666 2554 constringat.
686 2479 764 2537 Unde
783 2488 812 2536 et
826 2490 888 2551 epte
940 2481 993 2539 Sed
1014 2483 1081 2554 quie
1105 2483 1249 2555 passiones
1268 2482 1419 2539 carnalium
1443 2481 1643 2539 desideriorum
1658 2482 1732 2540 rice-

90 2574 270 2647 subjungitur
285 2593 292 2630 :
309 2573 419 2645 Deficiet
431 2574 517 2630 omnir
539 2587 602 2629 coro
619 2573 701 2629 cimel
713 2589 723 2628 .·
736 2574 848 2629 ethome
859 2574 888 2627 in
938 2574 1081 2645 rentiam
1098 2574 1176 2631 liberi
1192 2590 1241 2645 per
1256 2575 1384 2631 uirtutem
1402 2573 1516 2645 spiritus
1529 2574 1558 2630 in
1573 2588 1656 2631 earne
1673 2587 1731 2630 non

89 2668 207 2723 emerere
232 2677 385 2724 revertetur.
409 2667 485 2741 (396)
500 2666 589 2724 Simul
609 2665 683 2724 enim
706 2682 771 2724 earo
786 2666 886 2735 delicit,
938 2677 1027 2724 crant
1043 2666 1122 2734 Quod
1137 2682 1203 2739 ergo
1224 2667 1296 2723 idem
1311 2666 1415 2723 Penius
1434 2666 1500 2723 dicit
1514 2685 1521 2721 :
1537 2664 1608 2721 Coro
1621 2676 1646 2721 et
1667 2682 1731 2721 ron·

89 2761 203 2830 mando
212 2760 273 2832 jam
287 2760 370 2817 nuliis
391 2760 450 2818 suis
462 2760 584 2817 motibus
597 2760 700 2829 seruit,
714 2760 779 2832 quia
793 2760 887 2831 praesi-
938 2763 999 2833 goir
1018 2777 1126 2833 regnunt
1146 2759 1194 2815 bei
1207 2760 1342 2831 petridem
1355 2775 1406 2814 non
1422 2767 1532 2829 poscunt
1554 2757 1581 2831 (Ι
1602 2758 1665 2815 Cor.
1683 2774 1729 2825 nr,

89 2852 156 2908 dens
171 2850 291 2923 spiritus
303 2860 404 2908 cuncta
411 2851 472 2923 ejus
484 2850 558 2907 llum
568 2850 719 2923 restringit,
730 2857 757 2908 et
768 2851 887 2922 quodam
939 2850 998 2924 tto),
1012 2866 1124 2909 emnem
1147 2851 1244 2923 procul
1261 2851 1346 2907 dnbio
1366 2850 1517 2907 seeundum
1540 2850 1648 2920 culpem
1673 2850 1731 2905 tuit

89 2942 275 3002 districtionis
287 2954 345 3001 sue
359 2941 461 3014 gladio,
474 2956 557 3000 omne
568 2941 642 3014 quod
655 2941 682 2996 in
694 2940 741 2997 iila
763 2941 887 2997 maleri—
939 2942 1064 3017 intelligi,
1089 2954 1144 3000 non
1170 2941 1322 3001 secundum
1347 2950 1484 3000 naturum.
1507 2938 1585 2997 Unde
1604 2949 1631 2997 et
1654 2954 1729 3009 moa,

89 3038 179 3105 rebat,
193 3036 336 3093 interdicit.
354 3035 413 3092 lice
424 3035 554 3091 nimirum
572 3036 723 3106 discipline
735 3033 827 3108 gladio
841 3049 886 3092 se·
939 3038 1005 3110 quia
1029 3053 1140 3096 earnem
1165 3038 1317 3096 seeundum
1343 3037 1451 3109 culpam
1473 3035 1587 3103 diceret,
1612 3034 1731 3091 osterrdit

88 3131 240 3202 metilifflffl
254 3127 578 3196 Jififfiiisisslifseiiiib
588 3139 650 3183 0⁰⁰³
662 3126 792 3184 dioebilt
808 3126 888 3181 Poll·
939 3131 1082 3189 subdens:
1100 3129 1192 3204 Neque
1207 3131 1341 3203 corruptio
1360 3127 1566 3199 incorruptelam
1587 3125 1731 3199 perridedit

89 3239 170 3294 mm
190 3222 346 3278 conemini
367 3238 418 3289 me,
431 3222 473 3293 cpi
490 3221 682 3292 penitentiam,
701 3230 727 3275 et
749 3226 889 3291 pdthttttttt
939 3221 1040 3295 (illd).
1063 3220 1092 3278 ln
1114 3221 1160 3277 illa
1174 3236 1240 3294 ergo
1255 3218 1376 3277 celestis
1397 3217 1473 3290 regni
1496 3216 1582 3290 glorie
1598 3231 1662 3273 curu
1687 3230 1731 3272 se·

89 3312 232 3372 murdimi
245 3310 441 3382 niihipercmei
458 3312 643 3381 (emcrmcum
658 3306 816 3381 (lerunt,
830 3308 886 3380 to).
938 3316 1209 3371 condemnatorem
1240 3313 1305 3382 erit,
1328 3312 1376 3369 sed
1397 3309 1547 3368 secutrdum
1568 3308 1729 3379 passionum

14 3443 15 3448 κ
89 3400 889 3473 0991011911ἱοῐθωοτθοίεἰνοΙυρῑοεῦοΠὶίΗθοῑρίῑῠῐῗ
937 3407 1074 3464 desideria
1096 3421 1152 3463 non
1175 3406 1238 3474 erit,
1251 3407 1318 3477 quia
1336 3405 1444 3461 devicto
1466 3401 1563 3459 mortis
1587 3401 1683 3459 eculeo
1700 3401 1728 3457 in

92 3494 125 3550 m
136 3494 206 3566 quid
220 3502 265 3551 est
278 3494 352 3565 quod
365 3494 419 3550 ait:
433 3493 579 3565 Postquam
592 3493 733 3549 ostendisti
742 3492 818 3561 milri,
828 3507 889 3563 per·
937 3508 1039 3556 ωηο
1056 3498 1260 3570 incorruptione
1276 3497 1410 3571 regnabit,

91 3590 161 3643 aeri
172 3588 263 3658 {emer
275 3603 370 3655 mem,
389 3586 442 3642 nisi
456 3584 529 3658 quod
541 3594 685 3658 postquam
700 3599 820 3657 superna
830 3584 888 3656 spi·
973 3589 1049 3661 (999)
1064 3588 1284 3660 „scoceium
1295 3587 1406 3643 nomine
1419 3584 1526 3657 reprobi
1540 3584 1740 3656 designamur„

90 3679 230 3736 ritualiter
242 3678 322 3746 vidit,
333 3693 415 3735 omne
428 3677 503 3750 quod
525 3674 642 3733 inieritis
655 3676 684 3731 in
700 3689 730 3732 se
740 3675 887 3732 carnaliter
937 3680 1010 3736 sieut
1020 3691 1089 3735 uoce
1102 3677 1245 3735 Dominieu
1259 3676 1294 3734 de
1306 3675 1417 3732 diabolo
1434 3675 1469 3730 ad
1479 3675 1589 3730 beatum
1602 3672 1654 3729 Job
1663 3673 1730 3728 dici·

90 3769 368 3838 menceexsnmit,
381 3777 413 3826 ut
426 3767 630 3841 quantomagis
643 3781 750 3824 summa
763 3776 887 3839 patesce·
938 3777 1004 3826 tur:
1032 3767 1153 3825 llemdrc
1175 3769 1296 3824 corniton
1325 3768 1393 3838 ciue,
1417 3765 1577 3822 coherentia
1596 3763 1647 3818 rili
1666 3761 1727 3833 (lob

91 3874 162 3933 rent,
181 3862 392 3933 tautoamplius
406 3862 459 3917 irna
474 3875 536 3934 quc
550 3859 888 3917 tenumatnonliberentl
938 3876 995 3928 xer,
1007 3859 1064 3931 ii).
1079 3859 1185 3916 Carnes
1199 3858 1273 3916 enim
1287 3857 1390 3915 diaboli
1411 3864 1477 3914 suut
1493 3869 1589 3911 omnes
1607 3853 1727 3924 reprobi,

90 3951 159 4010 Nam
170 3960 280 4025 quanto
297 3950 395 4023 incipit
408 3952 526 4024 quisque
546 3949 674 4022 superius
692 3951 795 4020 viuere,
811 3959 888 4006 tento
937 3949 986 4023 qni
1000 3950 1034 4006 ad
1049 3948 1217 4007 intellectum
1230 3946 1382 4020 spiritualis
1395 3945 1491 4017 petriae
1504 3959 1552 4015 per
1561 3941 1727 4000 desiderium

91 4046 206 4102 inchoet
227 4043 345 4101 interim
368 4043 491 4100 interire.
517 4041 599 4101 Juxta
616 4043 743 4100 effectum
769 4056 888 4113 nemque
937 4053 994 4096 non
1007 4045 1168 4110 assurgunt.
1184 4035 1306 4093 Membra
1320 4049 1387 4092 veru
1406 4042 1470 4091 sunt
1485 4033 1609 4089 carnium
1624 4030 1663 4100 ni,
1680 4032 1728 4102 qui

91 4138 213 4195 amalis
228 4134 409 4209 operationis,
422 4136 513 4193 omnis
525 4150 591 4193 earo
602 4134 679 4192 Pauli
696 4134 780 4192 simul
802 4134 888 4190 inter·
937 4131 1042 4189 eisdem
1058 4143 1186 4203 peruerse
1208 4126 1353 4199 agentibus
1367 4133 1395 4181 et
1417 4138 1478 4183 sese
1499 4124 1533 4179 ad
1556 4122 1727 4194 iniquitatem

90 4231 170 4301 leret,
193 4245 260 4286 cem
280 4229 411 4286 dicebat:
434 4228 498 4285 l'ieo
510 4228 665 4300 mentium
679 4227 888 4299 contemnitis
937 4220 1154 4294 precedentibus
1168 4218 1383 4291 conjunguntur,
1394 4213 1465 4274 sieut
1474 4221 1585 4271 econtra
1596 4227 1645 4284 per
1655 4208 1728 4267 Pau-

90 4339 149 4378 erro
168 4324 199 4375 ie
218 4338 261 4376 me
280 4319 401 4377 Christus
418 4319 491 4393 (Gal.
507 4336 538 4388 n,
552 4318 610 4389 99).
635 4318 709 4375 Rene
730 4318 812 4376 etiem
835 4319 888 4374 hoc
937 4314 994 4371 lum
1007 4315 1041 4371 de
1055 4313 1200 4371 Dominico
1215 4323 1330 4382 corpore
1344 4308 1445 4365 dicitur
1463 4324 1470 4362 ε
1493 4304 1542 4360 l'or
1557 4305 1621 4360 estis
1632 4318 1727 4374 corpur

91 4414 151 4472 loco
162 4411 227 4469 Eliu
244 4412 385 4469 subdidit:
398 4410 433 4466 m
453 4412 530 4467 homo
551 4410 581 4465 iet
598 4412 712 4467 citiorem
730 4419 883 4467 revertetur.
900 4404 1050 4500 Deterret,
1072 4415 1097 4461 et
1119 4404 1236 4460 membru
1260 4402 1292 4457 de
1316 4401 1441 4456 membro.
1467 4393 1549 4452 titud
1570 4395 1671 4467 quippe
1685 4402 1728 4451 est

91 4504 119 4562 tn
134 4516 254 4578 peccam
271 4503 345 4560 enim
360 4503 477 4575 quisque
494 4504 613 4575 positus,
634 4503 807 4560 monalium
829 4519 887 4561 sure
938 4497 1093 4554 membrum
1108 4493 1243 4567 eorporis,
1256 4491 1331 4548 aliud
1342 4489 1495 4546 membrum
1509 4485 1635 4543 membri.
1646 4484 1728 4540 blem-

92 4597 281 4662 eeuvigctrup‚
303 4605 331 4652 et
352 4605 454 4652 rernm
472 4596 596 4668 ,ποθ
608 4609 736 4653 essenon
750 4595 886 4664 meminit,
938 4589 1021 4646 brum
1035 4584 1269 4659 quippecorporis
1283 4591 1326 4640 cst
1338 4597 1401 4653 pars
1413 4580 1447 4637 ud
1461 4588 1558 4647 totum,
1573 4578 1727 4635 membrum

92 4690 155 4745 dem
173 4689 270 4745 adhue
279 4703 328 4760 per
339 4688 494 4760 snperbiam
511 4687 631 4744 indatur.
646 4685 714 4744 Post
729 4687 887 4744 conversio-
938 4694 1005 4737 vero
1028 4677 1144 4734 membri
1164 4684 1207 4733 est
1225 4672 1359 4747 particula
1374 4673 1407 4728 ad
1430 4679 1550 4741 pertem3
1573 4668 1727 4725 membrum

92 4779 134 4836 nis
149 4794 218 4836 rero
231 4779 361 4852 gratiam,
382 4795 446 4835 enm
466 4777 629 4836 humilitatis
640 4777 739 4850 spiritu
753 4778 885 4852 tangitur,
938 4786 1058 4843 nemque
1074 4768 1191 4827 membri
1207 4777 1250 4826 est
1270 4766 1372 4839 digitus
1386 4765 1422 4822 ed
1436 4779 1560 4832 mannen,
1577 4778 1676 4819 manus
1693 4760 1728 4817 ad

91 4873 158 4944 qnid
175 4886 281 4929 ecesse
301 4871 376 4928 aliud
391 4885 475 4942 quem
498 4870 618 4927 cinerem
638 4870 886 4930 reeordatnrttnm
937 4860 1269 4931 bruchium;membrum
1285 4874 1352 4917 vero
1365 4856 1491 4928 eorporis
1504 4862 1592 4912 tutum
1615 4855 1668 4909 boe
1690 4852 1729 4909 si·

91 4964 118 5022 iu
144 4964 269 5021 cinerem
297 4962 382 5018 barid
407 4968 535 5018 reversus
557 4959 658 5032 iuerat,
683 4978 746 5020 oum
760 4960 884 5020 ciocum:
938 4956 996 5012 mul
1020 4955 1055 5012 ad
1076 4968 1177 5024 corpus
1200 4951 1371 5008 universum.
1398 4948 1428 5006 Si
1453 4962 1519 5020 ergo
1541 4947 1570 5002 in
1593 4944 1727 5017 spirituali

91 5055 448 5131 nemorumnemorum
460 5054 886 5132 eet]‚1>omine‚puonlcmpntrir
937 5046 1083 5103 Dominieo
1106 5059 1222 5116 corpore
1244 5042 1367 5100 membre
1391 5041 1426 5099 de
1448 5038 1572 5097 membro
1598 5036 1727 5104 dicimus,

91 5164 188 5203 untur
206 5146 295 5220 (Ptol.
314 5164 362 5217 err,
376 5150 434 5223 id).
446 5151 585 5215 Amabam
602 5150 631 5207 in
653 5149 775 5206 cinerem
795 5160 888 5203 rerer·
937 5157 986 5198 eos
1000 5141 1047 5213 qui
1063 5140 1091 5196 in
1104 5138 1165 5209 ejus
1177 5137 1299 5196 Ecclesia
1312 5138 1347 5194 ab
1359 5136 1422 5193 aliis
1430 5139 1574 5207 reguntur,
1585 5128 1624 5186 ita
1636 5128 1664 5183 iu
1680 5125 1726 5180 illa

90 5254 140 5294 rus
161 5236 265 5301 luerat.
290 5237 384 5296 diceus
408 5258 415 5296 :
436 5239 544 5314 Loquer
562 5241 597 5296 od
622 5239 767 5295 Dominum
790 5250 886 5302 merem,
937 5233 1041 5290 diaboli
1065 5232 1182 5303 reproba
1199 5230 1412 5302 congregatione
1436 5226 1560 5283 membre
1580 5228 1644 5280 sunt
1664 5232 1724 5274 cer-

91 5344 152 5383 ate
163 5328 217 5385 dm
227 5329 331 5385 einieet
343 5331 430 5401 pnloir
445 5331 522 5405 (Gen.
539 5348 615 5400 nitri,
630 5332 688 5404 27).
939 5325 1026 5393 nium,
1041 5325 1089 5397 qui
1104 5324 1199 5396 iniquo
1211 5338 1293 5395 opere
1312 5320 1477 5392 quibusdam
1500 5332 1531 5375 se
1550 5309 1727 5413 nequioribus

126 5420 206 5492 (597)
219 5419 885 5493 carnisnomtne,inermiesopcrtstestgmtnr‚
938 5417 1153 5488 conjunguntur.
1177 5414 1231 5472 Sed
1257 5413 1321 5485 quie
1350 5412 1487 5485 malignus
1512 5406 1601 5465 hostis
1624 5401 1725 5463 sibim

158 5553 208 5763 23
227 5550 267 5608 Ex
282 5569 308 5610 c.
324 5568 361 5620 ιι,
375 5554 394 5608 i.
409 5570 491 5609 xxxiv
505 5553 531 5609 iu
542 5552 605 5620 lob,
617 5553 662 5608 96.
975 5553 1050 5625 (598)
1069 5551 1110 5608 Ex
1122 5552 1169 5607 lib.
1186 5566 1232 5606 xiv
1245 5551 1272 5605 in
1287 5548 1346 5613 lob,
1362 5564 1422 5618 cup.
1440 5562 1515 5612 xxix,
1529 5545 1573 5600 bl.

127 5553 196 5764 (ἐξ

227 5619 268 5678 Ex
279 5640 339 5694 cap.
357 5641 405 5679 ιιι.
975 5624 1050 5696 totu)
1063 5622 1104 5678 En
1115 5639 1140 5680 c.
1154 5638 1191 5690 ru,
1204 5622 1223 5677 l.
1240 5636 1323 5677 turm
1336 5620 1362 5674 in
1377 5617 1438 5672 lob.

229 5691 269 5749 Ex
283 5710 342 5765 cap.
359 5711 427 5760 trit,
442 5693 487 5748 lib.
505 5711 539 5748 xv
557 5695 584 5749 iu
599 5693 661 5758 toto,
679 5692 721 5747 tt.
