3817 6000
76 308 150 369 leta
393 307 672 367 continerentur!
690 308 724 364 ld
743 306 914 365 essenos.
934 337 969 349 -
984 302 1074 361 PARS
1089 299 1120 359 tl.
1136 333 1171 345 -
1189 301 1288 358 PSAL.
1306 298 1414 357 xxvlt.
1648 297 1719 355 tttt

74 401 186 487 cademi
209 427 316 498 psalmo
338 443 450 484 suasum
477 435 529 492 est,
545 428 682 484 sustinent
710 444 753 484 me
784 426 875 482 triduo
891 431 911 485 ιι
928 439 1003 479 area.
1018 421 1099 477 Prius
1113 418 1169 475 disi
1188 418 1249 476 :Ne
1263 420 1446 476 obsurdescas
1458 419 1537 486 mibi,
1549 434 1622 474 nunc
1633 418 1716 474 dico:

74 519 189 575 velutin
204 518 487 589 scpulcrojacentcm,
499 528 526 573 et
542 535 596 573 nou
610 519 650 574 eis
665 534 714 589 per
727 516 872 573 manifesta
924 513 1042 583 Exaudi,
1069 513 1198 578 Domine,
1225 530 1312 569 rocem
1336 513 1528 583 deprecationis
1552 529 1627 568 mete.
1653 510 1718 568 ttae

74 610 209 666 beneficia
235 624 422 681 apparentem,
434 611 615 681 quoadusque
638 620 712 667 stans
739 612 766 666 in
785 609 872 665 media
923 625 1022 680 nempe
1047 608 1099 665 luit
1124 609 1280 679 deprecatio
1294 606 1421 678 gemina:
1437 605 1478 661 Ne
1496 605 1576 661 sileas
1594 623 1611 660 a
1626 622 1676 667 ate,
1690 614 1717 659 et

73 718 168 756 euram
192 701 282 758 dicam
309 702 350 758 eis
363 720 370 757 :
382 700 444 756 Pac
470 702 542 756 uobis
570 700 662 773 (icant.
678 719 725 767 xx,
738 702 799 769 l9l;
824 701 871 757 sed
922 718 954 756 ne
967 701 1073 773 mando
1087 708 1175 754 taceas
1189 716 1205 753 a
1219 715 1269 762 me,
1285 699 1342 754 siue
1357 706 1387 752 ut
1400 694 1533 752 Hebraica
1546 695 1647 750 veritas
1667 694 1716 749 ba-

73 795 159 850 etiaru
175 794 279 866 probis
293 810 370 867 rogo,
386 794 433 866 qui
448 795 578 851 credituri
591 795 762 865 perverbum
775 809 871 850 eornm
921 794 987 849 bet:
1004 810 1038 848 nc
1049 792 1233 849 obsurdescas
1246 790 1324 858 mibi,
1340 805 1373 845 ue
1388 789 1460 846 sorte
1471 799 1577 846 tacente
1589 804 1633 844 mc
1646 788 1715 843 mibi

74 900 132 939 non
151 893 216 941 sunt
231 886 268 940 ita
278 882 372 953 iortes,
392 894 420 940 ut
441 886 492 956 ipsi
510 885 637 956 discipuli
652 885 716 953 mei,
731 901 805 957 quos
822 900 870 941 ore
921 902 1065 957 comparer
1075 886 1119 942 bis
1132 885 1179 957 qui
1193 884 1362 940 descendunt
1377 883 1405 939 in
1415 882 1515 938 lacurn.
1526 882 1578 950 Ne,
1590 883 1714 953 inquam,

72 975 189 1045 proprio
212 975 330 1031 instruxi
358 977 392 1031 ad
417 976 649 1047 perseuerantiam
673 976 781 1032 orandi.
800 975 869 1031 Nam
921 989 1024 1036 tacente
1037 998 1076 1035 me
1090 981 1167 1034 milri.
1180 978 1320 1051 Contingit
1331 978 1405 1035 euim
1427 985 1468 1045 ut,
1482 985 1590 1033 tacente
1603 992 1646 1032 mc
1658 990 1712 1030 non

70 1066 182 1123 etiamsi
198 1068 326 1139 cuiquam
346 1069 443 1124 talium
468 1069 558 1125 media
574 1080 653 1126 nocte
669 1070 770 1125 ostium
787 1068 868 1126 amici
920 1071 1048 1142 mihiqui
1073 1078 1204 1126 aeternnm
1230 1069 1342 1123 uerbum
1366 1083 1438 1135 suan,
1455 1067 1614 1138 nullumque
1641 1066 1713 1136 apud

70 1159 195 1230 pulsanti
210 1160 284 1217 (licat
297 1164 355 1233 ipse
368 1161 474 1217 amicus
488 1179 495 1218 :
507 1160 574 1217 Noli
588 1163 652 1218 mibi
667 1164 792 1218 maiestas
802 1179 868 1230 esse,
920 1179 964 1219 me
977 1162 1092 1219 admitto
1107 1160 1256 1227 silentium,
1269 1169 1372 1216 taceam
1386 1160 1457 1227 aliis,
1470 1159 1605 1231 praecipue
1620 1158 1713 1212 inimi-

70 1267 126 1305 nan
136 1267 243 1322 passam
261 1268 376 1323 sarpere,
389 1261 415 1307 et
429 1252 494 1307 dare
515 1253 563 1307 tibi
574 1252 651 1324 (Luc.
664 1271 702 1322 st,
719 1254 756 1325 i),
769 1255 814 1311 ille
828 1264 869 1311 ta·
919 1255 970 1321 cis,
982 1265 1012 1310 ut
1035 1252 1135 1310 Herodi
1162 1261 1188 1308 et
1211 1251 1308 1319 Pilato,
1319 1252 1365 1322 qui
1382 1250 1448 1306 mihi
1464 1250 1533 1307 dixit
1549 1269 1556 1305 :
1570 1248 1637 1303 llttd
1660 1264 1712 1304 tran

69 1359 137 1400 men
165 1345 351 1416 perseverabit
372 1346 495 1415 pulsans,
519 1346 607 1402 donec
639 1347 755 1417 accipiat
783 1363 868 1418 panes
918 1348 1232 1422 loquerisllioanmn,
1249 1343 1374 1417 lb.)lloc
1395 1343 1486 1413 itaque
1504 1340 1712 1396 silentiumnon

71 1444 213 1508 quotquot
238 1436 321 1493 babet
356 1438 537 1495 necessarios.
559 1438 751 1498 Pusillanimes
775 1451 867 1496 atatem
918 1445 1019 1511 abnuo,
1035 1459 1090 1515 quo
1111 1441 1231 1498 inimicis
1247 1449 1323 1496 taceo
1341 1436 1471 1506 usquein
1488 1435 1564 1489 illum
1581 1432 1714 1498 diemde

69 1528 154 1602 quasi
175 1543 239 1584 cum
255 1530 416 1587 mulieribus
429 1531 588 1602 plangentes
601 1532 635 1588 ad
646 1541 865 1597 mortumeutura,
917 1552 974 1606 qno
996 1535 1118 1592 dieitur:
1137 1533 1206 1588 bens
1223 1531 1363 1601 ntanifeste
1388 1527 1485 1594 reniet,
1499 1534 1525 1580 et
1552 1541 1604 1580 nan
1623 1524 1713 1580 silebit

69 1621 184 1694 quando
198 1621 250 1678 sibi
264 1621 406 1693 denegatis
420 1624 560 1680 beneticiis
571 1641 620 1695 per
631 1640 675 1680 me
688 1625 866 1682 mediatorem
918 1628 1007 1700 (Psoi.
1022 1645 1097 1696 anax,
1112 1626 1151 1697 5).
1168 1625 1225 1682 lloc
1252 1622 1393 1679 silentium
1420 1620 1553 1695 coneedp,
1577 1633 1632 1688 quo
1647 1615 1713 1673 huic

69 1727 87 1768 a
107 1720 134 1768 tc
145 1712 223 1768 Patre
235 1713 352 1785 speratis
365 1715 573 1780 contristantur,
585 1715 665 1786 quasi
686 1731 737 1787 eqo
762 1716 814 1773 sim
826 1716 866 1773 eis
917 1720 1022 1777 mundo
1034 1729 1122 1785 mceo,
1135 1717 1182 1789 qui
1200 1732 1244 1772 me
1257 1725 1374 1779 mutum,
1393 1721 1419 1767 ct
1432 1718 1457 1765 te
1471 1708 1581 1763 Patrem
1596 1707 1711 1762 surdum

69 1814 209 1873 mortuus,
224 1814 251 1860 et
265 1813 293 1861 tn
310 1806 420 1873 surdus,
438 1807 489 1877 ipsi
507 1806 575 1863 tales
597 1808 719 1880 indigent
733 1807 785 1863 bac
803 1824 865 1865 ora·
881 1780 903 1835 B
917 1820 1005 1884 putat,
1018 1812 1059 1868 sic
1070 1811 1251 1867 irreverenter
1273 1808 1300 1862 in
1316 1812 1464 1875 conspectu
1479 1816 1540 1856 meo
1553 1814 1670 1870 peccans
1684 1806 1711 1852 et

70 1895 157 1963 tione,
171 1895 235 1966 quia
253 1895 281 1950 in
298 1895 351 1951 boc
363 1896 469 1966 psalmo
482 1896 544 1952 dico
557 1897 619 1951 :dd
631 1907 655 1952 te
667 1896 798 1967 clamabo,
809 1898 866 1968 sar·
916 1903 943 1956 in
960 1901 1054 1956 auditu
1076 1909 1125 1955 tuo
1145 1898 1350 1968 blasphemans,
1364 1892 1443 1965 quasi
1458 1905 1553 1945 rerrrm
1579 1890 1625 1955 sit,
1637 1886 1710 1958 quod

69 1990 106 2043 tis
126 2004 252 2055 atens,ne
271 1987 444 2044 obsurdescas
466 1989 541 2055 milri,
557 2005 588 2043 tre
608 1988 676 2058 forte
696 2006 737 2043 me
766 1999 865 2046 tacente
915 1992 984 2048 dixit
1008 1992 1035 2047 ln
1056 1990 1139 2047 corde
1162 2005 1224 2046 suo.
1241 1986 1312 2055 Quid
1339 1986 1409 2041 dixit
1423 1985 1436 2039 l
1450 1982 1554 2039 Oblitus
1572 1989 1612 2035 est
1628 1978 1710 2046 Dens,

69 2099 207 2155 comparer
224 2083 265 2137 bis
280 2084 325 2152 qai
342 2082 540 2137 descendentia
552 2080 650 2137 iacent.
662 2081 715 2153 lpsi
732 2083 804 2138 enim
817 2098 865 2153 pcr
915 2085 1008 2140 auertit
1031 2084 1127 2155 pacem
1142 2097 1230 2147 suam,
1245 2097 1276 2134 ue
1303 2078 1391 2133 uideat
1418 2078 1446 2131 in
1474 2075 1553 2145 prtem
1568 2071 1655 2143 (Psai.
1671 2087 1709 2139 ut,

69 2191 115 2229 mc
126 2191 192 2230 suas
213 2189 308 2245 preces
334 2174 368 2230 ad
391 2182 417 2229 tc
431 2174 552 2239 mittunt,
571 2173 662 2242 Pater,
675 2174 719 2230 cui
745 2174 840 2231 dicunt
855 2194 863 2231 :
916 2180 972 2248 ll).
988 2177 1033 2233 Sic
1047 2177 1115 2232 dicit
1127 2174 1262 2245 insipiens
1285 2173 1331 2228 hic
1346 2170 1476 2226 mundns.
1491 2167 1522 2222 Et
1536 2182 1587 2239 ego
1599 2183 1651 2220 noa
1663 2181 1711 2236 pro

67 2266 186 2329 Exaudi,
200 2263 292 2331 Pater,
303 2283 349 2336 per
367 2264 510 2321 Demittunt
529 2275 648 2322 nostrum
670 2265 762 2322 desum
787 2266 865 2322 curt·
915 2269 1015 2325 attendo
1030 2286 1102 2341 rapa,
1118 2267 1162 2322 sed
1172 2283 1221 2337 pro
1241 2265 1281 2319 bis
1302 2280 1366 2336 quos
1380 2262 1478 2319 dedisti
1491 2261 1555 2315 ntilti
1569 2261 1601 2313 de
1612 2258 1711 2313 tnnndo

67 2371 141 2417 stum
158 2357 259 2413 Filium
275 2367 349 2412 tuum
361 2374 369 2412 .·
382 2369 409 2413 ct
425 2359 497 2425 ideo,
513 2359 565 2414 nisi
585 2368 612 2414 tu
623 2374 677 2415 eos
696 2360 751 2414 rito
768 2358 864 2415 audias
915 2349 1382 2434 (toan.xv11,ti),net0nctacente
1393 2370 1436 2409 me
1450 2353 1528 2418 milri,
1542 2351 1622 2407 idest
1636 2351 1710 2422 apud

66 2457 96 2506 et
107 2448 248 2514 exaudias,
262 2463 305 2503 me
320 2458 426 2503 mutum
440 2456 467 2503 ct
484 2455 511 2503 te
531 2449 645 2505 surdum
662 2449 807 2520 putabant.
823 2448 864 2506 lle
914 2453 1010 2511 merel
1026 2467 1103 2508 meos
1128 2451 1163 2507 ab
1182 2448 1318 2512 oratione,
1334 2445 1377 2503 nel
1408 2444 1638 2516 interpellatione,
1654 2457 1709 2513 qua

67 2540 249 2612 mutum,qui
273 2557 328 2596 non
354 2541 459 2596 ualeam
487 2555 537 2611 pro
565 2541 606 2597 eis
633 2542 864 2612 irrterpetlare;te
913 2554 1004 2601 oroct
1033 2542 1176 2615 interpello
1200 2556 1251 2613 pro
1278 2541 1319 2597 eis
1349 2536 1421 2609 apud
1438 2547 1474 2605 tc,
1490 2546 1531 2603 tu,
1545 2537 1610 2590 dum
1634 2535 1711 2590 tarde

66 2649 135 2689 uero
147 2632 271 2699 surdum,
284 2633 330 2703 qui
346 2649 400 2688 aaa
416 2632 512 2689 audias
526 2649 622 2704 preces
634 2634 682 2690 tibi
696 2635 803 2690 oblatas
816 2650 864 2705 per
913 2635 1004 2703 audis,
1019 2631 1189 2704 compareris
1213 2630 1334 2702 gentium
1360 2626 1516 2683 simulacris
1534 2623 1709 2692 manufactis,

66 2741 124 2782 me.
140 2723 199 2780 'lali
210 2723 357 2780 diffidentia
368 2733 396 2780 et
408 2739 526 2781 moerore
538 2724 655 2782 coniecti
667 2726 701 2782 de
713 2741 758 2782 me
769 2727 865 2783 dicunt
913 2741 995 2783 aures
1019 2724 1194 2790 habentibus,
1210 2730 1238 2777 et
1258 2736 1312 2776 non
1329 2718 1514 2785 audientibus,
1528 2726 1556 2772 et
1570 2731 1621 2787 ego
1640 2715 1710 2771 assi·

66 2820 96 2876 in
114 2817 242 2874 cordibus
259 2817 338 2873 suis:
360 2816 416 2871 Nat
439 2828 527 2873 autem
541 2820 711 2891 sperabamus
724 2820 794 2892 quad
808 2822 864 2891 ipsc
913 2819 1013 2874 militer
1030 2815 1261 2875 descendentibus
1276 2814 1303 2869 in
1319 2814 1411 2868 lacum
1424 2810 1576 2866 cultoribus
1587 2810 1709 2881 ipsorum

65 2922 134 2969 esset
147 2913 330 2984 redempturus
345 2909 440 2967 lsrael.
458 2913 481 2968 0
497 2913 583 2979 stulti,
597 2922 623 2968 et
649 2914 721 2969 tardi
736 2915 813 2970 carde
827 2915 863 2968 ad
913 2911 1136 2977 simulacrorum,
1145 2923 1262 2979 quornm
1281 2905 1369 2961 oratio
1381 2915 1409 2959 et
1422 2903 1588 2960 sacrificium
1604 2900 1710 2956 nullum

66 3004 228 3060 credendum
250 3004 277 3059 in
307 3003 428 3060 omnibus
447 3020 507 3076 quae
533 3006 616 3061 locuti
638 3016 700 3061 sant
718 3008 861 3079 propbeta.
913 3003 1014 3059 babent
1036 3002 1133 3060 salutis
1160 3001 1298 3058 edoctum.
1317 2995 1356 3053 Nc
1381 2997 1434 3053 huc
1456 2995 1559 3052 malum
1586 2994 1706 3060 eueniat,

69 3097 228 3169 Sperabatis
239 3098 265 3152 in
283 3097 432 3168 praeterito,
443 3105 470 3153 ct
480 3113 534 3153 aon
545 3100 661 3169 speratis
674 3102 702 3156 iu
716 3100 896 3182 praeseutilc
915 3095 1034 3163 Exaudi,
1043 3093 1164 3161 Domine,
1177 3110 1263 3149 uocem
1289 3090 1481 3163 deprecationis
1496 3104 1570 3143 mea.
1586 3085 1646 3141 Non
1671 3086 1710 3141 si-

69 3186 217 3245 Nouaesio
241 3188 357 3259 aportuit
371 3189 428 3259 pati
453 3186 635 3256 Claristam,et
661 3191 700 3244 ita
721 3192 822 3245 intrare
834 3191 863 3245 ia
913 3187 982 3256 leas,
1003 3203 1058 3243 uon
1087 3195 1189 3254 taceas,
1209 3202 1264 3241 non
1292 3185 1485 3249 obsurdescas,
1507 3182 1554 3237 sed
1580 3178 1710 3237 uelociter

67 3279 183 3354 pluriam
207 3295 284 3333 suam
310 3276 388 3349 (Lac.
415 3294 491 3342 nstv.
511 3279 557 3349 il,
573 3281 621 3350 25,
638 3280 684 3352 ιθ)
700 3281 734 3337 ad
756 3291 863 3353 tempus
913 3280 1023 3347 eraudi,
1038 3279 1162 3344 Domine,
1173 3294 1268 3334 rocem
1287 3276 1487 3358 deprecationis
1498 3289 1574 3340 ntea,
1585 3274 1649 3328 dam
1662 3288 1710 3327 ara

67 3368 245 3440 disparendo,
261 3375 289 3424 et
313 3369 410 3423 iterum
431 3368 490 3425 suis
516 3372 693 3441 apparendo?
709 3370 806 3429 Nonne
822 3374 863 3429 sic
913 3383 976 3430 ante
988 3372 1161 3429 traditionem
1169 3373 1197 3427 in
1206 3379 1298 3427 monte
1306 3369 1415 3434 Oliveti,
1429 3368 1491 3422 dum
1502 3364 1601 3422 catalla
1615 3378 1709 3418 manns

67 3462 153 3520 etiam
166 3476 252 3532 usque
267 3460 294 3516 in
309 3460 390 3516 duem
405 3460 498 3517 saculi
513 3471 621 3530 oportet
634 3464 742 3534 probari
758 3464 862 3533 lideles,
913 3482 985 3519 eneas
1004 3465 1031 3519 in
1046 3478 1137 3520 cruce.

67 3569 105 3611 an
121 3551 178 3609 sint
194 3552 221 3607 in
237 3550 331 3609 lideac
345 3567 393 3624 spe
406 3552 576 3624 longanimes
592 3569 640 3625 per
658 3555 795 3611 modicum
807 3570 861 3611 non
947 3552 1015 3621 Qua
1026 3554 1061 3609 sit
1074 3553 1226 3610 differentia
1247 3552 1440 3623 deprecationis
1457 3558 1482 3605 et
1498 3547 1637 3614 orationis,
1651 3545 1709 3616 jam

67 3646 233 3711 ridendo,et
244 3645 343 3700 iterum
354 3660 403 3715 per
415 3646 554 3702 modicum
569 3646 686 3703 ridenda
701 3646 863 3704 Christum?
912 3652 977 3699 ante
1000 3643 1103 3699 dictum
1119 3652 1171 3698 est.
1184 3643 1312 3698 cbristus
1335 3642 1401 3697 dum
1430 3649 1502 3706 arat,
1515 3640 1586 3694 levat
1609 3651 1710 3692 manus

68 3738 206 3793 blodicum
220 3737 292 3793 enirn
307 3752 362 3791 non
382 3736 473 3793 rident
488 3752 562 3806 eum,
580 3746 610 3793 ut
631 3739 668 3795 sit
686 3739 752 3796 odes
768 3740 801 3796 de
816 3740 862 3797 illo
911 3750 988 3801 suas,
1007 3742 1038 3789 ut
1055 3734 1191 3805 significet
1208 3733 1346 3789 orantium
1357 3747 1440 3802 opera
1459 3747 1513 3786 non
1527 3730 1626 3786 debere
1645 3741 1710 3784 esse

68 3829 142 3900 quod
163 3845 218 3884 non
237 3828 324 3884 uides.
344 3826 373 3884 Si
389 3827 462 3884 enirn
477 3828 564 3897 uides,
578 3828 634 3900 jam
650 3846 705 3886 non
726 3841 768 3888 est
783 3831 859 3889 fides.
915 3828 1058 3898 depressa,
1073 3828 1120 3884 sed
1139 3827 1244 3882 eleuata
1265 3839 1377 3882 sursum
1390 3824 1467 3896 iuxta
1487 3823 1573 3879 illud:
1589 3819 1710 3876 dicuntia

69 3922 103 3978 Et
114 3922 213 3977 iterum
233 3921 383 3989 modicum,
397 3921 529 3977 atrident
543 3937 605 3978 eum
620 3924 788 3997 paratiquod
802 3940 861 3981 ma·
911 3936 1037 3974 araneum
1053 3936 1171 3975 arearum
1185 3917 1533 3988 sacrificinmaespertinam
1548 3912 1706 3985 (Psalcxt,

68 4016 198 4072 nilestum
212 4014 306 4087 gratiae
319 4030 377 4070 suec
387 4013 560 4083 beneficium,
573 4025 603 4071 ut
614 4016 681 4073 tides
693 4018 791 4075 habeat
802 4035 861 4078 me·
910 4012 948 4081 2).
967 4010 1101 4083 Loquitur
1127 4019 1218 4068 dulim
1244 4010 1396 4067 secundum
1416 4005 1642 4064 ⁰⁰¹¹S¹¹0fl¹lfi¹¹i¹¹¹
1657 4004 1706 4059 ¹¹¹·

68 4106 164 4172 ritum,
178 4105 222 4160 cui
235 4118 290 4159 nou
306 4103 427 4159 bumana
443 4103 523 4173 ratio,
535 4104 582 4161 sed
599 4106 689 4162 divina
700 4107 860 4166 manifesta·
912 4104 1046 4172 daeorum,
1060 4104 1107 4177 qui
1120 4104 1278 4176 ubicunque
1291 4110 1394 4169 essent,
1405 4116 1502 4157 uersus
1515 4099 1645 4170 templum
1663 4096 1708 4153 le·

68 4197 107 4251 tio
123 4195 223 4267 praebet
235 4195 462 4265 experimentum.
479 4194 502 4252 0
521 4196 598 4252 stulti
611 4206 636 4253 et
649 4199 721 4254 tardi
735 4201 813 4255 carde
824 4200 860 4256 ad
910 4195 1137 4268 rosolymitanum
1158 4196 1288 4263 orabant;
1311 4195 1382 4251 sieut
1398 4191 1493 4248 Daniel
1509 4191 1536 4246 in
1558 4189 1706 4260 babylone,

68 4288 372 4345 credendamidicendo
385 4305 392 4344 ε
405 4291 586 4360 sperabamus,
599 4291 625 4347 id
641 4293 801 4365 significatis
811 4311 859 4366 per
910 4303 974 4343 cnm
1000 4297 1090 4343 tamen
1117 4288 1205 4359 ipsius
1230 4286 1420 4359 temporavit
1446 4282 1563 4340 residuae
1591 4281 1707 4337 luissent

67 4382 181 4437 uerbum
192 4382 321 4452 praeteriti
337 4381 488 4452 imperfecti
500 4385 640 4455 temporis,
656 4386 720 4457 quia
737 4389 857 4444 nondum
910 4379 1017 4451 elldllae
1038 4380 1158 4436 Cilllblli
1182 4379 1278 4447 'bilibit
1295 4394 1328 4435 ³⁰
1352 4377 1591 4434 fundimesswlliffl
1611 4373 1705 4443 templi

67 4490 101 4532 ex
113 4484 171 4532 toto
183 4474 313 4532 deiecerit
328 4492 390 4547 spes
404 4484 495 4533 vestra
507 4519 516 4545 ,
530 4494 592 4549 qnae
606 4480 628 4535 si
644 4481 772 4538 omnibus
785 4481 861 4539 dese.
875 4478 898 4532 lt
912 4488 1002 4543 paruae
1023 4473 1145 4544 reliquiae
1163 4490 1171 4529 :
1188 4473 1241 4528 boc
1267 4473 1439 4546 significante
1462 4469 1565 4542 Spiritu
1591 4477 1705 4534 sancto,

69 4567 163 4633 risset,-
175 4582 229 4622 nou
246 4583 296 4624 uos
310 4567 428 4623 dicerem
444 4568 544 4625 babere
559 4586 606 4624 cor
620 4570 732 4626 stultam
753 4581 778 4627 et
803 4583 861 4628 tar·
912 4567 975 4636 quia
989 4566 1052 4622 lieet
1065 4565 1293 4623 christianaudei
1307 4565 1383 4621 cultu
1393 4579 1463 4636 pene
1474 4563 1582 4635 penitus
1596 4561 1706 4617 annibi-

69 4661 144 4726 dum,
156 4659 203 4715 sed
216 4658 387 4715 incredulum
398 4659 441 4715 nel
456 4660 600 4729 pertidum.
615 4661 694 4719 Nunc
706 4674 797 4721 autem
807 4683 863 4719 am.
911 4657 979 4725 lato,
990 4667 1017 4714 et
1033 4660 1145 4731 templo,
1157 4658 1230 4729 quod
1240 4667 1284 4714 est
1297 4658 1433 4725 Christus,
1450 4657 1477 4713 in
1488 4657 1617 4714 cordibus
1631 4657 1706 4712 mul·

69 4751 169 4817 basiate,
184 4750 249 4805 alum
272 4750 356 4804 iucem
369 4750 470 4805 bebetis
485 4752 660 4823 aliquantulae
676 4756 743 4826 spei,
758 4767 787 4811 nt
809 4773 860 4811 nott
912 4758 1003 4805 ibrum
1026 4751 1176 4818 (Ῐθθίῐῦῡῑθ,
1195 4761 1335 4822 regnatne,
1351 4752 1408 4808 imi)
1426 4753 1615 4825 tyrannizante
1643 4767 1707 4820 rege

70 4840 183 4897 tenebre
199 4841 321 4911 perlidiae
335 4857 378 4896 uos
398 4845 617 4914 comprehendant
632 4843 723 4917 (ioan.
738 4864 787 4913 xrr,
802 4849 858 4918 35).
911 4839 1086 4911 Babylonico,
1102 4841 1129 4898 id
1151 4851 1193 4897 est
1214 4841 1333 4909 diabolo,
1353 4844 1395 4898 nel
1421 4842 1601 4911 Antichristo,
1617 4842 1707 4898 adbuc

69 4935 156 4992 uisite
176 4934 229 4990 tuci
250 4935 392 4991 vobiscum
422 4937 659 4994 sermocinanter
688 4940 859 4997 ambulanti:
910 4941 1002 4989 nmen
1017 4933 1052 4988 aa
1066 4933 1192 5004 temptam
1208 4943 1329 4989 sonetum
1344 4935 1425 4991 dener
1440 4935 1498 4990 ded
1514 4937 1613 5001 oratio,
1627 4945 1657 4991 ut
1667 4937 1706 4992 dt-

70 5029 149 5087 blaae
166 5032 312 5101 nobiscum,
326 5036 388 5107 qaia
414 5034 607 5105 advesperascit
621 5034 697 5107 (Luc.
712 5052 786 5103 narr,
801 5036 858 5110 29).
910 5036 955 5083 0³2
969 5026 1086 5098 quisque
1105 5027 1192 5083 fidilis
1212 5043 1273 5083 ⁰⁰¹¹]
1300 5027 1412 5084 Daniele
1428 5047 1435 5083 ἱ
1451 5027 1569 5091 Exaudi,
1582 5028 1704 5096 Domine,

68 5121 154 5179 Plane
175 5132 241 5181 tune
265 5125 294 5179 in
318 5126 401 5182 corde
413 5134 505 5182 uestro
525 5126 737 5197 advesperascit,
750 5130 860 5200 quando
909 5137 998 5193 preces
1011 5120 1079 5175 iiiii
1093 5120 1142 5188 ¹⁸52
1153 5120 1277 5175 illumina
1292 5121 1388 5191 idibem
1403 5130 1477 5175 tuam
1492 5131 1705 5191 supersanctua·

70 5211 132 5268 fldei
146 5228 178 5268 ac
191 5213 248 5283 spei
259 5213 351 5269 lumen
371 5216 404 5270 ad
419 5215 553 5271 delectum
566 5216 664 5288 vergit.
909 5214 982 5268 riusa
997 5223 1081 5281 taam,
1095 5214 1164 5285 quad
1177 5214 1309 5270 desertum
1319 5225 1358 5270 est
1371 5213 1453 5286 (ban.
1466 5231 1505 5284 tx,
1523 5214 1577 5284 ll).

107 5301 194 5359 Sicsie
213 5303 358 5373 increpatis
382 5306 525 5377 discipulis
542 5306 729 5364 dubitantibus
745 5322 777 5364 ac
790 5324 860 5379 pene
944 5306 1070 5377 Amplius
1082 5316 1172 5362 autem
1187 5304 1314 5364 Christus
1328 5308 1424 5365 videns
1437 5309 1567 5377 templum
1579 5308 1703 5378 corporis

69 5394 289 5464 desperantibus,
301 5410 352 5466 eqo
369 5394 453 5451 David
472 5396 588 5469 iungens
602 5398 759 5456 mediatoris
770 5398 859 5455 officio
910 5398 953 5455 sni
970 5409 1056 5456 morte
1078 5399 1291 5466 dissolvendum,
1311 5399 1433 5456 etclanls
1455 5398 1482 5455 in
1497 5415 1578 5455 cruce
1602 5398 1702 5456 sudos-

70 5487 142 5541 iuter
157 5485 307 5557 discipulos
320 5494 348 5542 et
368 5495 394 5541 te
414 5485 522 5542 Patrem
538 5496 601 5560 post
621 5489 729 5545 illorum
751 5490 860 5560 illisque
910 5504 982 5557 surm,
997 5491 1070 5562 quod
1095 5491 1153 5563 ipsc
1174 5492 1337 5561 promiserat
1360 5491 1388 5546 ia
1414 5492 1503 5547 triduo
1524 5492 1702 5548 maniacam-

70 5575 201 5633 similium
222 5574 435 5647 increpationem
449 5577 540 5634 denno
565 5593 615 5649 pro
639 5579 693 5637 illis
707 5581 858 5637 orationem
910 5594 989 5646 rum;
1009 5589 1083 5636 recte
1105 5579 1134 5635 ia
1149 5595 1233 5636 cruce
1252 5580 1430 5637 oransdicit:
1448 5580 1566 5648 Eaaudi,
1578 5580 1701 5647 boariae,

70 5668 166 5730 lunio.
182 5680 209 5725 et
221 5668 283 5725 dico
297 5686 306 5725 t
910 5689 995 5727 uocem
1007 5672 1198 5742 deprecationis
1212 5688 1285 5741 merc,
1296 5673 1361 5727 dnm
1372 5690 1418 5729 oro
1430 5674 1465 5729 ad
1480 5675 1586 5743 te,dum
1599 5674 1625 5730 in
1637 5674 1700 5732 bra·

109 5760 191 5819 lens.
210 5763 238 5820 2.
261 5762 378 5831 Exaudi,
408 5761 528 5831 Dandae,
556 5780 640 5819 uocem
669 5766 858 5837 deprecationis
909 5766 1079 5824 elriisetneis
1094 5767 1190 5825 estatio
1207 5769 1429 5825 suanusmeasad
1445 5768 1701 5841 ternpinmranctttttt
