3817 6000
0 4859 9 4904 Ι

0 4965 13 4999 i·

0 5233 12 5286 i

5 5329 17 5374 l

0 5429 16 5475 Ι

0 5522 20 5571 Ι

172 259 288 317 1801

787 254 1342 315 COMMENTARHJM
1380 256 1449 313 IN
1483 252 1824 314 PSALMos.
1861 285 1933 297 -
1960 254 2142 310 PARS
2182 253 2357 310 vt-
2391 255 2586 313 PSAL.
2624 255 2808 314 LXIII.

3274 263 3414 320 18⁰2

170 372 300 438 sitet,
327 380 381 427 et
405 370 565 442 quasi
594 368 857 443 Pythonis
885 386 989 426 vox
1015 384 1208 426 eorum
1254 371 1335 428 sic
1389 370 1718 441 contempti·
1750 378 1797 436 Α
1823 366 1931 423 isto
1948 368 2261 436 miserante,
2303 379 2362 424 ut
2396 368 2479 425 sic
2502 370 2821 427 obstruatur
2843 387 2902 426 οε
2947 370 3274 445 loquentium
3303 377 3411 432 im·-

168 463 297 525 bilis,
328 478 430 518 nec
449 461 726 518 auditores
755 461 1034 517 benivolos
1068 462 1308 518 inveniat
1329 463 1384 517 in
1412 463 1594 517 medio
1624 460 1725 516 Ec-

168 554 351 621 clesiae,
377 569 692 626 quanquam
720 553 774 608 in
806 554 1022 624 angulis
1059 555 1273 610 occulte
1306 562 1577 609 susurret.
1621 551 1729 609 Ve-

167 662 275 702 rum
305 653 526 717 peracto
556 655 801 703 extremo
851 646 1079 716 judicio,
1131 645 1186 701 in
1226 661 1337 717 quo
1364 645 1728 700 laudabuntur

165 740 360 810 abipso
385 738 530 815 Rege
581 756 756 795 omnes
785 741 876 810 qui
895 740 1083 810 jurant
1113 740 1168 794 in
1196 756 1276 807 eo,
1327 738 1541 797 dicente
1561 739 1684 811 ipso
1709 757 1724 794 ε

172 848 190 882 ι
220 828 421 895 Venite,
465 829 738 886 benedicti
784 828 966 886 Patris
1005 830 1135 896 mei,
1181 837 1289 884 etc.
1341 829 1560 901 (Manli.
1597 846 1724 898 xxv,

163 921 267 992 54).
301 940 322 974 r
359 919 451 978 SIc
501 920 827 976 obstructum
861 922 965 978 erit
991 938 1047 976 os
1078 922 1401 993 loquentium
1431 921 1636 993 iniqua,
1667 930 1726 978 ut

163 1013 292 1068 ultra
317 1013 372 1069 in
399 1021 662 1068 aeteruum
705 1014 777 1068 sit
799 1013 881 1068 cis
925 1014 1240 1083 impositum
1281 1011 1558 1068 silentium
1597 1026 1727 1082 pro-

160 1104 400 1161 fundum.
451 1091 601 1160 Nan?
628 1114 827 1161 extunc
891 1121 912 1156 ι
951 1105 1106 1175 impii
1152 1104 1208 1162 in
1258 1104 1496 1161 tenebris
1548 1103 1731 1163 contin

161 1204 369 1252 cescent
418 1195 474 1268 (1
511 1195 638 1268 Req.
666 1211 728 1263 n,
775 1194 854 1267 9),
904 1213 925 1248 ι
960 1204 1014 1251 et
1047 1210 1142 1251 ore
1190 1194 1457 1252 maledico
1505 1194 1723 1266 penitus

158 1288 374 1345 obcluso
402 1286 458 1342 in
484 1288 770 1344 tormentis
799 1287 915 1344 suis
941 1287 1346 1343 contabescent.
1371 1286 1430 1342 In
1456 1287 1574 1358 ipso
1600 1287 1723 1358 qui-

156 1380 273 1437 dem
294 1381 506 1451 judicio
542 1381 826 1437 habebunt
851 1381 1035 1452 aIIqua
1076 1381 1278 1449 dicere,
1321 1381 1473 1437 verbi
1523 1381 1719 1452 gratia,

155 1473 369 1542 quando
401 1490 422 1524 t
452 1472 796 1529 mirabuntur
823 1472 880 1529 in
933 1472 1265 1529 subitatione
1315 1472 1605 1544 insperatae
1632 1488 1721 1528 sa·

156 1561 277 1619 lutis
297 1562 540 1620 dicentes
561 1564 704 1620 intra
729 1579 808 1632 se,
830 1564 1205 1636 poenitentiam
1224 1563 1508 1631 habentc8‚
1534 1572 1589 1620 et
1612 1579 1721 1634 prae

155 1653 401 1724 angustia
428 1654 656 1724 spiritus
683 1664 991 1726 gementes:
1017 1655 1073 1710 hi
1103 1662 1250 1722 sunt,
1265 1668 1405 1725 quos
1424 1654 1718 1726 aliquando

1829 476 1958 530 qua,
1988 460 2135 516 sicut
2173 460 2523 517 obstructum
2562 472 2648 518 est
2694 478 2757 519 os
2792 463 3095 534 blasphemi
3143 463 3316 532 Sauli,
3356 476 3411 523 et

1826 557 2078 619 apertum
2127 562 2211 606 est
2247 565 2311 606 os
2355 549 2553 607 Pauli:
2590 571 2608 604 ι
2648 550 2752 619 Qui
2782 553 2957 623 prius,
2980 572 3001 606 t
3042 555 3237 624 iuquit,
3272 576 3291 608 ι
3330 556 3409 614 fui

1826 641 2183 713 blasphemus
2210 651 2266 699 et
2311 653 2654 715 persecutor,
2695 661 2843 702 nunc
2871 656 3054 702 autem
3095 648 3410 707 misericor·

1825 734 1972 791 diam
2013 744 2341 792 consecutus
2386 751 2509 792 sum
2542 735 2596 809 (1
2625 735 2763 794 Tim.
2795 753 2837 808 1,
2887 738 2998 810 13).
3020 758 3041 792 ι
3072 738 3410 801 Praedicante

1824 841 2046 898 quoque
2096 825 2257 884 Petro
2299 828 2546 898 apostolo
2605 829 2687 886 sic
2722 829 3067 887 obstructum
3105 839 3189 889 cst
3215 848 3281 891 os
3326 835 3410 891 lo-

1823 916 2108 986 quentium
2135 917 2349 989 iniqua,
2372 917 2684 975 Judaeorum
2702 920 2954 977 videlicet
2968 925 3232 1001 sanguine
3245 924 3407 982 Chri-

1824 1004 1896 1062 sti
1921 1015 2360 1077 cruentatorum,
2388 1017 2447 1064 ut
2466 1024 2535 1064 ex
2572 1010 2653 1066 eis
2693 1026 2805 1067 una
2845 1012 2935 1068 die
2980 1013 3087 1071 tria
3127 1016 3320 1085 millia,
3349 1027 3409 1075 et

1823 1097 1932 1154 alia
1960 1099 2049 1157 die
2095 1100 2340 1172 quinque
2389 1100 2561 1158 millia
2613 1115 3088 1175 converterentur,
3128 1117 3182 1164 et
3223 1126 3405 1182 regem

1822 1189 2123 1259 Christum,
2159 1207 2325 1263 quem
2354 1207 2450 1248 ore
2473 1193 2663 1266 iniquo
2684 1209 3035 1267 negaverant,
3060 1200 3237 1271 palam
3268 1217 3404 1259 con-

1823 1282 2126 1351 fiterentur,
2173 1291 2235 1338 ut
2263 1283 2448 1339 omnia
2479 1301 2579 1340 sua
2626 1287 2858 1357 pedibus
2902 1292 3272 1360 apostolorum
3304 1310 3404 1365 ap-

1821 1383 2110 1447 ponerent,
2162 1384 2217 1431 et
2245 1391 2354 1432 nou
2388 1377 2516 1443 sibi,
2555 1377 2649 1434 sed
2694 1381 2808 1450 regi
2848 1396 2950 1437 suo
2989 1382 3210 1440 Christo
3251 1388 3404 1442 vive-

1820 1476 1944 1523 rent
1975 1467 2261 1524 habentes'
2285 1483 2383 1524 cor
2414 1484 2582 1524 unum
2618 1478 2673 1525 et
2721 1472 2962 1528 animam
2991 1491 3155 1530 unam
3183 1477 3237 1531 in
3267 1476 3401 1533 Deo.

1822 1557 1979 1616 Unde
2007 1560 2206 1616 merito
2239 1559 2382 1617 inter
2435 1561 2555 1618 illos
2585 1562 2973 1632 laudabuntur,
3017 1568 3108 1636 qui
3129 1569 3318 1638 jurant
3348 1571 3404 1625 in

1821 1668 1903 1718 eo,
1933 1654 2061 1724 quia
2100 1652 2449 1710 laudabiliter
2498 1655 2831 1710 obstructum
2858 1667 2937 1713 est
2974 1675 3031 1713 οε
3080 1658 3404 1729 loquentium

159 1744 445 1800 habuimus
475 1747 530 1801 in
568 1746 834 1815 derisum,
883 1756 939 1802 et
964 1747 1020 1802 in
1050 1746 1463 1803 similitudinem
1513 1746 1718 1819 impro-
1748 1738 1793 1794 Β
1821 1747 2027 1819 iniqua,
2060 1748 2190 1803 dnm
2218 1756 2521 1819 coeperunt,
2547 1763 2648 1804 nec
2679 1748 2825 1803 ultra
2870 1762 3227 1807 cessaverunt
3253 1752 3403 1825 loqui

152 1834 304 1905 perii.
356 1833 468 1891 Nos
523 1836 788 1893 insensati
827 1838 993 1892 vitam
1029 1838 1250 1894 illorum
1307 1837 1718 1895 aestimabamus

150 1927 439 1994 insaniam,
462 1936 517 1984 et
557 1930 718 1984 linem
744 1929 960 1984 illorum
997 1930 1115 1985 sine
1158 1930 1391 1986 honoro.
1423 1929 1562 1986 Ecce
1581 1946 1720 2000 quo·

149 2018 310 2074 modo
340 2020 639 2090 computati
673 2029 804 2077 sunt
851 2020 993 2076 inter
1032 2021 1171 2078 lilios
1198 2020 1318 2089 Dei,
1346 2030 1400 2077 et
1425 2023 1566 2078 inter
1592 2039 1720 2079 san-

145 2118 264 2166 ctos
291 2125 414 2167 sors
444 2112 662 2169 illorum
685 2121 770 2168 est
822 2111 975 2184 (Sap.
1002 2130 1054 2179 v,
1089 2113 1125 2167 2
1159 2123 1213 2169 et
1261 2114 1462 2186 seqq.).
1490 2133 1508 2167 i
1541 2113 1671 2170 Item
1701 2132 1714 2170 :

151 2218 173 2254 ι
202 2201 430 2268 Quando
460 2213 513 2260 te
533 2205 772 2263 vidimus
829 2207 1182 2275 esurientem,
1234 2216 1290 2262 et
1323 2208 1620 2276 sitientem,
1665 2217 1720 2266 et

145 2310 254 2351 nou
284 2295 712 2352 mInistravimus
731 2296 863 2352 tibi?
889 2296 1380 2370 (Matth.xxv,44.)
1399 2317 1418 2351 t
1444 2296 1574 2356 Item
1602 2315 1719 2356 ser-

142 2402 246 2444 vus
274 2388 474 2456 malus,
499 2396 553 2444 et
600 2389 753 2461 piger
800 2389 1137 2445 abscondens
1167 2391 1454 2461 pecuniam
1502 2390 1718 2448 Domini

143 2478 230 2534 sui
251 2477 319 2533 ad
349 2480 695 2536 excusandas
720 2479 1107 2537 excusationes
1148 2481 1204 2536 in
1255 2482 1495 2552 peccatis
1530 2483 1714 2554 aliqua

141 2569 398 2642 loquetur
421 2571 475 2626 in
493 2571 722 2642 iudici0,
759 2572 980 2643 quando
1003 2571 1372 2628 laudabuntur
1394 2590 1592 2644 omnes,
1622 2578 1718 2647 qui

141 2659 283 2717 bene
308 2669 438 2718 suxit
471 2663 752 2734 negotiati,
774 2663 911 2719 etde
945 2664 1176 2735 pecunia
1200 2664 1306 2721 sibi
1337 2666 1546 2723 credita
1597 2666 1713 2721 lau-

139 2749 392 2808 dabiliter
418 2752 637 2809 lucrati.

213 2842 320 2901 Sed
346 2856 587 2916 peracte,
635 2856 698 2902 ut
732 2847 940 2904 dictum
968 2858 1073 2917 est,
1119 2849 1329 2920 judicio
1370 2851 1590 2922 penitus
1623 2852 1717 2906 ob-

136 2943 400 2991 structum
427 2938 532 2994 erit
562 2955 621 2994 os
668 2938 993 3011 loquentium
1046 2942 1251 3014 iniqua,
1282 2950 1333 2997 et
1364 2942 1518 3015 impii
1546 2945 1602 3000 in
1616 2918 1714 3002 xte-

137 3026 326 3083 nebris
346 3029 735 3088 conticescent.
767 3031 923 3089 Tunc
972 3034 1117 3089 enim
1148 3033 1265 3090 Rex
1290 3035 1392 3092 iste
1421 3035 1715 3107 imperator

139 3118 472 3177 universalis
497 3121 786 3192 imperabit
834 3124 1014 3181 ventis
1044 3134 1099 3182 et
1148 3126 1311 3193 mari,
1338 3126 1423 3183 vel
1466 3129 1609 3184 sicut
1652 3127 1709 3185 in

131 3208 326 3268 Marco
349 3211 567 3285 legitur,
594 3215 771 3270 ventis
793 3216 1183 3272 comminando
1201 3217 1505 3288 increpabit
1534 3234 1707 3290 mare,

131 3303 367 3361 dicens:
403 3324 422 3358 c
460 3304 623 3374 Tace,
653 3308 969 3366 obmutesce
993 3308 1191 3380 (Marc.
1221 3309 1481 3381 1v‚59);u
1511 3309 1711 3380 fietque

131 3394 206 3451 ab
231 3395 364 3453 hinc
412 3398 784 3470 tranquillitas
831 3415 1028 3473 magna
1063 3400 1216 3457 nullo
1253 3417 1493 3472 unquam
1526 3404 1707 3460 sonitu

130 3489 312 3547 maris
339 3490 682 3549 etlluctuum
729 3494 1114 3563 perturbanda.
1152 3493 1433 3569 Contingit
1478 3505 1534 3552 et
1583 3511 1710 3568 rege

1818 1840 1933 1897 Deo
1953 1841 2152 1912 placita
2188 1850 2244 1896 et
2268 1840 2536 1912 proximis
2564 1840 2745 1896 utilia.

1890 1931 2075 1988 Gloria
2095 1931 2252 1988 Patri
2273 1933 2404 1999 Deo,
2434 1932 2502 1989 ad
2522 1948 2688 2004 quem
2710 1935 2777 1989 de
2803 1932 2925 1988 luce
2953 1932 3244 2006 vigilatum
3286 1935 3404 2006 qlo-

1818 2026 1903 2081 ria
1933 2024 2101 2094 Filio,
2126 2027 2219 2097 qui
2244 2025 2300 2080 in
2322 2040 2381 2081 se
2408 2040 2474 2082 ac
2502 2025 2619 2082 suis
2639 2025 2905 2082 membris
2928 2025 3136 2098 vigilat,
3174 2027 3403 2098 suisque

1816 2118 2022 2191 vigiliis
2082 2117 2488 2174 misericordias
2536 2132 2702 2188 super
2752 2118 2895 2174 vitas
2950 2118 3232 2173 meliorem
3285 2121 3402 2176 suis

1818 2211 2084 2267 membris
2136 2211 2413 2281 impetrat.
2469 2209 2656 2265 Gloria
2684 2209 2916 2281 Spiritui
2964 2224 3164 2272 asturio,
3201 2216 3289 2280 qni
3321 2227 3401 2268 m

1819 2301 1936 2357 hoec
1966 2301 2082 2373 ipsa
2115 2300 2495 2357 misericordia
2532 2302 2587 2357 in
2639 2302 2852 2373 judicio
2904 2304 3189 2358 exaluimla
3233 2324 3397 2372 :itiner

1818 2410 2012 2452 omnes
2029 2395 2191 2463 vitaS,
2238 2395 2441 2465 quibus
2471 2394 2615 2449 Deus
2645 2394 2892 2450 distinxit
2940 2408 3241 2460 manturna.
3277 2400 3397 2448 alil-2⁴.

1817 2485 2019 2551 dando,
2051 2493 2112 2542 ut
2143 2486 2327 2542 vivant
2350 2495 2405 2542 et
2434 2501 2540 2539 non
2585 2485 2843 2553 sentiant,
2891 2487 3012 2541 aliis
3052 2501 3108 2541 nt
3144 2489 3317 2541 viram
3349 2501 3401 2541 vt

1818 2576 2077 2642 sentiant,
2108 2577 2232 2632 aliis
2259 2585 2319 2633 ut
2348 2577 2554 2643 vivant,
2582 2575 2821 2631 sentiant
2840 2585 2894 2631 et
2914 2577 3245 2633 discernant.
3269 2577 3397 2645 Quia

1815 2667 1923 2726 bus
1952 2668 2269 2726 differentiis
2319 2669 2462 2724 inter
2490 2684 2549 2724 se
2586 2668 2976 2725 discernuntui¹
3020 2673 3269 2737 :aa-liores,
3301 2689 3397 2741 po-

1815 2760 1986 2820 cudes
2023 2770 2077 2817 et
2105 2761 2380 2829 homines,
2405 2759 2501 2832 qui
2531 2760 2635 2815 soli
2663 2775 2856 2816 omnes
2884 2761 3028 2817 vitas
3056 2761 3111 2815 in
3143 2777 3203 2817 se
3231 2762 3360 2817 colli
3379 2789 3394 2798 ·

1816 2861 1971 2925 gunt,
2003 2852 2132 2924 quia
2164 2868 2291 2909 cum
2340 2851 2633 2908 arboribus
2665 2851 2878 2916 vivunt,
2937 2867 3064 2909 cum
3099 2854 3401 2924 pecudibus

1814 2944 2009 3001 vivunt
2037 2953 2093 3001 et
2124 2943 2387 3012 sentiunt,
2425 2959 2551 3000 cum
2591 2942 2804 3016 angelis
2853 2943 3047 3001 vivunt
3091 2952 3146 3000 et
3193 2942 3399 3003 discer-

1815 3045 1972 3093 nunt.
1995 3035 2078 3093 Sit
2102 3034 2269 3108 igitur
2287 3036 2525 3109 gloriosa
2552 3033 2647 3091 Dei
2673 3034 3051 3091 misericordia
3076 3050 3241 3107 super
3261 3036 3399 3093 vitas

1816 3130 1953 3186 istas
1977 3129 2232 3201 benigna,
2255 3136 2319 3184 ut
2346 3127 2585 3184 salvetur
2604 3126 2660 3182 in
2685 3126 2945 3183 omnibus
2966 3126 3034 3182 ad
3049 3127 3219 3182 vitam
3243 3135 3398 3185 aeter-

1816 3236 1945 3276 nam
1961 3220 2359 3292 praedestinatis
2388 3228 2584 3276 natu-ra
2609 3219 2849 3275 humana
2873 3217 3014 3274 vitas
3037 3232 3230 3275 omnes
3253 3233 3380 3277 com

1816 3313 1995 3383 plexa.
2028 3310 2112 3368 Sit
2131 3312 2304 3385 gloria
2352 3311 2621 3367 immensa
2653 3310 2765 3366 Deo
2786 3310 2934 3365 trino
2958 3309 3287 3365 aeternalitcr
3319 3309 3390 3366 vi-

1817 3404 1989 3469 venti,
2043 3413 2101 3459 et
2147 3405 2289 3460 vitas
2334 3403 2622 3460 hominum
2658 3416 2759 3459 sua
2808 3401 2982 3474 gratia
3030 3401 3398 3473 temporaliter

1818 3496 2151 3569 disponenti.
2179 3496 2377 3553 Amen.

1251 3775 1814 3883 'PSALMUS
1882 3792 2247 3882 LXIII.

209 4115 449 4188 Exaudi,
473 4117 635 4185 Deus,
659 4118 953 4175 orationem
975 4134 1165 4186 meam,
1183 4134 1300 4173 cum
1323 4119 1591 4188 deprecor,
1607 4125 1713 4173 etc.
1748 4120 1793 4176 1)
1821 4113 2084 4186 praescius
2104 4120 2224 4168 erat
2243 4111 2433 4176 futuri,
2457 4124 2617 4167 orare
2638 4111 2831 4181 voluit,
2857 4122 3067 4183 quanto
3095 4113 3271 4185 magis
3293 4113 3395 4174 ini·

124 4209 355 4269 Titulus
381 4230 395 4267 :

387 4300 575 4375 (Vens.
610 4302 688 4374 l.)
727 4317 780 4357 m
811 4315 970 4357 nasu
997 4317 1231 4359 rsstuus
1257 4318 1418 4357 osvin
1447 4319 1462 4368 ;

204 4391 386 4449 Patet.
413 4392 664 4450 Psalmns
693 4392 795 4448 iste
817 4392 1055 4449 breviter
1074 4393 1142 4449 de
1169 4393 1426 4464 passione
1457 4399 1512 4447 et
1533 4408 1714 4449 resur·

112 4483 383 4542 rectione
401 4484 603 4541 Christi
630 4493 1045 4542 commemorat.
1079 4483 1267 4540 Primo
1311 4483 1566 4541 Christus
1592 4491 1714 4539 orat

115 4590 471 4633 enumerans
511 4578 667 4648 quasi
696 4578 811 4649 jam
846 4576 992 4635 sacta
1026 4577 1168 4633 mala
1198 4593 1321 4648 quoe
1337 4577 1578 4647 pertulit.
1612 4575 1712 4631 Se-

112 4666 324 4727 cundo
352 4666 542 4725 irridet
591 4671 854 4727 saevitiam
903 4669 1220 4726 Judaeorum
1271 4684 1714 4726 commemorans

112 4759 285 4835 quod
312 4759 557 4816 nuntiata
580 4763 978 4822 resurrectione
1004 4762 1178 4835 magis
1201 4761 1400 4818 turbati
1423 4771 1573 4828 sunt,
1593 4762 1664 4817 ibi
1695 4781 1709 4818 ε

111 4853 368 4923 Saqittoe
393 4836 733 4922 porvulorum
762 4854 917 4925 sactoe
945 4866 1069 4910 sum
1095 4853 1266 4926 plaqoe
1299 4870 1500 4909 eorum.
1529 4852 1711 4910 Inten-

108 4948 289 5004 tione
319 4945 480 5002 docet
502 4962 604 5003 nos
626 4946 680 5000 in
712 4946 822 5003 Deo
849 4962 1095 5019 sperare,
1137 4962 1263 5002 cum
1301 4945 1560 5017 patimur.
1589 4943 1709 5006 Non

105 5040 319 5100 solum
346 5050 528 5096 autem
581 5055 650 5095 ex
680 5040 801 5096 solo
842 5041 1040 5113 capite,
1071 5040 1166 5097 sed
1195 5040 1359 5095 etiam
1386 5054 1452 5095 ex
1484 5054 1713 5110 corpore

102 5132 381 5203 loquitur
430 5130 686 5189 Christus
709 5140 763 5187 et
787 5131 865 5187 ait
892 5152 905 5187 ε
934 5132 1173 5199 Exaudi,
1217 5131 1384 5199 Deua,
1417 5132 1711 5187 orationem

99 5241 331 5292 naeam,
362 5242 482 5280 cum
509 5226 778 5297 deprecor,
808 5242 842 5279 a
872 5225 1061 5282 timore
1087 5225 1292 5280 inimici
1313 5225 1454 5294 eripe
1475 5224 1711 5279 animam

1607 4284 1679 4301 ...ρο

97 5333 330 5378 meam.
360 5315 531 5387 Cujus
573 5316 826 5394 exemplo
859 5324 915 5372 et
961 5317 1052 5373 ilie
1079 5324 1314 5373 certator
1336 5321 1712 5370 commonetur

95 5421 318 5473 orare,
369 5407 462 5478 qui
512 5407 657 5463 inter
698 5422 850 5478 spem
882 5422 1132 5479 pugnans
1184 5415 1240 5463 et
1273 5413 1479 5463 metum
1512 5405 1708 5472 nescit,

94 5512 321 5559 utrum
376 5498 482 5553 tela
512 5497 868 5554 tentationum
898 5498 1062 5555 veluti
1114 5500 1327 5570 sagium
1368 5495 1710 5570 parvulorum

0 5625 15 5665 μ
89 5594 246 5653 sint
269 5588 340 5645 ab
363 5602 432 5644 eo
464 5604 562 5659 per
585 5589 814 5645 loricam
839 5588 1068 5660 justitia
1090 5590 1414 5662 repellendae
1449 5602 1624 5658 usque
1655 5587 1708 5641 in

0 5721 19 5761 ,
93 5689 299 5762 finem
325 5681 485 5739 titulo
533 5689 898 5752 praenotatnm
939 5696 1040 5737 nec
1076 5697 1163 5738 ne.
1194 5681 1252 5738 Si
1275 5682 1420 5739 euim
1455 5681 1590 5753 ipsc,
1614 5679 1708 5750 qui

413 5775 688 5838 Parum..
723 5775 994 5841 exem.

1818 4208 1915 4280 qui
1938 4206 2131 4263 incerti
2165 4215 2313 4274 sunt,
2343 4205 2534 4262 sedulo
2560 4204 2694 4262 dare
2722 4206 2922 4262 debent
2939 4221 3166 4277 operam
3192 4206 3395 4264 oratio-

1816 4299 1896 4367 ni,
1920 4310 1980 4356 ut
2007 4299 2309 4370 eripiantur
2335 4314 2370 4352 a
2396 4298 2583 4353 timore
2632 4298 2838 4354 inimici
2859 4296 3090 4355 visibilis
3123 4313 3221 4355 seu
3255 4299 3395 4355 invi-

1816 4391 2015 4458 sibilis,
2045 4405 2114 4447 ne
2138 4391 2336 4447 cedant
2359 4390 2413 4446 in
2432 4390 2816 4461 persecutione
2836 4389 3067 4459 inimici,
3093 4406 3162 4447 ne
3188 4392 3394 4448 cadant

1814 4483 1899 4540 vel
1927 4485 2218 4553 desperent
2241 4482 2298 4537 in
2331 4480 2629 4537 tentatione
2649 4480 2872 4537 diaboli.
2899 4479 3110 4537 Idcirco
3130 4482 3223 4537 tali
3254 4482 3397 4539 lianc

1814 4576 2120 4633 orationem
2144 4573 2416 4632 conclusit
2455 4573 2563 4629 fine
2593 4591 2607 4628 ε
2632 4571 2933 4628 Laetabitur
2950 4573 3133 4643 justus
3183 4577 3240 4630 in
3279 4575 3390 4631 Do*

1813 4667 1957 4723 mino
1980 4676 2032 4722 et
2088 4665 2320 4737 sperabit
2353 4665 2409 4718 in
2434 4680 2514 4731 eo,
2567 4671 2617 4719 et
2665 4663 3028 4720 laudabuntur
3061 4682 3237 4722 omnes
3263 4668 3397 4724 recti

1814 4760 1992 4815 corde.
2026 4757 2131 4815 Sed
2174 4765 2302 4813 ante
2357 4757 2505 4813 hnnc
2556 4756 2739 4813 laetum
2786 4756 2950 4812 linem
2997 4757 3194 4828 psalmi
3229 4759 3394 4830 huius

1811 4851 2201 4923 percurramus
2219 4858 2425 4905 textum
2458 4848 2805 4919 gemitosum.

1883 4943 2050 5000 Vatis.
2076 4944 2133 4998 2.
2167 4942 2403 5009 Exaudi,
2432 4942 2594 5007 Deus,
2615 4942 2910 4998 orationem
2935 4959 3125 5006 meam,
3155 4956 3273 4997 cnm
3300 4941 3392 4995 de-

1812 5050 2016 5109 precor.
2046 5032 2190 5101 Quid
2214 5033 2358 5091 inter
2385 5034 2691 5090 orationem
2726 5042 2783 5090 et
2830 5032 3269 5103 deprecationem
3298 5030 3388 5085 in-

1815 5127 1994 5192 tersit,
2043 5132 2214 5195 patet,
2245 5125 2507 5195 ,quamvis
2555 5125 2790 5181 alterum
2819 5139 2940 5195 pro
2991 5122 3168 5178 altero
3214 5120 3389 5178 soleat

1813 5219 1968 5290 poni.
2002 5216 2181 5273 Orans
2211 5216 2378 5288 igitur
2422 5232 2526 5287 pro
2558 5216 2723 5273 bonis
2742 5209 3078 5279 obtinendis,
3107 5224 3161 5269 et
3184 5212 3387 5287 depre-

1811 5322 1945 5364 cans
1966 5321 2066 5378 pro
2091 5307 2249 5364 malis
2276 5306 2593 5366 amovendis
2611 5319 2744 5361 voce
2770 5304 2987 5375 propria
3016 5311 3072 5359 et
3090 5317 3226 5359 voce
3243 5317 3390 5357 mar-

1812 5410 1992 5473 tyrum
2017 5415 2118 5473 ego
2142 5399 2396 5458 Christus
2421 5408 2549 5471 peto
2576 5396 2825 5454 exaudiri
2866 5405 3156 5452 orationem
3194 5411 3386 5456 meant.

1813 5507 1933 5546 cum
1961 5488 2229 5563 deprecor,
2277 5491 2392 5547 sive
2441 5498 2503 5546 ut
2559 5488 2665 5544 alia
2711 5485 2998 5543 translatio
3028 5486 3189 5542 babet
3218 5504 3233 5541 ε
3266 5500 3388 5540 cum

1813 5581 2063 5639 tribulor.
2087 5579 2220 5641 Dico
2237 5598 2409 5656 ergo:
2441 5580 2677 5648 Exaudi,
2709 5577 3072 5647 Dens,Pater,
3092 5580 3390 5635 orationem

1811 5691 1983 5735 meam
2019 5675 2160 5735 dans
2194 5678 2362 5744 bona,
2385 5691 2504 5731 cum
2525 5673 2752 5729 tribulor
2779 5673 2920 5729 inter
2943 5672 3107 5738 mala,
3125 5672 3241 5729 sive
3268 5684 3390 5725 cum

2956 5766 3048 5827 57.
