3817 6000
179 241 233 300 599
655 237 807 296 esurierit
825 238 1021 299 ermensul
1038 242 1311 304 anteususrmto.
1748 248 1800 309 600

178 355 293 424 ditione,
306 371 360 428 qna
373 355 441 410 vivit
452 355 497 411 ille
510 371 558 427 per
568 354 688 410 Putrem.
704 354 733 410 Si
744 370 810 429 ergo
825 374 875 413 nos
887 367 964 415 natu·
981 362 1004 420 A
1019 360 1076 417 lum
1093 363 1213 420 tribucre
1223 363 1314 421 solent
1326 362 1407 432 Filio,
1432 364 1546 423 utPutri
1568 374 1675 422 tantum
1701 366 1803 423 virtute

178 451 273 507 raliter
285 448 436 506 secundum
455 463 565 505 earnem
580 463 629 519 per
640 463 703 503 eum
716 449 846 515 virinrns,
871 451 898 507 id
923 461 967 508 est
1017 455 1117 512 similis
1139 456 1186 522 sit,
1200 455 1320 511 adimant
1344 466 1434 513 autem
1448 456 1474 513 ei
1497 455 1704 515 similitudinem
1719 465 1804 514 uatu-

178 553 305 601 naturam
319 541 411 597 carnis
424 557 481 597 suae
493 540 595 611 adepti,
612 542 750 612 quomodo
763 559 817 598 non
833 543 967 600 naturali·
1016 564 1064 616 rae,
1077 548 1153 605 stulti
1168 557 1251 620 utque
1263 548 1350 620 impii,
1363 565 1418 606 non
1436 549 1627 624 intelligentes,
1643 549 1756 606 nonnisi
1768 564 1805 608 ex

178 633 381 691 tersecundum
402 634 529 705 spiritum
548 634 575 688 in
605 649 634 688 se
646 632 754 692 Patrem
771 635 888 704 babeat,
903 653 966 694 cum
1016 651 1122 697 nature
1149 640 1331 698 similitudino
1355 641 1564 699 similitudinem
1592 656 1655 699 esse
1678 642 1804 699 vinetis.

177 728 252 784 visat
263 727 308 783 ille
318 743 367 798 ρετ
383 725 513 783 Patrem?
530 724 594 783 llaee
615 736 706 784 autem
725 728 829 784 idcirco
852 731 966 790 anobis
1015 728 1109 805 Neque
1118 733 1192 790 enim
1215 732 1363 805 aliquando
1378 732 1492 790 inierior
1505 744 1602 789 natura
1622 731 1806 804 superiorisa

177 825 393 874 commemorata
407 823 482 885 sunt,
507 815 571 886 quis
591 818 740 875 voluntatis
761 826 867 874 tanturn
893 819 967 879 intra
1014 844 1057 893 se,
1072 828 1241 900 potiorisque
1262 837 1368 884 nature
1382 828 1512 886 virtutem
1534 828 1723 898 consequitur.
1748 827 1808 884 Aut

177 907 287 965 Patrem
307 916 335 963 et
355 906 456 964 Filium
480 909 614 965 unitatem
641 909 822 979 mentientes,
851 911 967 969 unitatis
1016 920 1082 994 quid
1095 921 1153 977 haec
1164 930 1318 978 asserentes
1330 921 1365 977 de
1375 916 1807 992 omnipprenreDecPatrepm-

177 1009 278 1057 ”0⁵11ae
289 999 419 1056 adllfflffl
433 1002 725 1074 utebasslulfflmrll),
738 1012 870 1075 tauquam
885 1005 967 1062 nobis
1016 1010 1176 1077 titebuntur,
1198 1010 1221 1067 si
1247 1010 1339 1067 uirtuti
1358 1026 1416 1068 sue
1429 1011 1517 1067 uirtus
1543 1018 1648 1067 naturae
1664 1007 1809 1070 inruiorb

177 1094 212 1150 ad
223 1093 324 1149 Filium
335 1106 360 1150 et
377 1110 426 1166 per
438 1093 538 1151 Filium
564 1096 597 1152 ad
612 1096 721 1153 Patrem
745 1099 878 1169 obsequio
905 1108 967 1155 tan·
1016 1102 1201 1172 exsequatur?
1215 1100 1274 1158 Non
1286 1109 1377 1173 polest
1390 1101 1482 1172 neguri
1493 1101 1560 1172 quin
1569 1099 1656 1157 Filius
1671 1099 1719 1156 bei
1731 1101 1807 1159 idem

178 1195 235 1242 tum
261 1201 293 1241 ae
310 1188 450 1244 voluntate
466 1188 566 1255 unitis,
591 1189 666 1244 nulla
692 1204 742 1260 per
762 1200 967 1247 sacramentum
1016 1195 1113 1266 possit,
1126 1208 1189 1250 eum
1200 1193 1321 1250 dixerit:
1340 1194 1516 1266 Quaecunque
1528 1193 1609 1251 Pater
1618 1193 1694 1263 iacit,
1706 1194 1807 1251 eadem

177 1278 270 1335 carnis
282 1288 309 1335 et
329 1279 444 1350 spiritus
465 1281 602 1336 naturalis
617 1282 822 1340 communionis
840 1285 966 1356 proprie·
1016 1284 1103 1342 Filius
1119 1285 1195 1343 lucit.
1210 1282 1262 1342 Sed
1278 1285 1450 1344 similitudini
1463 1286 1573 1343 virtutis
1587 1295 1693 1343 naturae
1705 1286 1808 1342 simili-

176 1379 219 1427 tas
239 1371 435 1444 indulgeretur,
447 1388 510 1429 curu
520 1373 604 1429 etiam
620 1389 670 1445 per
682 1375 813 1432 honorem
826 1377 906 1434 nobis
917 1377 967 1433 da·
1016 1378 1082 1434 tudo
1096 1378 1227 1446 succedit,
1241 1393 1303 1436 cum
1318 1377 1386 1435 metr
1403 1396 1411 1436 τ
1440 1376 1516 1434 Sicut
1541 1379 1611 1434 cirins
1625 1378 1709 1434 Peter
1720 1362 1807 1435 niteat

175 1474 235 1521 tum
258 1465 356 1533 illium,
381 1475 409 1523 et
431 1476 638 1539 permanentem
662 1469 691 1524 in
718 1468 799 1525 nobis
818 1470 967 1526 carnaliter
1015 1469 1092 1525 liutet
1106 1471 1134 1525 in
1145 1470 1294 1543 semetipso,
1305 1472 1345 1527 ito
1355 1481 1380 1528 et
1396 1471 1484 1528 Filius
1495 1471 1567 1529 dedit
1577 1473 1660 1529 eitam
1671 1473 1807 1530 luterein

176 1561 263 1618 illium
282 1564 363 1619 etium
375 1562 402 1618 in
420 1576 453 1618 eo
465 1561 545 1618 uobis
560 1559 741 1632 corporaliter
754 1569 782 1615 et
796 1560 967 1631 inseparabi-
1016 1565 1163 1634 semetipso.
1193 1561 1223 1620 ln
1241 1564 1297 1621 rita
1310 1573 1418 1622 urturae
1440 1573 1467 1622 et
1485 1565 1614 1622 essentiae
1638 1565 1807 1637 signillcatiu

176 1654 239 1712 liter
259 1656 343 1712 unitis
370 1654 532 1727 mysterium
545 1668 616 1709 τετε
635 1666 668 1707 ae
692 1652 826 1711 naturalis
851 1653 965 1710 unitatis
1015 1665 1067 1722 est,
1079 1673 1141 1728 qcae
1158 1656 1230 1713 sicut
1245 1657 1371 1726 liabetur,
1394 1658 1430 1714 lla
1446 1659 1509 1714 data
1524 1658 1639 1714 docetur
1652 1658 1686 1714 ud
1701 1658 1806 1715 liaben-

176 1749 213 1807 sit
230 1746 441 1820 predicandum.
462 1766 471 1800 τ
980 1728 1091 1804 Bduur.
1109 1747 1342 1820 Tenctergouitae
1355 1750 1505 1806 similitudo
1516 1750 1628 1806 uirtutis
1649 1750 1807 1807 similitudi·

213 1842 327 1913 Videtis,
340 1845 456 1902 lectores
467 1844 603 1913 benevoli,
621 1853 755 1915 quuntum
770 1844 879 1901 virtutis
894 1843 965 1899 diri·
1016 1854 1090 1896 nem.
1103 1839 1260 1899 Similitudo
1270 1842 1344 1901 enim
1360 1842 1469 1898 virtutis
1483 1857 1536 1898 nen
1551 1852 1641 1913 potest
1663 1856 1726 1898 esse
1748 1841 1807 1898 dit·

174 1952 219 1995 uae
235 1935 356 1993 llilarius
369 1937 497 2008 predicet
509 1937 601 1993 inesse
616 1938 693 1993 carni
716 1936 818 1995 Christi
843 1953 898 1994 non
918 1952 966 1994 so·
1015 1933 1117 1990 similis
1139 1943 1254 1991 naturae.
1270 1935 1360 2007 Atque
1381 1934 1418 1991 ita
1433 1950 1546 1992 necesse
1563 1946 1606 1992 est
1626 1944 1656 1990 ut
1679 1934 1808 1991 essentiis

174 2028 233 2086 lurn
256 2028 389 2086 divinitus
408 2029 522 2098 uirenti,
547 2031 691 2087 sedetiam
716 2047 745 2088 se
767 2030 965 2088 manducantes
1015 2027 1166 2084 similitudo
1179 2027 1289 2084 virtutis
1308 2027 1515 2086 similitudinem
1527 2036 1721 2099 consequatur,
1736 2026 1806 2098 quie

173 2121 342 2178 vivificanti?
367 2120 446 2189 Quod
460 2121 590 2177 nimirum
605 2123 762 2179 nullatenus
785 2121 844 2180 lieri
859 2131 963 2193 posset,
1015 2120 1086 2176 sicut
1099 2135 1142 2187 ea,
1158 2135 1220 2191 quae
1233 2118 1316 2176 Pater
1338 2118 1420 2189 iecit,
1435 2124 1531 2178 eadem
1544 2119 1631 2176 Filius
1644 2118 1710 2176 iacit
1722 2118 1805 2175 simi·

175 2212 309 2269 sinotum
329 2211 445 2269 inlerior
460 2214 613 2285 superioris
625 2216 754 2271 virtutem
769 2230 825 2271 nou
840 2214 965 2286 accepis·
1015 2215 1087 2284 liter,
1113 2215 1152 2271 ita
1170 2214 1243 2273 sicut
1255 2215 1361 2271 habens
1384 2215 1469 2271 ritam
1485 2214 1577 2282 Pater,
1596 2214 1638 2271 sic
1654 2222 1681 2270 et
1700 2213 1806 2271 baben·

175 2313 219 2362 set
230 2306 257 2362 in
272 2304 395 2364 Christo.
412 2306 491 2365 Unde
505 2309 570 2365 item
590 2308 710 2367 Hilarius
724 2311 758 2366 de
770 2309 883 2383 synodis
901 2309 963 2365 uit:
1014 2307 1077 2363 dam
1090 2306 1161 2365 Filio
1181 2305 1256 2364 dedit
1278 2305 1375 2363 ritum.
1400 2305 1606 2365 condemnetur
1632 2322 1699 2379 ergo
1713 2307 1807 2379 impie

178 2397 675 2474 rconservaturdignitas-Divinitati,
687 2411 717 2460 ut
732 2400 966 2474 insequenter-
1014 2398 1194 2471 professionis
1217 2400 1367 2464 temeritas,
1390 2414 1451 2471 quae
1465 2399 1576 2456 virtutis
1596 2399 1806 2461 similitudinem

174 2491 242 2547 bum
259 2506 326 2548 curo
340 2491 444 2548 lactum
455 2501 507 2561 est,
522 2502 554 2550 ut
566 2509 632 2551 curo
647 2494 738 2566 potius
758 2494 812 2551 boc
832 2495 966 2567 inciperet
1014 2491 1147 2549 conlitens
1163 2490 1417 2548 dissimilitudinem
1431 2505 1500 2547 ausu
1525 2489 1563 2546 sit
1580 2492 1729 2562 predicere
1755 2506 1806 2547 nas

173 2598 246 2651 esse,
275 2583 349 2654 quod
363 2581 493 2641 Verbum.
518 2585 648 2658 Alioquin
668 2587 740 2643 unde
754 2587 831 2643 carni
845 2587 873 2643 iu
896 2603 965 2659 ope-
1016 2592 1096 2652 turae,
1111 2599 1175 2641 cum
1189 2583 1349 2656 principalis
1364 2584 1422 2656 spei
1447 2593 1550 2640 nostre
1563 2582 1630 2640 ides
1647 2584 1684 2640 sit
1698 2582 1807 2639 indide-

173 2674 252 2731 ribus
266 2675 392 2743 uirtutes,
404 2675 432 2731 in
454 2684 548 2732 monte
561 2677 687 2748 gloriam,
704 2678 732 2733 iu
752 2678 964 2749 cogitationibus
1015 2687 1119 2733 rentem
1131 2679 1160 2734 in
1172 2675 1254 2735 Patre
1266 2687 1294 2735 et
1303 2676 1372 2735 Filio
1381 2676 1534 2735 divinitatis
1544 2677 1726 2734 substantiam
1738 2691 1807 2733 cons

173 2767 357 2823 burnanorum
369 2768 490 2823 cordium
502 2768 655 2834 scientiam,
676 2770 703 2824 in
718 2756 846 2840 passione
863 2770 965 2827 securi·
1015 2768 1095 2826 llteri.
1118 2787 1128 2822 τ
1292 2806 1336 2831 aas
1366 2773 1448 2835 <sessi

173 2865 269 2926 tatem,
286 2859 313 2915 in
333 2860 560 2916 morteritamli
578 2860 650 2917 lderu
682 2861 752 2917 libro
768 2862 911 2917 undecimo
927 2862 966 2917 lle
1049 2861 1125 2918 Dicta
1156 2862 1214 2919 base
1238 2871 1303 2919 sunt
1327 2862 1461 2919 adversus
1491 2862 1621 2930 Arianos,
1650 2858 1721 2916 Filio
1754 2857 1805 2916 Dei

174 2947 331 3007 Trinitate:
350 2970 359 3003 τ
379 2948 442 3009 ilaec
454 2951 582 3009 humanae
606 2952 783 3009 beatitudinis
807 2954 874 3010 tides
900 2968 965 3009 reru
1015 2957 1097 3015 etiam
1110 2956 1261 3016 secundum
1275 2956 1446 3029 superiorem
1458 2957 1545 3030 ipsius
1555 2956 1704 3013 essentiam
1720 2955 1806 3012 deue-

174 3050 226 3106 est,
243 3041 330 3097 ileum
345 3051 373 3098 et
395 3042 543 3113 praedicare
563 3043 695 3112 Verbum,
711 3054 738 3101 et
750 3061 861 3101 earnem
876 3045 964 3102 conli-
1017 3061 1111 3124 gentes
1125 3051 1307 3123 equalitatem
1321 3060 1348 3107 et
1356 3051 1562 3109 similitudinem
1573 3050 1672 3106 divinae
1687 3057 1804 3116 natura,

174 3134 237 3202 teri,
252 3148 341 3204 neque
367 3132 453 3191 Deum
477 3136 594 3203 nescire,
618 3136 692 3208 quod
714 3138 798 3193 homo
814 3138 860 3206 sit,
875 3154 965 3209 neque
1015 3157 1079 3198 cum
1091 3140 1243 3198 faterentur
1261 3141 1285 3198 ei
1299 3141 1506 3198 similitudinem
1519 3142 1630 3197 virtutis
1645 3155 1716 3198 esse.
1731 3138 1806 3196 Con-

173 3229 286 3281 earnem
313 3226 452 3298 ignorare,
477 3229 552 3300 quod
578 3227 698 3285 Verbum
716 3231 761 3286 sit.
791 3230 859 3286 Cum
871 3240 964 3288 autem
1015 3241 1058 3289 tra
1072 3233 1123 3288 hos
1138 3231 1167 3287 in
1180 3232 1287 3305 synodo
1301 3233 1475 3305 congregatis
1486 3232 1669 3288 orientalibus
1692 3231 1805 3302 episeo-

174 3327 271 3375 centra
292 3328 418 3377 naturum
442 3337 541 3379 seusus
561 3323 650 3379 nostri
670 3322 743 3380 Deus
753 3340 867 3380 mouens
883 3326 966 3381 bomo
1016 3326 1060 3397 pis
1077 3325 1141 3384 data
1164 3334 1207 3383 est
1220 3327 1277 3383 lime
1287 3326 1420 3384 sententia
1437 3345 1444 3382 :
1466 3345 1475 3379 τ
1493 3325 1602 3398 Siquis
1622 3326 1650 3380 in
1665 3324 1736 3380 Filio
1749 3323 1806 3380 Pu·

173 3412 309 3481 uaseitur,
319 3413 376 3484 jam
397 3429 452 3470 non
471 3422 513 3471 est
526 3422 623 3471 eontra
638 3423 765 3472 naturam
780 3417 838 3486 spei
853 3427 963 3485 nostre,
1016 3417 1065 3474 tris
1079 3417 1285 3474 similitudinem
1296 3418 1445 3475 seeundum
1459 3418 1605 3475 essentiam
1619 3416 1728 3489 quidem
1744 3418 1807 3487 ipso

174 3510 207 3559 ut
218 3513 300 3561 nutus
315 3505 400 3564 homo
411 3504 484 3563 [leus
501 3514 622 3574 maneat,
636 3521 698 3562 cum
714 3507 803 3577 potior
818 3515 916 3564 nature
935 3507 965 3563 in
1015 3507 1086 3565 Filio
1098 3508 1236 3565 revelante
1246 3525 1294 3581 per
1308 3508 1366 3566 lraec
1380 3525 1442 3581 que
1453 3508 1520 3565 dicit
1533 3526 1540 3563 ε
1553 3506 1629 3564 Sicut
1640 3509 1710 3563 enim
1720 3507 1807 3564 Peter

174 3596 333 3658 inlerlorenr
343 3607 407 3654 nata
419 3598 499 3654 ilderu
511 3607 631 3671 prestet,
656 3598 815 3656 inferiorem
838 3611 965 3659 naturam
1016 3601 1094 3657 liutet
1108 3602 1229 3660 uitomin
1244 3602 1392 3672 semetipso,
1421 3601 1460 3656 ric
1488 3599 1561 3656 dedit
1576 3610 1602 3657 et
1625 3599 1699 3658 Filio
1719 3601 1806 3655 uitem

173 3692 203 3747 in
216 3700 343 3747 naturam
357 3705 439 3763 posse
464 3692 539 3748 nasci
568 3693 740 3763 potiorem.»
773 3691 846 3749 idem
869 3694 897 3749 iu
916 3708 965 3750 eo-
1016 3693 1110 3750 ledere
1121 3694 1149 3748 in
1160 3693 1310 3765 semetipso,
1326 3693 1405 3766 juxta
1421 3693 1570 3750 efficacium
1591 3702 1682 3749 autem
1697 3708 1745 3763 per
1758 3708 1803 3759 ea,

173 3783 261 3840 dem:
279 3800 290 3836 τ
311 3782 340 3839 ld
359 3784 435 3839 euim
446 3783 553 3842 homiui
566 3784 771 3856 acquirebatur,
797 3783 966 3843 utileuses·
1016 3802 1078 3859 quse
1089 3787 1169 3843 docet
1187 3804 1194 3842 :
1210 3786 1275 3853 Quo
1286 3788 1356 3842 enim
1375 3787 1457 3841 Peter
1471 3786 1545 3857 lucit,
1567 3788 1659 3841 eedem
1673 3794 1699 3841 et
1714 3783 1805 3840 Filius

173 3885 226 3942 set,
250 3876 299 3933 sed
322 3892 433 3934 manere
459 3877 487 3933 iu
512 3876 561 3934 bei
587 3878 693 3934 unitate
717 3888 875 3949 assumptus
889 3879 965 3935 nullo
1016 3879 1228 3951 secluduntur,
1245 3878 1332 3935 solam
1346 3877 1497 3936 secuudum
1513 3876 1804 3935 ellieuciamsimilitu-

174 3970 258 4027 modo
272 3970 442 4042 poteratuisi
457 3986 505 4042 per
519 3971 650 4027 unitatem
663 3969 711 4027 liei
725 3972 753 4027 in
771 3973 903 4028 unitatem
917 3971 964 4029 Dei
1016 3971 1107 4029 dinem
1125 3971 1258 4040 condens,
1288 3971 1367 4042 juxta
1382 3971 1531 4027 essentiam
1559 3984 1637 4039 vero,
1664 3969 1739 4041 quod
1761 3978 1806 4028 est

175 4061 310 4119 naturalis
334 4063 472 4132 eraderet,
497 4071 529 4118 ut
543 4079 593 4134 per
617 4064 680 4130 hoe,
712 4065 785 4134 quod
805 4065 833 4119 ln
862 4074 963 4121 nutura
1015 4061 1277 4135 principalissimum
1291 4061 1354 4119 lldei
1369 4070 1480 4128 nostrae,
1493 4060 1593 4116 Filium
1606 4059 1804 4131 iraudetquasi

175 4156 323 4215 eratlleus
337 4156 469 4224 Verbum,
493 4155 613 4213 Verbum
638 4173 748 4228 quoque
775 4174 839 4215 caro
861 4159 965 4217 luctum
1016 4157 1192 4225 semetipsum
1217 4153 1349 4212 iruudous
1377 4153 1557 4226 cognitione»
1577 4161 1715 4226 perpetum
1728 4151 1803 4222 ritae,

175 4266 288 4307 rursum
300 4250 328 4306 in
344 4260 442 4308 natura
453 4248 501 4306 [lei
515 4250 625 4317 inesset,
641 4260 723 4322 atque
739 4251 777 4308 ita
789 4253 871 4309 homo
884 4253 965 4312 lesus
1015 4257 1077 4320 (111ae
1091 4255 1133 4304 esi
1149 4248 1176 4303 ln
1190 4245 1271 4303 Patre
1284 4258 1311 4302 et
1323 4246 1409 4313 Filio,
1427 4246 1572 4303 anathema
1586 4247 1632 4302 sil·
1648 4244 1724 4302 1¹²ss⁰
1736 4260 1804 4318 syn·

176 4434 247 4490 riam
271 4432 354 4489 Verbi
372 4449 437 4490 earo
454 4443 527 4490 esset
546 4436 635 4504 unita,
660 4436 816 4509 rediretque
840 4447 907 4497 tune
933 4442 963 4507 in
979 4448 1005 4509 ρ)
1019 4450 1082 4508 quac
1097 4434 1224 4506 superius
1239 4433 1392 4507 posuimus,
1408 4434 1477 4490 nibil
1492 4442 1607 4506 tangens
1624 4431 1658 4491 de
1672 4430 1804 4506 mysterio

176 4534 283 4582 nuturae
302 4532 422 4596 paterne
440 4527 523 4582 etiam
546 4529 698 4586 seeundum
719 4530 859 4588 bominem
874 4533 964 4592 unite·
1016 4529 1222 4597 incarnationis,
1235 4527 1277 4584 rel
1284 4528 1318 4585 de
1329 4527 1449 4583 bumana
1457 4527 1518 4583 Filii
1527 4526 1574 4584 bei
1583 4536 1691 4595 natura,
1703 4540 1763 4598 quae
1772 4525 1802 4580 iu

174 4627 231 4673 tent
246 4616 365 4673 Verbum
379 4634 444 4674 earo
457 4617 570 4689 luctum,
592 4636 655 4678 eum
672 4622 786 4695 glorium
805 4622 885 4680 Verbi
899 4641 966 4682 caro
1015 4620 1762 4693 superioribusejusdictis,jamsuper-iuspraemissis,et
1772 4618 1802 4676 iu

176 4719 318 4782 assumpta
337 4712 481 4770 tenuisset.
1014 4713 1109 4771 multis
1119 4715 1297 4785 argumentis,
1310 4714 1370 4787 ejus
1384 4714 1462 4771 libris
1473 4713 1512 4772 [le
1524 4713 1658 4776 Trinitete
1672 4712 1801 4782 insertis,

200 4797 260 4861 'llis
286 4801 381 4861 llilarii
403 4806 485 4864 dietis
514 4815 593 4865 ceute
614 4811 734 4881 pensatis
756 4821 869 4883 apparet
890 4814 965 4883 quod
1004 4799 1051 4864 ita
1062 4810 1214 4865 ostenditur
1228 4810 1387 4884 gloriiicatu,
1399 4821 1491 4867 utnon
1503 4812 1539 4868 sit
1549 4811 1622 4870 aliud
1632 4810 1692 4882 ejus
1700 4808 1800 4881 gloria,

176 4889 242 4951 alibi
253 4895 321 4952 dicit
343 4916 351 4953 ε
374 4897 561 4956 rlnieriorem
586 4909 714 4984 naturum
730 4902 880 4975 superioris
904 4920 966 4961 ase
1014 4924 1096 4980 qnam
1111 4910 1201 4968 rietus
1224 4920 1251 4967 et
1272 4911 1391 4970 essentia
1407 4911 1510 4968 divina.
1536 4910 1614 4968 Sicut
1635 4910 1709 4968 enim
1729 4908 1803 4968 Deus

175 4988 348 5061 90¹³⁰fl³l⁰0
372 4999 479 5047 ssim
504 4991 632 5050 uirtutem
648 5009 703 5049 ¹¹⁰⁰
724 4995 866 5068 &meluit
888 5016 898 5047 ’
924 4997 966 5053 ⁸10
1015 5009 1096 5068 Pater
1106 5013 1189 5069 habet
1203 5014 1288 5072 vitam
1301 5005 1340 5074 'in
1358 5013 1518 5088 semetipso,
1541 5014 1583 5071 sic
1596 5013 1672 5071 dedit
1690 5020 1718 5069 et
1730 5010 1803 5070 Filio

175 5079 396 5153 intelligendum,
413 5092 443 5139 ut
460 5084 609 5155 premissis
619 5085 679 5157 ejus
696 5087 859 5146 testimoniis
869 5087 903 5144 de
916 5104 965 5144 na·
1014 5111 1098 5170 ,pam
1114 5114 1215 5171 habere
1235 5115 1263 5171 in
1283 5115 1430 5188 semetipso
1451 5125 1480 5172 et
1494 5116 1553 5189 ipse
1567 5115 1655 5174 pilius
1668 5131 1723 5173 un,
1737 5127 1802 5174 cum

176 5185 239 5232 tura
261 5177 402 5232 etvirtute
423 5176 591 5245 Divinitatis,
619 5194 704 5250 quam
732 5179 965 5240 irrlerioerristi
1014 5215 1181 5275 pmdedu
1205 5220 1272 5275 ,mi
1384 5157 1538 5277 512⁹th
1594 5220 1600 5234 ·
1674 5220 1738 5276 meu

175 5277 275 5324 natura
289 5268 412 5339 plenarie
425 5280 572 5326 consecuta
585 5280 638 5339 est,
658 5273 763 5330 nonsit
782 5275 962 5330 contrarium.
1014 5233 1071 5377 ΒΣΗ
1083 5328 1175 5376 umen
1187 5235 1584 5391 gemessavsiexngcipz
1593 5235 1680 5377 'sinze‘
1696 5235 1802 5386 baffi

176 5360 383 5420 Pertraetemus
395 5379 472 5432 nuuc,
483 5365 549 5421 illud
562 5366 622 5438 eius
637 5366 798 5438 capitulum,
819 5367 892 5439 quod
914 5382 965 5423 no-
1033 5424 1040 5436 ,
1130 5424 1166 5438 ..
1287 5424 1294 5438 ,
1417 5426 1423 5439 ,

176 5451 221 5508 bis
243 5452 373 5524 objicitur
402 5456 481 5527 quasi
503 5466 604 5514 nostre
619 5458 760 5514 sententie
783 5459 963 5526 contrarium,
1014 5433 1099 5480 '¹¹³⁰‘
1114 5424 1168 5481 ⁸¹h¹
1182 5424 1274 5481 dmm
1286 5439 1315 5481 ¹¹¹
1328 5434 1488 5497 “minimi
1514 5427 1598 5485 babet
1611 5443 1627 5488 r
1641 5427 1799 5498 semetipso.

177 5541 235 5598 imo
248 5554 276 5598 et
290 5547 377 5615 ipsius
399 5546 494 5604 Hilarii
510 5548 659 5620 premissis
669 5549 760 5613 dietis,
784 5559 815 5605 ut
840 5560 962 5621 putatur,
1014 5523 1138 5581 ffiflffl'
1154 5525 1227 5596 (ΝΜ
1252 5541 1455 5620 mmmm
1470 5541 1521 5600 ΡΝ)
1546 5527 1639 5584 muli
1654 5527 1709 5583 '¹⁸²
1731 5525 1801 5585 ‘²⁸⁶‘

178 5629 292 5687 minime
305 5649 467 5693 consonum.
481 5637 554 5694 llicit
564 5638 673 5693 inlibro
691 5638 728 5694 [te
740 5637 964 5710 Synodistllon·
1014 5629 1507 5702 lssfdfflmvlllllmsilffmddmb
1523 5631 1601 5687 ’ΝΜ
1616 5631 1699 5688 illam
1721 5642 1801 5687 Μ·
1893 5697 1899 5708 ,

178 5716 249 5779 elusi
264 5721 384 5782 heretici
401 5725 604 5802 scripturarum
620 5731 828 5789 auctoritatibus
847 5731 985 5816 hoeso3
1013 5749 1087 5803 nom,
1098 5735 1137 5790 uit
1149 5735 1206 5808 ipsc
1222 5733 1339 5796 Veritus.
1352 5733 1429 5794 Unde
1444 5736 1564 5812 synodus
1580 5731 1716 5810 Ephesius
1733 5748 1798 5798 cer·
