3817 6000
206 224 277 287 itit
692 222 847 281 ebulliret
865 221 1061 282 enmeostrt
1080 222 1353 283 hundensheim.
1765 224 1847 283 lm

206 342 244 399 sit
266 341 326 413 ipse
340 338 449 398 bonini
464 340 508 399 sui
527 338 655 410 specialis
682 335 813 407 lemnius,
825 337 870 395 illo
892 337 940 409 qui
953 346 996 395 est
1009 345 1032 403 Α
1047 355 1103 396 non
1119 355 1217 410 pauca,
1229 341 1274 396 sed
1284 340 1370 397 malta
1390 341 1417 396 in
1437 341 1626 412 corporalibus
1642 351 1669 399 et
1682 341 1843 412 spirituali·

205 434 388 492 eommrmiter
416 432 541 488 omnium
562 429 708 496 Dominus,
725 439 769 487 εει
794 429 920 501 specialis
938 428 994 485 Do-
1046 432 1107 488 bus.
1124 431 1177 499 Oui
1191 431 1342 488 detonans
1354 432 1381 487 in
1397 433 1560 503 spectaculis
1581 434 1698 489 miratur
1711 433 1842 503 insign

207 527 302 584 minus
323 527 383 597 ejus
408 526 456 597 qui
479 534 507 582 et
530 524 558 580 in
584 522 722 593 Propheta
744 523 813 579 dicit
833 524 860 580 ei
877 521 995 579 :Seruus
1045 522 1188 579 hominum
1205 522 1323 585 fabricas
1338 522 1490 595 elaurigas
1506 532 1533 580 ει
1547 524 1735 591 funambulos,
1752 524 1842 578 miro

205 634 280 674 meus
308 635 336 675 es
365 629 406 686 tu,
422 616 519 684 lsrael,
543 618 607 689 quia
622 617 651 671 in
675 624 699 671 te
719 615 890 687 plurificabor
913 615 993 687 (lea.
1046 626 1091 670 tur
1112 616 1204 687 potius
1219 615 1281 672 coeli
1300 623 1424 672 acterrae
1438 616 1591 672 mirabilem
1614 614 1762 672 lubricam.
1783 612 1843 681 Qui

204 726 280 777 serv,
301 709 369 780 2ll3
389 712 454 767 item
478 728 485 765 :
513 709 579 765 Noli
605 712 706 774 timere,
729 726 801 766 serre
820 726 892 764 amns
909 707 994 764 laceb
1045 709 1161 764 miratur
1175 710 1310 781 aurigam,
1326 723 1413 781 equos
1425 700 1579 765 ineamoet
1591 707 1674 764 irena
1682 716 1841 779 regentum

205 802 297 876 (ilia,
308 801 348 873 Ξ).
363 801 427 859 ltem
440 801 624 873 llapnamribi
635 814 675 858 est
685 803 886 858 uomrisersmn
896 818 993 857 meum.
1045 800 1138 871 potius
1159 801 1275 856 miretur
1289 801 1429 857 bominem
1450 802 1645 869 continentem,
1658 799 1771 871 sibique
1793 800 1841 855 in·

206 895 305 952 Deatus
319 896 447 967 ergoair,
470 895 516 964 qui
532 903 574 951 est
589 895 627 951 ita
647 894 734 951 tidelis
755 902 782 951 et
802 892 927 965 specialis
941 893 996 950 Do-
1045 892 1105 949 sitae
1120 892 1240 949 libidinis
1252 893 1345 950 rusios
1366 900 1395 948 et
1415 908 1548 950 emoneos
1569 893 1689 963 impetus
1702 893 1776 948 bene
1790 907 1841 948 re-

206 990 273 1045 mini
287 989 410 1045 omnium
425 1004 530 1054 seruus,
545 998 575 1044 ut
590 989 627 1045 sit
638 989 696 1060 ipse
710 988 750 1043 illi
765 988 890 1059 specialis
901 987 996 1044 Dorm-
1045 990 1165 1054 gentem,
1177 990 1205 1037 et
1215 983 1387 1040 cohibentem
1401 982 1436 1039 ad
1449 983 1585 1039 castitatis
1598 990 1749 1055 angustum
1762 981 1841 1037 lini-

206 1099 271 1148 nns,
282 1090 311 1138 et
322 1091 387 1137 tuuc
398 1090 472 1136 reete
487 1079 620 1137 Dominus
630 1081 700 1152 eius,
720 1081 762 1136 vel
776 1096 875 1137 nomen
886 1079 995 1137 Domini
1045 1082 1111 1131 tem.
1126 1074 1179 1142 Qut
1193 1075 1310 1131 miratur
1320 1074 1524 1143 funambulum,
1538 1075 1630 1146 potius
1652 1074 1770 1130 miretur
1780 1073 1839 1129 Pe·

206 1174 263 1245 eius
278 1182 321 1230 est
331 1173 430 1229 liducia
443 1182 470 1229 ει
484 1187 547 1243 spes
559 1173 627 1243 ejus.
1046 1177 1118 1225 tmm
1133 1170 1347 1226 mariambulum
1364 1170 1392 1226 in
1404 1171 1494 1242 signo,
1507 1177 1536 1225 et
1556 1185 1607 1226 uos
1619 1183 1674 1224 uns
1694 1182 1760 1223 cam
1776 1167 1839 1238 ipso

241 1267 351 1323 Aliter:
375 1266 479 1321 Nomen
502 1265 611 1321 Domini
637 1265 762 1323 Salvator
782 1273 835 1333 cst,
857 1274 885 1321 et
908 1261 993 1322 ideo:
1045 1261 1073 1317 in
1088 1275 1118 1317 re
1131 1260 1268 1316 calcantes
1288 1260 1338 1315 boc
1359 1276 1433 1315 snare
1446 1276 1582 1331 maantam·
1601 1267 1686 1315 totum
1708 1257 1840 1314 viduli&

206 1357 305 1413 Densus
328 1358 369 1412 air
391 1357 466 1428 cujus
488 1367 527 1412 est
542 1368 635 1413 nornen
657 1358 764 1413 Domini
783 1373 841 1428 spes
854 1357 922 1427 eius,
946 1357 995 1429 qui
1045 1353 1137 1411 saeemi
1149 1353 1233 1424 hujus
1245 1352 1349 1408 buxum
1363 1350 1664 1422 procellosum,iuquo
1676 1348 1840 1421 sautrepti-

207 1465 262 1506 aon
277 1449 381 1520 aliquid
396 1449 545 1520 temporale
558 1459 650 1520 operm
664 1465 680 1505 a
696 1449 832 1517 Domino,
841 1449 887 1506 sed
903 1449 994 1519 ipsum
1045 1446 1122 1513 bilia,
1134 1461 1246 1518 qaorum
1256 1453 1357 1500 nonest
1370 1460 1495 1499 numersn
1507 1442 1595 1511 (Psal.
1610 1459 1668 1507 εει,
1681 1442 1743 1512 25).

206 1542 398 1598 tantummodo
421 1550 514 1614 sperat
536 1542 587 1597 sibi
603 1540 818 1607 dominaturum,
839 1555 923 1612 seque
936 1541 994 1597 sal-
1080 1535 1110 1591 ln
1125 1551 1159 1592 co
1178 1535 1251 1592 enim
1273 1544 1339 1591 sunt
1352 1534 1403 1590 ista
1419 1532 1540 1590 salubris
1555 1533 1609 1589 illis
1625 1533 1705 1588 ranis
1721 1532 1839 1587 mintri-

206 1644 334 1691 raturnm
353 1636 431 1705 juxta
455 1649 555 1691 nomen
571 1649 663 1701 suum,
676 1647 732 1704 quo
750 1632 850 1688 dicitur
871 1630 996 1688 Salvator
1045 1628 1115 1683 liora
1129 1627 1294 1698 spectacula,
1309 1626 1383 1697 quod
1399 1626 1444 1680 illa
1459 1624 1582 1681 studiose
1597 1624 1694 1679 didicit
1704 1624 1839 1679 bomoah

206 1728 331 1783 omnium
355 1728 511 1793 hominum,
526 1735 553 1783 et
566 1727 685 1783 manime
706 1724 840 1782 ridellum.
860 1722 939 1781 Unde
959 1724 995 1779 ab
1011 1697 1157 1777 Bbomine
1171 1738 1179 1777 z
1194 1719 1234 1775 Tu
1254 1729 1355 1783 autem,
1372 1718 1485 1774 Domine
1499 1716 1571 1772 Dens
1593 1732 1677 1782 mms,
1698 1715 1750 1787 qui
1770 1714 1839 1772 laea

206 1819 254 1875 illo
268 1819 327 1876 solo
342 1827 435 1889 sperat
450 1818 577 1884 salutem,
593 1817 649 1873 imo
660 1819 749 1887 ipsum
762 1816 815 1873 sibi
831 1824 923 1886 sperat
935 1814 995 1871 lore
1045 1811 1183 1867 mirabilia
1197 1826 1297 1883 magna
1312 1811 1399 1877 solus,
1411 1809 1518 1865 nullum
1530 1809 1615 1864 babes
1627 1807 1655 1863 in
1666 1807 1722 1863 boc
1736 1808 1839 1863 docto-

205 1912 323 1968 salutem
333 1911 380 1982 qui
390 1910 477 1967 dicit:
493 1907 573 1965 Salus
583 1909 674 1979 papuli
685 1925 734 1980 epo
748 1924 806 1963 sum
819 1906 906 1979 (Psal.
918 1923 997 1975 xxm,
1045 1920 1114 1972 rem,
1129 1904 1177 1960 sod
1189 1904 1217 1958 iu
1232 1902 1356 1959 consiliis
1371 1902 1405 1957 ab
1412 1910 1514 1959 aeterno
1528 1900 1678 1971 dispositis,
1693 1908 1719 1954 et
1734 1900 1839 1970 copim·

204 1998 246 2073 5).
259 2001 298 2065 lta
312 2017 377 2057 vero
390 2001 524 2058 Dominus
537 2009 564 2056 et
580 1999 707 2057 Salvator
716 2009 759 2057 est
770 2001 848 2055 llrma
859 2014 923 2070 spes
934 1998 995 2070 ejus
1046 1997 1161 2051 tionibus
1176 1995 1230 2050 tuis
1245 1993 1334 2051 iecisti
1348 1992 1393 2049 illa
1414 1991 1552 2048 mirabilia
1572 1990 1668 2057 mults,
1680 1990 1715 2046 dc
1732 1991 1840 2060 quibos

205 2091 234 2146 iu
248 2090 384 2159 laturum,
399 2092 423 2147 si
436 2099 583 2162 postquam
606 2107 655 2161 per
672 2089 863 2161 poenitentiam
879 2088 995 2145 eductus
1045 2088 1219 2162 cognoscitur
1242 2088 1314 2159 quod
1331 2105 1383 2143 non
1396 2098 1435 2144 est
1456 2087 1502 2157 qui
1522 2084 1618 2140 similis
1635 2086 1672 2140 sit
1687 2086 1738 2140 tibi
1753 2087 1837 2141 etism

204 2194 249 2241 est
262 2184 297 2241 de
311 2185 371 2241 lacu
386 2184 505 2241 miseriae
515 2194 543 2239 ει
555 2184 589 2239 (ιε
603 2183 662 2239 luto
682 2181 768 2250 iaecis,
785 2193 867 2253 atque
881 2196 930 2253 par
943 2182 996 2238 bo·
1046 2184 1074 2237 in
1086 2182 1302 2253 capitationibus,
1327 2180 1428 2236 nedum
1451 2179 1480 2235 in
1501 2177 1718 2249 operationibus.
1734 2177 1840 2233 Beatus

208 2291 273 2331 nam
288 2276 525 2333 eonversutionem
546 2284 696 2333 statutusa
720 2273 839 2332 Domino
860 2289 943 2345 super
965 2289 996 2331 εε
1046 2290 1115 2346 papa
1133 2273 1281 2345 Gregorius
1293 2267 1351 2343 (ubl
1363 2273 1393 2328 ln
1402 2270 1574 2342 expositione
1594 2268 1647 2325 lob
1665 2268 1740 2326 libro
1760 2279 1840 2325 sexto

210 2378 326 2441 petram,
341 2386 451 2427 carmen
466 2370 555 2427 laudis
566 2371 609 2426 vel
618 2368 820 2441 praedicationis
832 2371 860 2423 iu
871 2384 903 2425 os
917 2383 996 2424 acce·
1046 2366 1112 2422 dicit
1129 2363 1237 2420 :llulta
1251 2363 1338 2435 iecisti
1353 2374 1392 2429 tu,
1408 2361 1521 2416 Domine
1535 2361 1604 2416 Deus
1624 2377 1708 2428 meus,
1724 2360 1839 2415 musii·

208 2462 258 2533 pit,
276 2463 311 2520 ad
325 2463 434 2520 relictas
448 2463 596 2532 pravitates
612 2462 695 2534 pedes
709 2463 829 2519 directos
842 2477 897 2517 uon
914 2462 995 2518 relle-
1046 2457 1084 2512 lia
1098 2465 1155 2511 tus.
1171 2455 1237 2522 Quis
1251 2455 1438 2525 omnipotentis
1456 2453 1506 2508 Dei
1521 2452 1657 2507 mirabilia
1671 2452 1840 2523 maculari

206 2556 258 2624 sit,
286 2563 314 2612 et
325 2572 382 2613 non
393 2557 513 2627 respexit
525 2556 554 2612 in
576 2555 721 2623 sanitates,
737 2556 764 2612 id
777 2565 820 2613 est
833 2555 862 2611 in
876 2563 995 2623 terrena,
1046 2550 1168 2620 sufficiat,
1183 2547 1252 2619 quod
1272 2556 1369 2601 cuneta
1392 2560 1426 2601 eu
1441 2544 1525 2600 nihilo
1551 2546 1659 2611 creauit,
1684 2544 1757 2615 asad
1779 2545 1841 2614 ipss

205 2663 269 2721 aaa
282 2648 375 2705 amnis
390 2664 460 2705 rans
473 2656 548 2715 sunt,
561 2658 592 2704 m
605 2648 644 2704 air
658 2647 839 2706 Ecdniastes
855 2667 863 2703 ι
884 2647 995 2703 lastras
1047 2641 1140 2696 nundi
1151 2639 1256 2711 franca
1271 2639 1341 2693 mira
1353 2638 1479 2709 potentie
1491 2639 1587 2692 arran
1603 2637 1736 2708 aenan
1747 2646 1797 2701 aa,
1812 2646 1838 2691 n

203 2738 363 2809 entitatem,
373 2749 399 2796 et
409 2741 499 2796 omnia
510 2741 613 2796 amitas
629 2738 730 2807 (Eccle.
750 2757 769 2806 s,
783 2742 822 2810 i).
1046 2750 1125 2804 super
1148 2749 1212 2788 aera
1233 2732 1327 2787 coelum
1348 2729 1532 2801 supenditur,
1556 2736 1583 2783 et
1605 2745 1685 2799 super
1709 2728 1839 2798 abyssso

241 2830 305 2888 Nan
326 2834 440 2904 respexit
459 2833 542 2890 etiam
557 2833 586 2888 in
599 2833 719 2887 insanias
735 2832 831 2903 labos,
856 2831 885 2889 id
898 2832 996 2888 estlu·
1047 2823 1121 2880 terrai
1141 2825 1257 2880 libratam
1277 2823 1370 2896 :quod
1393 2840 1426 2879 ea
1451 2823 1526 2878 rebus
1550 2820 1728 2876 invisibilibus
1750 2821 1839 2875 omnis

204 2924 353 2991 dieras,rel
366 2925 513 2980 theatrales
527 2940 560 2981 ae
570 2924 706 2991 scenicas,
716 2924 744 2979 in
759 2939 878 2994 qaorum
889 2932 996 2994 specta·
1046 2918 1101 2973 buc
1115 2916 1276 2971 uninmsitm
1292 2914 1437 2971 visibilium
1449 2915 1551 2979 emittit,
1566 2912 1635 2984 quad
1648 2912 1783 2966 bominem
1796 2911 1838 2981 le·

204 3017 276 3073 culis
288 3025 331 3072 est
344 3016 456 3087 quidem
470 3016 577 3073 insania
590 3031 665 3085 uera,
681 3017 730 3074 sed
740 3016 776 3073 ob
789 3017 843 3072 hoc
863 3024 937 3072 reete
949 3015 1030 3107 dic
1047 3012 1093 3075 cll·
1106 3016 1136 3064 ιι
1148 3008 1187 3063 lli
1205 3009 1331 3077 dixerim,
1345 3008 1375 3062 ¹'b
1390 3008 1465 3063 ltere
1478 3006 1604 3078 collident
1622 3004 1752 3060 ’Μάνη
1767 3004 1838 3058 ‘lle-

204 3106 467 3179 eitursalsa,qaod,
479 3106 544 3187 dum
560 3108 777 3166 autsimilsntur
789 3107 903 3179 nuptiae,
915 3122 993 3163 ama·
1045 3118 1115 3168 nm,
1128 3100 1173 3156 ted
1186 3098 1450 3171 rationalem-‘quod
1472 3098 1541 3153 bunc
1562 3113 1595 3152 ex
1607 3098 1699 3152 anim
1715 3104 1744 3151 et
1759 3112 1840 3150 um

205 3200 338 3273 unaque
350 3202 456 3268 anaia,
473 3208 504 3256 ut
520 3202 547 3257 in
563 3201 718 3268 eomoediis,
730 3211 778 3257 aut
790 3215 892 3257 arnarae
905 3199 991 3256 histo·
1047 3196 1221 3261 constituens,
1232 3192 1413 3266 istaestipabili
1426 3193 1533 3246 uirtutis
1545 3191 1722 3262 dispositione
1734 3189 1838 3260 persei·

206 3294 265 3360 riae,
293 3299 324 3349 ut
345 3292 373 3348 in
398 3291 550 3363 narrantis,
574 3307 699 3364 persona
721 3291 843 3358 larvata,
864 3306 926 3363 quae
939 3290 996 3346 ilbc
1045 3289 1114 3342 scuit
1123 3287 1248 3358 spiritum
1258 3295 1283 3341 et
1294 3284 1391 3340 lutum.
1404 3283 1447 3340 lis
1459 3285 1502 3339 lais
1511 3285 1601 3354 itaque
1610 3281 1688 3337 aliud
1702 3282 1837 3348 annm,

205 3384 430 3451 introducuntur,
445 3399 499 3440 nou
514 3385 646 3440 boesunt
661 3383 735 3454 quod
748 3383 877 3439 dicuntur
893 3400 900 3437 :
917 3380 995 3438 verbi
1045 3387 1072 3434 et
1093 3377 1169 3432 aliud
1183 3393 1286 3442 sumus,
1301 3376 1348 3431 sed
1365 3386 1452 3431 tamen
1472 3375 1567 3430 nsirari
1589 3373 1759 3446 nantiniacus,
1773 3374 1839 3445 qais

207 3476 307 3547 pratia,
317 3474 366 3546 qui
378 3475 479 3532 dieitur
490 3475 547 3531 illic
562 3474 652 3532 Dauus
663 3484 712 3531 aut
725 3473 871 3541 Parmeno,
887 3482 996 3530 nonest
1045 3488 1077 3527 ea
1096 3485 1156 3542 aare
1178 3469 1405 3541 canprebrnsitilt
1423 3468 1596 3539 indapatione
1612 3467 1683 3522 rnna
1694 3475 1771 3534 sant,
1785 3468 1838 3520 lrs·

207 3566 281 3637 quod
294 3566 404 3632 dicitur,
420 3581 510 3637 neque
524 3564 609 3623 Thais
630 3565 761 3622 meretrix
776 3565 842 3630 illie,
855 3574 904 3620 aut
916 3563 995 3620 miles
1045 3564 1132 3617 manis
1147 3561 1232 3616 oeulis
1252 3576 1303 3615 usn
1324 3559 1466 3616 siluerunt.
1482 3558 1608 3629 braant,
1621 3567 1652 3612 ut
1671 3558 1697 3612 si
1715 3569 1839 3612 mortsss

208 3654 316 3713 Thraso
337 3672 401 3714 rere
421 3656 609 3723 nominantur,
634 3656 682 3712 sed
706 3656 799 3712 omnia
824 3655 853 3710 in
875 3653 996 3711 salsitate
1046 3655 1122 3710 borno
1136 3654 1288 3719 suadetur,
1303 3654 1331 3707 in
1352 3652 1530 3707 admiratione
1541 3667 1630 3707 omnes
1642 3650 1782 3706 exsiliant.
1801 3651 1841 3706 Et

151 3772 154 3778 ·
206 3754 336 3817 aguntur,
357 3746 414 3802 imo
428 3745 602 3803 simulantur.
626 3745 715 3802 Porro
728 3745 782 3801 ille
804 3755 869 3801 suut
881 3747 996 3800 omnino
1045 3748 1165 3821 qnotidie
1174 3747 1262 3814 hana,
1272 3748 1318 3819 qni
1333 3763 1385 3802 nan
1398 3755 1466 3813 erat,
1479 3747 1610 3814 nascitur,
1621 3755 1647 3801 et
1662 3762 1739 3800 mmo
1753 3747 1838 3800 nire-

207 3856 280 3897 rerae
302 3839 426 3908 insaniae,
441 3839 487 3896 ubi
503 3841 592 3911 turpia
613 3839 656 3895 uel
680 3837 800 3894 crudelia
817 3837 889 3893 serio
906 3851 995 3908 agun-
1050 3849 1105 3907 tur,
1118 3854 1179 3893 eum
1195 3837 1288 3910 procul
1304 3837 1385 3893 dubio
1398 3838 1518 3893 omnibns
1535 3845 1634 3892 constet
1650 3837 1713 3908 quin
1726 3837 1789 3906 ples
1800 3838 1838 3892 sis

207 3942 266 4004 tur,
279 3948 331 3989 nee
346 3948 472 4004 persorrae
494 3931 570 3989 lalsm
584 3931 807 3996 introducuntur,
827 3930 875 3985 sed
889 3927 995 3985 veraci·
1047 3920 1150 3986 creasse
1179 3930 1249 4003 quod
1275 3946 1327 3984 nan
1349 3938 1406 3985 erat
1425 3946 1506 4000 quam
1527 3945 1650 4000 reparare
1671 3930 1745 4000 quod
1766 3942 1836 3985 eras.

207 4029 254 4082 ter
266 4023 323 4079 illie
339 4023 454 4081 insania
466 4032 657 4094 perpetrantur
670 4021 837 4085 dominante,
853 4019 908 4074 imo
921 4018 997 4074 lusa·
1048 4023 1119 4090 Quia
1131 4022 1209 4077 arida
1223 4022 1314 4077 Aaron
1324 4022 1400 4092 uirpu
1422 4022 1515 4091 piamit
1535 4022 1624 4076 cuncti
1638 4022 1729 4075 mirati
1747 4033 1810 4076 sunt
1826 4039 1837 4076 .·

207 4115 300 4172 niente
314 4115 355 4171 irs
371 4115 398 4170 in
414 4115 481 4170 rixis
498 4130 531 4171 ac
552 4114 664 4186 pugnis,
687 4121 715 4168 et
734 4110 893 4168 lasciviente
911 4124 994 4181 prava
1048 4115 1176 4181 Quotidie
1189 4115 1219 4168 in
1231 4122 1364 4169 armoente
1382 4122 1453 4168 terra
1466 4113 1624 4185 producitur
1635 4113 1723 4182 arbor,
1736 4116 1837 4169 uirtu-

207 4207 321 4265 libidine
336 4208 365 4264 in
378 4208 485 4264 actibus
498 4205 578 4263 foedis
592 4215 619 4262 et
630 4204 789 4262 immundis.
802 4202 871 4258 Cum
883 4216 947 4272 erpo
960 4202 997 4257 sit
1047 4223 1098 4279 que
1111 4205 1227 4278 pulueris
1248 4206 1277 4258 in
1291 4204 1392 4276 lipnuns
1412 4204 1534 4271 uertitur,
1555 4213 1580 4258 et
1605 4220 1679 4258 nemo
1707 4205 1834 4261 mirmur.

207 4300 337 4356 nocivum
352 4298 436 4355 laissa
458 4311 569 4369 quoque
592 4295 715 4352 insanias
729 4293 895 4350 histrionum
908 4292 997 4363 respi-
1048 4295 1118 4362 Quia
1132 4295 1246 4368 quinque
1259 4303 1321 4349 sunt
1341 4295 1454 4365 panibus
1475 4294 1686 4365 quinquemillia
1699 4295 1835 4350 bammum

208 4407 280 4458 cere,
294 4401 397 4463 quanto
406 4391 493 4462 magis
503 4389 690 4460 perniciosum
699 4395 742 4445 εει
755 4401 845 4454 roras,
857 4394 905 4442 sut
918 4386 945 4442 in
957 4401 996 4455 se,
1011 4406 1036 4461 ῃ
1049 4389 1159 4456 satiata,
1174 4388 1285 4444 creuisse
1296 4403 1370 4442 escas
1381 4387 1409 4441 in
1418 4385 1540 4441 dentibus
1550 4386 1639 4440 sumti
1649 4387 1740 4441 mirati
1751 4399 1834 4443 sust:

209 4481 529 4554 acperserrisliauum
541 4479 679 4551 pertinere,
692 4487 741 4534 aut
751 4478 848 4535 inaliis
858 4480 997 4549 respirem,
1047 4480 1165 4553 quotidie
1178 4495 1272 4551 sparsa
1287 4496 1372 4551 pruna
1385 4479 1513 4535 seminum
1528 4478 1689 4549 plenitudine
1702 4481 1834 4550 multipli-

209 4573 238 4630 id
259 4582 302 4630 est
322 4573 432 4629 amaret
466 4570 581 4629 Ponitur
595 4572 668 4628 euim
681 4572 807 4641 respicere
820 4584 871 4640 pro
893 4585 996 4635 amare,
1048 4584 1143 4629 contar
1166 4574 1312 4644 spicarum,
1334 4581 1360 4627 et
1382 4586 1457 4628 neruo
1484 4570 1608 4625 miratur.
1630 4569 1733 4642 hasam
1754 4571 1834 4626 nnn

208 4664 273 4736 quia
287 4665 362 4736 quod
374 4674 494 4730 amatur,
508 4664 560 4721 boc
572 4663 728 4736 frequenter
740 4672 768 4721 ει
790 4663 907 4719 libenter
921 4664 998 4734 aspi·
1023 4736 1027 4742 ἡ
1048 4668 1107 4722 aino
1121 4676 1297 4737 permutatam
1311 4666 1427 4721 uidentes
1450 4665 1539 4719 suncti
1555 4664 1647 4718 mirati
1665 4672 1725 4719 sunt
1741 4679 1833 4735 :aaa

211 4758 294 4814 citur.
307 4755 385 4813 Unde
397 4755 460 4828 jure
475 4757 566 4812 beatus
585 4754 750 4827 predicatur
766 4757 825 4827 qui,
840 4754 954 4811 eduelm
964 4755 998 4810 de
1049 4758 1114 4814 tidie
1129 4745 1225 4813 bumo'r
1238 4767 1316 4813 terrie
1326 4759 1355 4811 irr
1368 4755 1486 4811 radicem
1498 4754 1559 4809 uitis
1573 4762 1704 4809 attractus
1725 4769 1774 4824 per
1786 4755 1833 4808 bo·

209 4847 272 4904 hou
286 4846 405 4908 miseria
413 4854 545 4916 stansque
556 4861 641 4917 supra
652 4854 768 4916 petram,
781 4855 808 4902 et
818 4860 929 4902 carmen
941 4844 997 4900 Doo
1049 4861 1120 4905 tran
1134 4851 1163 4905 in
1179 4851 1268 4905 ainans
1278 4849 1398 4915 entitur,
1412 4857 1437 4903 st
1459 4862 1534 4902 nerse
1550 4844 1673 4900 miratur.
1695 4843 1769 4899 llirs
1783 4847 1835 4901 iss·

208 4955 322 5009 canens,
338 4937 454 4996 minime
468 4940 581 5009 respexit
594 4940 636 4994 rol
654 4938 749 4995 dilexit
767 4939 888 4994 insanias
901 4937 998 5007 salsas,
1048 4963 1098 5020 qu
1108 4953 1169 5001 euna
1182 4945 1282 5009 amnia,
1293 4958 1352 5014 qna
1363 4942 1458 4996 mirari
1469 4940 1605 5012 neplipsnt
1627 4940 1756 5005 lomim,
1772 4940 1834 5011 asia

208 5050 280 5106 quas
291 5033 340 5106 qui
352 5032 419 5102 odit,
432 5032 510 5088 illum
525 5041 633 5089 constat
646 5032 733 5104 magis
747 5032 838 5088 odisse
852 5046 942 5087 ueras.
963 5028 999 5085 Ut
1048 5040 1084 5095 aa
1099 5036 1331 5102 commeandum,
1345 5043 1375 5088 aa
1388 5033 1573 5105 prediximus,
1586 5050 1636 5088 uss
1656 5041 1817 5102 ωφιειιιι.

209 5135 302 5184 summ
315 5125 439 5184 eonsueti
452 5125 480 5180 in
494 5123 656 5196 spectaculis
670 5141 724 5182 non
736 5124 878 5196 priventur
892 5131 998 5194 speeta-
1083 5129 1149 5185 laem
1162 5130 1192 5184 in
1211 5128 1283 5183 libro
1304 5124 1435 5182 uicesimo
1449 5124 1545 5196 quinto
1568 5123 1626 5195 llll)
1640 5141 1647 5177 :
1659 5121 1835 5188 annuntiari,

208 5220 291 5288 culis,
312 5220 370 5278 imo
390 5235 456 5276 rera
469 5229 498 5276 et
514 5218 636 5275 salubria
660 5218 825 5290 spectacula,
847 5218 872 5275 si
891 5217 997 5284 rolant,
1047 5232 1073 5279 ei
1087 5222 1190 5278 lacerus
1211 5235 1280 5286 sum,
1303 5217 1475 5288 multiplicati
1496 5224 1558 5271 sant
1581 5231 1660 5286 super
1684 5231 1834 5269 nenena.

208 5312 329 5371 habeant
344 5329 395 5385 pro
406 5314 485 5372 uanis
497 5323 526 5370 et
538 5313 652 5379 nantis,
1053 5313 1167 5369 Vacante
1180 5310 1293 5367 Domino
1302 5324 1381 5379 super
1393 5324 1532 5364 nummus
1540 5306 1754 5379 multiplicantur
1770 5306 1837 5376 fids·

197 5423 203 5470 ι
244 5402 328 5462 Vens.
342 5405 370 5461 b.
385 5405 474 5460 llulta
487 5406 574 5476 fecisti
587 5414 627 5470 tu,
640 5404 752 5459 Domine
768 5400 999 5468 Deusmeus,rni·
1048 5408 1096 5474 lea,
1110 5402 1302 5477 quinctianum
1315 5401 1350 5457 ad
1365 5400 1573 5471 fidemneniam
1586 5400 1631 5470 qni
1644 5398 1678 5452 ad
1691 5397 1837 5453 electuense

211 5496 309 5553 rubilia
320 5506 377 5552 tua.
391 5497 414 5552 0
427 5497 536 5553 Domine
548 5497 616 5552 Deus
628 5513 710 5565 meus,
724 5504 753 5551 tu
764 5495 851 5565 fecisti
862 5493 998 5550 mirabilia
1048 5510 1186 5555 numerum
1210 5510 1261 5549 nan
1284 5494 1446 5566 pertineant.
1466 5491 1536 5549 llina
1556 5492 1626 5548 enim
1648 5488 1772 5562 fidelibus
1788 5504 1839 5562 pse

248 5665 305 5738 lli)
319 5668 347 5725 S.
363 5669 443 5742 Greg.
455 5669 538 5743 blaa,
554 5670 601 5728 lib.
614 5687 641 5729 u
654 5670 763 5743 norm,
777 5683 837 5743 cap.
853 5668 898 5727 15.
1084 5669 1141 5741 itt)
1155 5667 1223 5743 Cap.
1240 5666 1267 5724 8.
