3817 6000
317 202 423 257 867

1287 200 1592 260 Gssnnom
1631 198 2023 279 PRAEPostrt
2059 197 2610 257 nElanRSPERG.

3469 200 3581 257 863

315 317 677 387 evangelistas
727 331 855 372 cum
899 315 1097 388 pennis
1152 316 1413 372 virtutum
1452 326 1596 373 recte
1623 315 1892 383 volantes,
1922 324 1974 381 Α
2005 313 2214 371 Sensus
2232 315 2531 386 propbetiae
2565 314 2721 386 prius
2747 316 2980 384 velatus,
3005 332 3103 388 per
3130 315 3458 373 evidentiam
3483 334 3574 374 re·

314 425 362 461 rt
394 409 667 477 :sissimus-it
711 429 815 461 ruff,

394 497 630 569 l'r'nfffsnrn
663 501 1059 565 nnsisifsfirfirit,
1079 507 1129 553 et
1150 497 1483 554 conturbavit
1512 513 1621 554 eos.
1651 496 1701 551 F
1704 496 1894 569 alqura

318 593 707 645 ιιὶὶΐαιτιΙΙιἹΓηιιι
755 591 1142 659 ιιιιιὲΗΡὶἓιἫνὶΙ,
1173 600 1229 646 et
1251 591 1584 645 conturbavit
1619 606 1729 657 008,
1754 589 1896 646 Sicut

322 685 374 737 in
402 693 482 737 mn
514 685 739 737 limium.
771 684 1239 749 Qut-nnnlmodum
1275 699 1511 755 namque
1558 694 1737 740 castra
1776 682 1893 738 Ma-

318 777 446 830 dian
478 777 799 830 minurlmia.
839 789 963 830 sunt
1007 776 1427 831 coruscantibus
1464 775 1808 847 lampadibus
1837 776 1894 830 in

322 870 570 922 inanibus
602 878 987 929 11·m=.1··nn·rnni‚
1019 864 1296 938 quierant
1319 881 1443 920 eum
1477 864 1728 920 Gedeone
1754 864 1894 921 duce

322 962 558 1014 lilim-um
610 962 767 1014 lsrael
811 958 1011 1018 [sudis.
1055 973 1149 1024 vn,
1184 956 1316 1029 20:
1366 958 1446 1014 sic
1473 967 1527 1013 et
1565 959 1737 1014 multo
1777 974 1895 1013 am-

322 1054 462 1122 plius
490 1062 667 1106 nmis-:1
703 1054 991 1122 linguarum
1023 1050 1260 1106 turbavit
1285 1051 1541 1107 Christus
1577 1052 1891 1117 virtutibuS,

318 1162 374 1198 vt
410 1146 684 1216 prodigiis.
716 1158 875 1214 :nqm-
907 1146 1075 1214 5ignis
1118 1144 1449 1199 micantibus
1479 1144 1533 1198 in
1560 1145 1890 1214 operationi-

316 1238 422 1291 bus
442 1250 657 1303 eurum,
676 1238 771 1305 qui
796 1242 926 1290 sunt
949 1234 1254 1306 consignati
1281 1251 1376 1305 per
1399 1236 1559 1291 fidem
1585 1235 1891 1305 Trinitatis,

316 1343 441 1399 quae
470 1335 688 1382 notatur
720 1326 776 1381 in
813 1327 1070 1382 trecentis
1089 1368 1106 1394 ,
1136 1325 1220 1381 vel
1260 1342 1358 1398 per
1392 1327 1732 1400 signaculum
1762 1345 1892 1384 cru-

316 1418 398 1475 cis
419 1460 436 1487 ,
464 1434 588 1490 quae
614 1419 742 1474 item
773 1427 993 1474 notatur
1017 1418 1073 1473 in
1097 1420 1376 1476 trecentis.
1412 1418 1547 1475 Nam
1578 1421 1722 1478 sicut
1748 1419 1892 1491 apud

316 1527 421 1569 nos
450 1511 495 1565 V
518 1512 698 1568 littera
736 1509 1065 1583 quinque,X
1095 1511 1273 1567 littera
1319 1512 1527 1579 decem,
1556 1512 1619 1568 C.
1650 1522 1890 1580 centum,

314 1602 334 1655 l
364 1603 542 1657 littera
571 1618 739 1657 unum
766 1603 1038 1674 significat
1066 1621 1080 1657 :
1115 1602 1197 1659 sic
1227 1602 1370 1673 apud
1418 1602 1673 1660 llebraeos
1710 1619 1804 1675 per
1827 1604 1893 1659 n·-

316 1709 512 1765 guram
549 1704 643 1750 tau
666 1693 878 1761 littcrae,
921 1710 1045 1765 quae
1080 1695 1224 1765 apud
1253 1711 1354 1751 nos
1377 1694 1421 1749 Τ
1442 1696 1636 1752 litterae
1656 1695 1890 1754 sormam

313 1788 554 1855 obtinet,
585 1787 811 1844 trecenti
855 1787 1254 1859 significantur,
1285 1796 1339 1844 et
1368 1788 1539 1859 ligura
1571 1789 1751 1845 crucis
1789 1805 1890 1846 ex-

310 1877 585 1948 primitur.
634 1876 778 1947 Ergo
809 1876 1062 1933 Christus
1105 1892 1270 1935 verus
1305 1878 1477 1934 Dauid
1513 1880 1736 1950 sagittas
1764 1897 1891 1938 snae

313 1969 370 2022 in
397 1969 650 2039 pharetra
680 1984 793 2025 suae
814 1969 1309 2039 praedestinationis
1334 1969 1688 2026 absconditas
1717 1972 1889 2038 misit,

312 2061 367 2116 id
389 2071 473 2116 est
504 2062 654 2117 misit
684 2061 737 2115 in
768 2062 1034 2117 mundum
1069 2061 1389 2118 universum
1424 2072 1614 2119 contra
1667 2064 1888 2136 impios,

308 2161 361 2207 et
392 2152 669 2224 dissipavit
698 2169 805 2209 eos.
861 2151 1106 2226 Fulana
1140 2153 1306 2210 etiam
1358 2154 1644 2227 signorum
1675 2171 1772 2227 per
1822 2158 1888 2211 li-

309 2245 435 2301 dem
463 2243 767 2313 Trinitatis,
807 2254 862 2302 et
884 2261 979 2317 per
1003 2245 1222 2317 signum
1254 2255 1457 2302 sanetae
1489 2248 1674 2305 crucis
1704 2248 1889 2302 mutti-

307 2337 524 2407 plicavit
564 2347 617 2392 et
654 2338 983 2393 conturbavit
1037 2355 1144 2394 eos.
1177 2339 1316 2395 Cum
1341 2340 1486 2395 enim
1508 2342 1732 2413 sagittas
1769 2342 1889 2399 illas

308 2429 599 2495 emitteret,
623 2429 770 2487 dedit
794 2430 875 2487 eis
901 2440 1224 2503 potestatem
1268 2447 1434 2503 super
1474 2432 1658 2489 omnia
1686 2432 1891 2489 daemo-

309 2524 425 2592 nia,
452 2534 508 2580 et
534 2532 595 2579 ut
617 2523 914 2596 languores
942 2532 1220 2590 curarent,
1243 2525 1432 2581 dicens
1463 2525 1571 2581 illis
1601 2545 1613 2581 :
1638 2525 1889 2585 Inlirmos

307 2624 518 2684 curate,
552 2626 800 2672 mortuos
834 2616 1114 2681 suscitate,
1157 2618 1436 2675 daemones
1477 2618 1675 2689 ejicite.
1702 2618 1832 2675 Item
1869 2635 1882 2671 :

314 2725 335 2759 ι
374 2707 530 2780 signa
556 2749 573 2776 ,
612 2728 631 2761 ι
684 2708 886 2780 inquit,
919 2728 938 2761 ι
972 2724 1089 2775 eus,
1121 2710 1216 2781 qui
1269 2711 1600 2768 crediderint
1634 2713 1750 2769 haec
1801 2728 1890 2769 se-

310 2811 548 2871 quentur
573 2821 587 2857 ε
617 2801 677 2858 Ιιι
712 2804 933 2859 nomine
954 2818 1077 2860 meo
1112 2801 1391 2859 Daemonia
1421 2803 1661 2875 ejicient,
1685 2805 1888 2877 linguis

308 2895 604 2966 loquentur
628 2895 803 2962 noviS,
833 2905 1115 2967 serpentes
1150 2894 1361 2962 tollent,
1393 2896 1512 2952 etsi
1542 2895 1886 2953 mortiferum

308 2985 440 3061 quid
461 2987 717 3054 biberint,
753 3004 861 3044 non
889 2988 970 3045 eis
1004 2987 1223 3044 nocebit
1249 3007 1264 3056 ;
1292 3004 1459 3059 super
1485 3005 1661 3062 aegros
1689 3005 1887 3048 manus
1913 3014 1957 3076 c

307 3081 610 3153 imponent,
649 3090 705 3136 et
748 3080 887 3137 bene
928 3080 1224 3137 habebunt.
1254 3079 1334 3136 llli
1361 3095 1544 3138 autem
1574 3102 1593 3135 ι
1625 3083 1773 3138 velut
1798 3100 1888 3138 sa-

307 3174 458 3244 9ittoe
476 3175 743 3241 volantes,
772 3172 917 3229 velut
937 3173 1109 3230 liastae
1137 3173 1476 3246 fulgurantes
1505 3174 1690 3232 divina
1718 3191 1883 3232 manu

307 3266 575 3338 dirigente
603 3284 624 3318 ι
679 3265 907 3338 profecti
954 3266 1388 3337 praedicaverunt
1420 3266 1624 3339 ubique
1654 3266 1886 3325 Domino

306 3367 655 3430 cooperante,
683 3367 740 3414 et
777 3373 1087 3431 sermonem
1131 3358 1490 3415 conflrmante
1531 3359 1886 3430 sequentibus

307 3451 484 3523 signis
514 3450 711 3521 (Marc.
748 3465 858 3515 xvi,
889 3449 979 3517 17,
1014 3449 1102 3517 18,
1131 3449 1247 3520 20).
1285 3470 1304 3504 ι

376 3541 545 3598 Vens.
583 3540 670 3598 ¹6.
692 3541 1065 3613 Apparuertmt
1089 3543 1260 3613 [orites
1283 3559 1545 3616 aquarum
1573 3541 1882 3600 salientium

308 3635 364 3691 in
412 3635 583 3690 vitam
634 3644 892 3691 aeternam
912 3675 929 3702 ,
978 3649 1118 3706 quas
1161 3650 1336 3706 aquas
1378 3635 1483 3706 ipsi
1535 3635 1767 3707 apastoli
1816 3636 1885 3692 de

305 3741 525 3782 summo
561 3725 711 3781 fonte
738 3724 958 3781 Christo
979 3726 1226 3783 bibentes
1251 3726 1538 3783 audierant
1563 3745 1577 3783 ε
1613 3744 1632 3779 ι
1668 3725 1773 3794 Qui
1801 3727 1884 3783 bi·

305 3817 446 3874 berit
481 3838 500 3871 ι
538 3833 760 3888 aquam,
784 3832 950 3889 quam
977 3833 1079 3888 ego
1107 3817 1178 3875 do
1211 3836 1224 3874 :
1276 3836 1295 3869 ι
1334 3835 1441 3895 non
1470 3818 1621 3875 sitiet
1645 3818 1699 3873 in
1727 3827 1885 3875 aeter-

305 3923 462 3975 num,
505 3908 600 3963 sed
627 3922 790 3979 aqua,
830 3923 996 3980 quam
1028 3923 1130 3980 ego
1160 3908 1303 3965 dabo
1332 3908 1404 3976 ei,
1437 3909 1528 3966 liet
1557 3909 1611 3963 in
1649 3923 1716 3965 eo
1761 3909 1884 3966 fotis

305 4015 462 4071 aquae
479 3999 723 4055 salientis
743 3999 797 4054 in
812 3999 977 4054 vitam
995 4008 1251 4056 aetcrnam
1268 3998 1451 4072 (Ioan.
1477 4016 1553 4066 tv,
1583 4000 1647 4055 15
1659 4000 1833 4068 etii).
1856 4020 1875 4053 ι

305 4091 497 4147 Adbuc
525 4091 582 4146 in
616 4106 781 4147 carne
803 4100 1056 4146 manente
1082 4090 1304 4147 Christo
1332 4091 1608 4147 latuerunt
1641 4091 1731 4148 isti
1759 4092 1879 4163 [on-

306 4195 381 4239 tes
421 4200 702 4256 aquarum,
732 4184 827 4240 sed
853 4199 919 4240 eo
945 4183 1002 4238 in
1047 4182 1244 4239 coelum
1274 4184 1535 4251 exaltato,
1580 4193 1636 4239 et
1672 4182 1880 4256 Spiritu

304 4286 496 4332 sancto
534 4293 698 4349 super
727 4275 1005 4349 apostolos
1034 4276 1229 4342 effuso,
1264 4276 1482 4348 illisque
1528 4277 1880 4348 loquentibus

1998 421 2120 460 rum
2143 414 2229 462 est
2251 406 2539 467 revelatus.
2562 406 2697 463 ltem
2720 407 2777 463 in
2800 404 3065 464 electione
3098 407 3317 465 Mathia:
3340 412 3577 482 apostoli

1997 498 2051 553 in
2100 497 2281 554 locum
2306 498 2460 555 Judae
2508 508 2771 570 apostatae
2811 519 2825 554 :
2871 519 2891 553 ι
2948 500 3224 573 Scriptum
3264 511 3370 569 est,
3409 523 3428 556 ι
3473 505 3576 570 ait,

2000 608 2021 641 ι
2057 591 2112 647 in
2138 591 2279 648 libro
2305 590 2649 649 Psalmorum
2682 612 2698 650 z
2730 592 2852 651 Fiat
2876 596 3242 651 commoratio
3267 612 3461 653 eorum
3485 599 3577 656 de·

1995 695 2161 754 serta,
2186 698 2239 742 et
2267 703 2376 744 non
2408 687 2500 757 sit,
2532 688 2627 760 qui
2659 688 2863 745 habitet
2885 689 2943 744 in
2976 704 3041 745 ea
3061 730 3077 756 ,
3110 697 3166 744 et
3196 690 3574 762 episcopatum

1994 774 2113 845 ejus
2133 777 2364 848 accipiat
2393 778 2536 834 alius
2578 778 2720 852 (Act.
2756 795 2796 845 t,
2825 778 2941 851 ΩΟ).
2981 798 3002 832 ι
3034 780 3176 836 Cum
3212 781 3295 838 sic
3333 783 3576 855 prophe-

1995 868 2175 921 tarum
2200 867 2345 924 dicta
2390 867 2548 926 l'actis
2594 867 2975 925 conferrentur
3023 870 3082 926 in
3123 871 3234 938 his,
3262 888 3385 945 quae
3421 889 3574 932 com·

1994 967 2296 1014 memorata
2330 969 2479 1028 sunt,
2492 969 2556 1031 et
2577 960 2629 1015 in
2653 961 2779 1017 aliis
2808 961 3014 1028 multis,
3038 971 3162 1018 tunc
3192 966 3426 1022 revetata
3445 977 3574 1024 sunt

1994 1049 2337 1119 fundamenta
2364 1051 2505 1107 orbis
2547 1062 2828 1109 terrarum.

2065 1183 2276 1242 Etenim
2299 1186 2355 1242 in
2379 1187 2681 1259 primordio
2710 1191 2989 1247 nascentis
3015 1190 3274 1250 Ecclesiae
3303 1204 3431 1250 ante
3458 1195 3576 1267 ple·

1995 1280 2206 1335 nariam
2237 1282 2622 1338 revelationem
2670 1280 2900 1339 istorum
2930 1282 3411 1342 fundamentorum
3446 1287 3574 1358 plu·

1994 1384 2083 1425 res
2111 1368 2282 1426 Judaei
2311 1375 2729 1443 contenderunt,
2755 1375 2899 1447 quod
2930 1375 3239 1447 judaeorum
3266 1376 3412 1434 Deus
3450 1389 3573 1433 tan-

1995 1468 2131 1517 tum.
2157 1461 2368 1530 Quibus
2392 1466 2471 1521 ait
2497 1464 2701 1524 Paulus
2729 1469 3009 1539 apostolus
3036 1487 3050 1524 :
3084 1486 3103 1521 ι
3130 1468 3213 1524 Αιι
3255 1468 3573 1527 Judaeorum

1996 1554 2139 1611 Deus
2169 1557 2421 1612 tantum?
2453 1556 2646 1615 Nonne
2686 1569 2743 1616 et
2770 1561 3053 1633 gentium?
3087 1560 3198 1616 imo
3229 1570 3283 1617 et
3325 1564 3571 1634 gentium

1924 1669 1967 1725 B
1996 1648 2170 1721 (Rom.
2202 1666 2284 1715 ιιι,
2320 1650 2434 1721 29).
2471 1671 2490 1704 ι
2535 1650 2639 1707 Sed
2682 1653 2807 1725 quis
2840 1652 3155 1709 «ludaeorum
3196 1658 3436 1726 gentium
3477 1672 3571 1712 sa·

1996 1741 2094 1796 luti
2120 1742 2474 1798 invidentium
2506 1743 2636 1799 illud
2665 1744 3046 1812 concessisset,
3079 1743 3126 1801 si
3152 1761 3248 1816 per
3268 1746 3414 1802 dicta
3446 1762 3574 1818 pro-

1992 1831 2277 1901 phetarum
2328 1833 2529 1890 Paulus
2568 1834 2673 1889 boc
2718 1850 2825 1889 non
2886 1835 3216 1906 probasset?
3261 1836 3353 1893 Ait
3396 1852 3570 1910 ergo:

1998 1944 2018 1978 ι
2050 1924 2184 1983 Dico
2207 1928 2351 1983 enim
2384 1926 2664 1983 Christum
2690 1926 2875 1984 Jesum
2909 1930 3222 1986 ministrum
3261 1929 3431 1987 fuisse
3458 1933 3572 1987 cir·

1992 2018 2346 2075 cumcisionis
2373 2032 2596 2091 propter
2625 2020 2905 2076 veritatem
2941 2020 3035 2076 Dei
3066 2022 3133 2076 ad
3160 2023 3570 2079 confirmandas

1991 2112 2388 2181 promissiones
2429 2122 2677 2182 patrum;
2707 2121 2895 2185 gentes
2931 2123 3113 2170 autem
3153 2128 3319 2184 super
3346 2115 3567 2170 miseri·-

1992 2201 2235 2258 cordiam
2259 2203 2528 2257 bonorare
2553 2200 2748 2269 Deum,
2773 2203 2916 2259 sicut
2937 2203 3203 2274 scriptum
3223 2212 3308 2260 est
3338 2222 3351 2258 ε
3385 2202 3568 2260 Lacta-

1991 2293 2126 2348 mini
2155 2302 2341 2365 gentes
2362 2308 2483 2348 cum
2510 2294 2665 2364 plebe
2689 2294 2829 2365 ejus.
2866 2316 2885 2348 ι
2914 2292 2983 2351 Ει
3004 2295 3201 2352 iterum
3232 2315 3245 2352 :
3276 2316 3297 2349 ι
3323 2295 3571 2354 Laudato

1991 2401 2182 2442 omnes
2204 2394 2391 2455 gentes
2421 2384 2736 2452 Dominum,
2760 2396 2817 2442 et
2856 2388 3204 2459 magnificent
3225 2403 3350 2445 eum
3376 2404 3570 2445 omnes

1993 2477 2200 2548 populi.
2240 2497 2259 2530 ι
2326 2476 2391 2533 Ει
2448 2493 2669 2534 rursum
2734 2476 2903 2536 lsaias
2964 2481 3040 2535 ait
3087 2499 3102 2534 z
3140 2501 3180 2530 οι
3223 2479 3341 2537 Erit
3413 2483 3568 2538 radix

1990 2570 2143 2629 vlesse
2168 2581 2223 2628 et
2272 2572 2367 2643 qui
2405 2580 2662 2644 exsurget
2704 2587 2889 2645 regere
2919 2583 3138 2646 gentes,
3176 2575 3233 2631 in
3258 2590 3405 2632 *eum
3434 2592 3569 2648 gen-

1992 2673 2075 2719 tes
2134 2664 2432 2735 sperabunt
2469 2663 2645 2736 (Rom.
2684 2682 2772 2732 xv,
2802 2666 2982 2737 8-12).
3031 2687 3052 2721 ι
3106 2666 3243 2724 Cum
3288 2669 3453 2742 igitur
3489 2682 3567 2725 ta·

1990 2757 2134 2811 libus
2178 2756 2564 2827 prophetarum
2608 2757 2881 2815 vaticiniis
2932 2762 3288 2818 concordaret
3340 2760 3567 2818 effeetus

1991 2845 2237 2901 veritatis
2274 2846 2329 2900 in
2358 2847 2717 2903 conversione
2757 2849 2997 2920 gentium
3026 2849 3095 2905 ad
3128 2852 3290 2909 unius
3320 2852 3415 2908 Dei
3447 2855 3567 2908 cul-

1989 2946 2128 3006 tum,
2158 2937 2363 3010 liquido
2405 2939 3003 3013 agnoscebatur,.quod
3049 2941 3291 3000 Ecclesia
3336 2946 3404 3002 de
3449 2955 3570 3002 toto

1992 3037 2257 3085 uit-rarum
2311 3029 2443 3086 orbe
2491 3029 2795 3101 colligenda
2850 3043 2997 3090 esset
3048 3044 3213 3107 atque
3284 3036 3562 3095 fundanda

1993 3140 2012 3173 ι
2047 3137 2213 3193 supra
2261 3120 2613 3180 fundamenta
2660 3123 3033 3196 apostolorum
3081 3137 3136 3184 et
3175 3129 3563 3202 prophetarum

1989 3215 2109 3288 ipso
2143 3232 2361 3273 summo
2396 3218 2645 3290 angulari
2690 3218 2869 3290 lapide
2907 3218 3131 3279 Christo
3162 3221 3293 3280 Jesu
3343 3223 3563 3298 (Epltes.

1988 3321 2051 3374 ιι,
2084 3306 2195 3379 10).
2232 3325 2252 3360 ι
2294 3306 2387 3364 Sic
2425 3309 2657 3365 revetata
2683 3320 2808 3365 sant
2850 3311 3200 3381 [armamenta
3227 3315 3370 3373 orbis
3396 3327 3567 3374 terra·

1986 3414 2125 3454 rum.

2055 3536 2134 3591 Ab
2182 3536 2536 3608 increpatione
2585 3547 2680 3593 tua
2703 3579 2721 3606 ,
2777 3537 3033 3607 Domine,
3075 3554 3174 3611 pet·
3232 3555 3330 3597 ora
3367 3543 3565 3616 praedi-

1985 3627 2230 3685 cantium
2261 3630 2652 3701 apostolorum.
2700 3628 2768 3685 Et
2794 3631 2924 3702 quia
2954 3629 3157 3690 frustra
3180 3633 3424 3692 doctoris
3452 3635 3564 3691 lin-

1985 3736 2091 3794 gua
2117 3722 2347 3790 laborat,
2378 3721 2485 3779 nisi
2511 3722 2656 3778 adsit
2686 3720 2943 3793 Spiritus,
2968 3725 3064 3796 qui
3087 3725 3179 3781 ubi
3207 3726 3347 3794 vult,
3368 3727 3567 3799 spirat,

1984 3812 2214 3870 revelata
2239 3822 2362 3868 sunt
2387 3814 2573 3881 etiam,
2602 3813 2666 3869 ab
2696 3815 3047 3885 inspiratione
3063 3818 3285 3888 spiritns
3307 3820 3402 3876 iroe
3425 3829 3559 3886 tuae;

1985 3904 2271 3974 quoniam,
2299 3919 2426 3961 cum
2457 3903 2643 3976 lingua
2692 3904 2932 3961 doctoris
2973 3906 3214 3964 exterius
3248 3907 3568 3980 increpante

1982 3997 2314 4068 operabatur
2341 3997 2673 4054 intrinsecus
2700 4013 2798 4067 per
2818 3997 3047 4070 gratiam
3073 4000 3293 4070 spiritus
3320 4001 3418 4057 ira:
3455 4010 3562 4056 tnoe

1982 4089 2319 4146 audientium
2351 4090 2513 4146 corda
2568 4088 2906 4146 humiliando
2950 4091 3019 4147 ad
3049 4092 3324 4158 timorem,
3354 4093 3448 4165 qui
3477 4101 3564 4149 est

1982 4182 2198 4238 initium
2225 4183 2526 4254 sapientiae,
2548 4198 2613 4240 ac
2634 4185 2881 4242 nascitur
2907 4199 2975 4241 ex
2994 4184 3435 4242 consideratione
3465 4187 3561 4242 iroe

1983 4282 2109 4339 taoe,
2129 4288 2237 4344 qua
2266 4273 2556 4344 injudicio
2583 4275 2842 4332 irasceris
2863 4275 2965 4342 ei8‚
3006 4276 3101 4347 qui
3123 4276 3390 4333 resistunt
3418 4278 3562 4333 veri-

305 4368 575 4437 magnalia
604 4366 699 4422 Dei
733 4376 1091 4438 apparuerunt
1115 4367 1285 4438 sontes
1312 4384 1574 4438 aquarum
1604 4367 1659 4423 in
1695 4369 1878 4424 cordi-
1909 4365 1957 4421 D
1986 4362 2102 4418 tati.
2129 4362 2265 4419 Nam
2287 4378 2353 4419 ex
2378 4378 2490 4435 quo
2517 4364 2717 4436 aliquis
2737 4365 2952 4422 veritati
2982 4365 3217 4423 scienter
3237 4366 3461 4433 resistit,
3491 4382 3559 4421 ex

305 4458 410 4514 bus
435 4457 770 4514 credentium
789 4501 805 4525 ,
851 4467 1213 4530 apparuerant
1246 4463 1411 4514 etlam
1441 4457 1543 4513 rivi
1564 4459 1881 4515 earumdem

305 4565 565 4621 aquarum
607 4547 661 4603 in
690 4563 786 4604 ore
813 4548 1153 4619 loquentium
1185 4548 1418 4605 diversis
1443 4548 1732 4621 generibus
1777 4548 1882 4604 lin-

305 4655 556 4712 guarum.

377 4731 447 4787 Et
476 4733 703 4788 revelata
737 4742 860 4788 sunt
905 4732 1254 4805 fundamenta
1306 4734 1448 4789 orbis
1494 4744 1778 4800 terrarum,
1825 4734 1879 4789 id

304 4835 409 4893 est,
441 4826 642 4897 scripta
668 4827 1080 4897 prophetarum,
1106 4839 1271 4898 super
1299 4843 1536 4900 quorum
1569 4826 1730 4884 tidem
1756 4828 1881 4883 fun-

306 4920 468 4976 datur
496 4920 636 4975 orbis
667 4931 953 4988 terraram,
984 4920 1038 4978 id
1060 4931 1144 4978 cst
1192 4920 1432 4978 Ecclesia
1469 4929 1585 4976 toto
1617 4930 1879 4976 terrarum

308 5015 442 5071 orbe
469 5013 686 5071 diffusa.
716 5013 812 5070 llla
843 5015 1189 5087 fundamenta
1214 5015 1368 5086 prius
1404 5015 1600 5081 velata,
1633 5022 1689 5071 et
1716 5014 1880 5071 nimis

307 5109 578 5166 occultata
608 5124 704 5181 per
742 5109 1021 5180 apostolos
1051 5107 1277 5163 revelata
1301 5117 1448 5175 sunt,
1473 5106 1627 5180 ,verbi
1663 5107 1834 5178 gratia
1863 5123 1877 5162 ε

306 5213 433 5274 post
474 5202 795 5261 effusionem
870 5202 1043 5259 sancti
1096 5201 1332 5274 Spiritus
1401 5201 1617 5258 dicente
1668 5199 1830 5257 Petro
1862 5219 1876 5254 :

314 5314 333 5347 ι
362 5294 482 5351 Non
511 5294 657 5351 enim
689 5295 832 5352 sicut
855 5311 952 5353 vos
981 5296 1288 5362 aestimatis,
1318 5295 1374 5351 bi
1403 5294 1541 5351 ebrii
1573 5303 1723 5361 sunt,
1752 5310 1876 5351 cum

306 5383 381 5441 sit
411 5384 545 5440 bora
574 5385 681 5442 diei
713 5384 871 5441 tertia
903 5402 916 5439 :
953 5384 1048 5440 sed
1077 5384 1182 5440 hoc
1207 5392 1290 5441 est
1319 5403 1338 5436 ι
1389 5382 1635 5450 verbum,
1681 5403 1700 5436 ι
1733 5384 1880 5456 quod

309 5476 518 5530 dictum
547 5485 633 5532 est
676 5492 773 5549 per
811 5476 1014 5534 Joelem
1061 5476 1383 5548 proplietam
1425 5495 1440 5531 ε
1477 5476 1764 5533 Effundam
1813 5477 1881 5534 de

312 5565 518 5632 Spiritu
566 5583 689 5624 meo
735 5584 899 5640 super
935 5584 1151 5624 omnem
1199 5582 1456 5636 carnem,
1491 5578 1546 5624 et
1585 5570 1880 5640 propbeta-

311 5655 449 5712 bunt
475 5658 572 5714 mii
596 5661 764 5717 vestri
803 5671 857 5718 et
901 5663 1024 5719 filiae
1057 5672 1251 5719 vestrae
1288 5660 1439 5733 (Act.
1482 5678 1545 5732 n,
1588 5662 1796 5734 ¹547).
1851 5680 1871 5715 ι

1985 4463 2118 4512 tunc
2153 4455 2234 4511 ira
2264 4464 2377 4511 tua.
2408 4455 2533 4512 Ideo
2574 4456 2638 4511 ab
2671 4459 3019 4530 inspiratione
3051 4461 3275 4527 spiritus
3296 4463 3394 4518 iroe
3418 4472 3558 4527 taoe,

1982 4547 2201 4618 spiritus
2229 4547 2480 4605 videlicet
2520 4549 2757 4618 timoris,
2789 4565 2899 4622 quo
2928 4551 3149 4607 timetur
3180 4552 3261 4608 ira
3296 4561 3410 4619 tua,
3434 4569 3558 4608 cre-

1982 4640 2167 4696 dibilia
2220 4639 2365 4697 sacta
2402 4650 2533 4698 sunt
2559 4642 2948 4715 prophetarum
2998 4645 3222 4702 oracula
3259 4647 3326 4703 de
3368 4655 3562 4702 sancta

1983 4733 2226 4790 Ecclesia
2252 4750 2370 4805 per
2406 4735 2597 4791 orbem
2640 4735 2941 4804 dilatanda,
2970 4745 3024 4792 et
3061 4737 3145 4793 sic
3171 4737 3401 4793 revetata
3432 4748 3559 4791 sant

1984 4826 2330 4897 [armamenta
2350 4828 2491 4884 orbis
2524 4840 2788 4884 terrarum
2816 4844 2912 4901 per
2947 4828 3212 4900 Spiritum
3237 4838 3413 4886 tuum.

2052 4919 2279 4990 Propter
2301 4920 2447 4991 quod
2482 4935 2585 4992 ego
2614 4919 2857 4977 Ecclesia
2886 4921 2953 4977 de
2978 4920 3204 4987 Judaeis,
3226 4931 3281 4977 et
3300 4921 3560 4993 gentibus

1982 5013 2206 5070 collecta
2237 5014 2442 5086 gratias
2479 5028 2584 5086 ago
2613 5014 2687 5081 ei,
2732 5014 2826 5086 qui
2862 5015 3008 5071 bunc
3056 5013 3318 5086 Spiritum
3353 5017 3561 5086 promi-

1982 5105 2054 5161 sit
2102 5114 2156 5161 et
2203 5105 2371 5161 misit.
2402 5104 2538 5161 Nam
2580 5106 2746 5177 paulo
2774 5116 3066 5179 antequam
3094 5109 3414 5166 ascenderet
3468 5109 3559 5164 bic

1981 5213 2116 5269 puer
2149 5196 2365 5253 Domini
2389 5196 2581 5265 David,
2605 5198 2695 5255 cui
2722 5199 3029 5255 attitulatur
3067 5199 3157 5256 liic
3176 5200 3441 5271 psalmus,
3468 5200 3557 5256 di-

1982 5291 2059 5345 xit
2085 5289 2368 5361 discipulis
2409 5291 2527 5346 suis
2557 5309 2572 5346 :
2608 5308 2628 5342 ι
2665 5290 2957 5362 Accipietis
2984 5291 3241 5349 virtutem
3293 5307 3557 5365 superve-

1981 5383 2182 5440 nientis
2211 5383 2449 5454 Spiritus
2490 5383 2668 5440 sancti
2700 5384 2755 5439 in
2784 5400 2908 5451 vos,
2949 5385 3185 5443 eteritis
3218 5385 3353 5442 mibi
3390 5389 3555 5441 testes

1981 5477 2036 5532 in
2062 5475 2389 5542 Jerusalem,
2410 5485 2466 5532 et
2494 5475 2550 5531 in
2590 5477 2739 5533 omni
2766 5476 2974 5546 Judaea,
3004 5493 3058 5537 et
3089 5477 3340 5535 Samaria
3378 5492 3557 5549 nsque

1978 5569 2046 5626 ad
2073 5569 2323 5625 ultimum
2351 5577 2530 5626 terroe.
2556 5569 2623 5628 Et
2648 5587 2773 5629 cum
2805 5573 2921 5628 bare
2959 5572 3214 5639 dixisset,
3240 5572 3559 5628 videntibus

1981 5660 2085 5717 illis
2115 5661 2357 5718 elevatus
2408 5670 2492 5719 est
2538 5662 2679 5734 (Act.
2720 5680 2760 5732 1,
2789 5663 2900 5722 8et
2924 5664 3001 5735 9).
3054 5682 3074 5717 ι
3117 5663 3348 5721 Dextera
3389 5664 3555 5736 igitur
