3817 6000
193 248 270 335 ,tlte
516 265 519 272 ·
680 249 832 308 Gettttottt
851 245 1046 308 compositi
1066 251 1340 310 uerendusestttt.
1757 249 1834 310 tlte

193 354 347 431 iirretrrrdum
359 364 480 419 debitore
490 364 586 435 fratres
600 367 813 431 lateranensem
826 367 1136 441 urrguentumdmodus
1164 370 1237 426 illius
1262 367 1470 424 benedictionis.
1493 366 1550 424 lloc
1576 368 1657 423 modo
1687 367 1744 423 tiri
1774 385 1833 439 egn

192 461 229 526 ‚in
246 457 341 528 eapite,
355 461 424 529 qued
440 458 573 513 aescendit
586 460 613 512 in
626 458 746 529 derbem,
764 461 872 517 barbam
885 464 987 530 Aaron,
1038 459 1123 517 David
1144 479 1151 517 ε
1174 460 1208 516 ln
1231 460 1356 516 Ecclesiis
1382 460 1532 515 benedicam
1548 470 1583 525 ιε,
1609 460 1727 515 Domine.
1747 458 1833 527 Quod

192 549 270 619 ‘qnod
280 549 414 604 deseendit
430 549 458 603 in
470 567 544 605 orem
555 552 701 606 vestimenti
711 554 768 624 ejus
781 554 867 625 (orat.
882 571 987 621 exrxn,
1037 556 1116 621 rori,
1144 556 1270 625 persolvo
1294 562 1321 608 te
1347 552 1493 608 Dominum
1518 552 1696 618 benedicens,
1721 566 1755 607 ae
1783 550 1814 606 di

192 635 228 709 Jl,
242 642 282 712 Ξ).
298 640 350 698 llbi
365 642 439 699 enirn
453 644 614 712 resurrexit,
628 647 685 716 ipsa
702 647 747 704 die
760 657 837 704 stans
851 649 879 703 in
896 649 989 704 medio
1038 663 1103 704 cens
1122 666 1129 701 :

200 734 536 804 discipulorumsuornm,
557 735 706 808 dicensque
731 757 738 793 :
760 736 821 793 Pae
841 740 923 804 soto,
946 742 989 795 in·
1073 740 1202 795 Dominus
1223 739 1387 793 illuminatio
1401 754 1470 804 uren,
1484 748 1508 793 et
1527 738 1599 793 enlm
1620 754 1687 802 ιιιει,
1700 753 1777 809 quem
1794 737 1831 790 ti·

200 827 324 898 snllleeit,
352 836 389 892 et,
421 827 551 898 recipite,
578 829 684 900 inquit,
711 829 840 900 Spiritum
866 817 989 889 adactum
1038 832 1133 888 melo?
1149 831 1178 887 ln
1193 831 1301 887 duobus
1316 831 1396 886 malis
1408 837 1668 901 preoccupaverunt
1680 844 1724 883 me
1736 827 1831 899 laquei

200 918 293 986 (laert.
308 937 356 988 n,
367 920 425 990 22).
438 919 472 975 Et
482 923 656 991 postmodum
681 923 780 979 sedens
794 923 925 982 adextris
940 924 988 981 Dei
1038 923 1135 979 mortis
1150 923 1177 977 in
1193 922 1289 993 primis
1300 923 1461 992 parentibus
1475 922 1586 993 quibus,
1597 921 1662 976 dum
1676 920 1750 976 oculi
1765 935 1832 975 ear·

199 1013 277 1070 misit
286 1013 425 1080 eumdem,
440 1021 468 1070 et
483 1013 582 1070 iterato
594 1014 668 1070 dedit
687 1014 820 1086 Spiritum
849 1027 986 1073 secretum.
1038 1016 1082 1071 nis
1096 1015 1181 1086 aperti
1194 1012 1346 1069 lueruntad
1360 1013 1518 1075 ridendum.
1534 1021 1562 1068 et
1575 1013 1830 1082 corrcrrpiscendunr

198 1105 238 1161 lta
252 1113 421 1177 unguentum
435 1121 531 1160 rerum
553 1106 588 1161 de
606 1106 695 1178 eapite
711 1108 738 1162 in
758 1107 871 1163 barbam
884 1107 987 1177 Aaron,
1038 1110 1140 1183 lignum
1158 1110 1287 1178 vetitum,
1306 1109 1378 1182 quod
1397 1117 1456 1164 erat
1468 1108 1612 1179 pulchrum
1623 1108 1685 1163 risu
1697 1115 1829 1177 aspectu·

198 1209 225 1255 et
240 1200 268 1255 in
288 1214 366 1255 oram
387 1199 543 1256 vestimenti
569 1199 630 1271 ejus
655 1202 795 1258 deseendit
813 1202 883 1258 idem
899 1201 988 1274 Spiri·
1038 1218 1092 1273 que
1105 1202 1274 1269 delectabile,
1289 1218 1370 1257 omne
1385 1216 1470 1272 genus
1489 1202 1639 1256 bunrannm
1652 1216 1702 1271 per
1722 1215 1830 1255 conera-

198 1302 245 1348 tns
275 1300 388 1348 sanctus
416 1292 450 1348 de
481 1291 603 1358 Christo,
622 1294 669 1364 qui
692 1304 775 1363 capnt
796 1303 986 1352 nostrumest.
1038 1290 1831 1365 piscentiamaceisgeneranduminipsaradicovitinsae

196 1381 293 1439 Primo
304 1384 332 1438 in
351 1383 414 1439 illos
432 1382 517 1440 lortes
535 1399 569 1439 ac
588 1384 725 1454 perlectos
748 1386 823 1442 riros
849 1388 988 1457 apostolos
1038 1387 1151 1459 originis
1164 1402 1198 1443 ae
1217 1399 1378 1441 aerrrmnose
1392 1384 1595 1457 propagationis
1609 1400 1770 1454 permissum
1784 1393 1832 1437 est

198 1475 312 1539 lllrristi,
328 1490 360 1533 ae
370 1473 469 1531 deinde
483 1491 530 1546 per
542 1475 724 1532 ministerium
738 1477 846 1533 illorum
860 1479 887 1533 in
901 1488 987 1534 totam
1038 1480 1140 1550 pariter
1153 1479 1273 1533 cecitate
1286 1486 1314 1533 et
1329 1478 1487 1533 inllrmitate
1502 1496 1510 1532 ε
1529 1477 1660 1542 caecitate,
1673 1486 1706 1533 ut
1723 1478 1831 1533 bonurn

198 1566 351 1625 Ecclesiam
367 1568 519 1625 deseendit.
1039 1585 1094 1624 nou
1116 1570 1223 1638 rirleat3
1250 1569 1428 1636 intirmitate,
1454 1578 1484 1623 ut
1509 1567 1613 1623 malum
1638 1566 1830 1637 concupiscat.

234 1659 294 1717 Non
319 1662 407 1718 solum
422 1671 512 1717 autem
528 1663 554 1718 in
569 1661 681 1720 cremo
697 1679 752 1734 prae
773 1666 832 1721 suis
846 1667 988 1738 participi·
1039 1660 1116 1718 Unde
1131 1677 1194 1719 eum
1212 1676 1263 1733 ego
1286 1660 1369 1716 David
1392 1661 1421 1715 in
1446 1659 1637 1732 iniquitatibus
1663 1669 1833 1729 cernemus,

198 1751 251 1809 bus
268 1762 363 1821 ιιιιειο,
380 1752 516 1810 celebrata
537 1762 579 1809 εει
600 1754 657 1809 baec
677 1755 795 1811 trimoda
818 1758 922 1824 unctio,
939 1760 987 1815 sed
1004 1726 1152 1811 Bomnino
1171 1769 1262 1811 cecus
1281 1762 1308 1809 et
1319 1753 1537 1809 inllrmusnatus
1554 1750 1664 1819 luerim,
1675 1767 1768 1807 emens
1779 1767 1834 1820 per

198 1845 281 1902 etiam
291 1846 319 1901 iu
333 1844 454 1916 quolibet
467 1844 743 1902 cbristianoestidem
757 1849 912 1918 specialiter
920 1865 988 1905 con·
1039 1847 1221 1920 ignorantiam
1237 1846 1312 1912 bani,
1333 1855 1360 1899 et
1373 1844 1500 1901 inlirmus
1513 1860 1560 1916 per
1577 1844 1833 1914 concupiscentiam

198 1936 384 1993 siderandum.
402 1934 478 1991 Siout
489 1936 561 1991 enim
578 1939 658 1992 tertio
669 1947 769 1994 unctus
783 1947 824 1995 est
840 1939 933 2006 Dauid,
947 1942 988 1998 sic
1039 1940 1122 2007 mali;
1138 1954 1227 1995 eaecus
1256 1952 1310 1993 non
1326 1937 1443 1991 ridendo
1462 1936 1614 2002 veritatem,
1639 1934 1767 1990 intirmns
1780 1950 1834 2006 ap-

198 2028 301 2098 quique
326 2028 418 2083 lideles
443 2030 588 2099 participes
602 2030 701 2086 debent
719 2047 780 2087 esse
792 2032 869 2088 trina
881 2035 988 2090 unctio·
1039 2035 1154 2105 petendo
1175 2031 1336 2097 r‘anitatem3
1352 2045 1441 2085 cecus
1456 2025 1603 2084 nesciendo
1624 2037 1738 2096 eterna,
1751 2027 1834 2081 intir-

199 2119 254 2175 nis.
269 2117 349 2174 Prius
375 2118 402 2173 in
419 2119 563 2190 baptismo,
590 2121 636 2176 ubi
655 2119 773 2200 Spiritus
797 2125 883 2181 saneti
901 2128 987 2195 gratia
1039 2137 1101 2181 mus
1114 2122 1331 2194 concupiscendo
1343 2121 1502 2192 temporalia
1515 2139 1521 2175 :
1534 2119 1667 2176 Dominus
1680 2120 1756 2175 misit
1778 2117 1835 2175 Sa-

199 2210 374 2266 innorantur.
407 2208 543 2279 Secundo,
569 2212 752 2285 quandoper
784 2215 988 2285 impositionem
1039 2218 1155 2273 moelem
1177 2216 1324 2288 angelum,
1348 2213 1439 2270 idest
1463 2212 1744 2281 nuntinmsuum,et
1766 2211 1835 2267 tulit

199 2319 330 2359 manuum
354 2304 475 2374 episcopi
496 2304 577 2361 donis
599 2304 722 2375 eJusdem
749 2305 868 2376 Spiritus
898 2310 987 2365 sancti
1038 2323 1083 2364 me
1103 2308 1137 2363 de
1152 2308 1249 2363 oribus
1270 2305 1362 2361 Patris
1385 2304 1457 2371 mei,
1481 2312 1509 2359 et
1529 2304 1608 2359 tinxit
1629 2320 1674 2359 me
1700 2305 1834 2360 unctione

198 2403 419 2467 arrgmentantnr.
437 2395 542 2463 Tertio,
559 2397 586 2451 in
601 2397 645 2452 die
657 2396 764 2467 judieii,
778 2399 888 2470 quando
911 2401 987 2471 ejus·
1039 2399 1237 2455 misericordie
1254 2413 1320 2464 suae,
1341 2407 1370 2453 et
1388 2396 1508 2452 directos
1522 2406 1564 2452 est
1582 2394 1628 2467 Spi
1646 2396 1701 2453 itus
1721 2397 1834 2453 Domini

199 2489 259 2544 dem
270 2488 420 2560 spiritualis
430 2487 523 2561 gratiae
538 2488 685 2559 perlectam
701 2491 870 2546 dulcedinem
886 2492 989 2563 adipis·
1039 2493 1066 2548 in
1082 2509 1125 2548 me
1138 2508 1153 2547 a
1166 2492 1209 2547 die
1230 2492 1290 2556 illo,
1304 2500 1332 2546 et
1349 2490 1377 2545 in
1397 2489 1546 2561 reliquum.
1561 2488 1583 2545 0
1597 2499 1730 2561 quantum
1748 2491 1835 2546 babet

199 2590 304 2636 εειιιιιι.
323 2579 381 2634 Non
400 2590 442 2636 est
466 2581 631 2636 eredendum
647 2581 733 2637 Dauid
749 2583 822 2638 lrunc
836 2582 986 2648 Perimam,
1039 2584 1249 2655 pulchritudinis
1264 2593 1291 2638 et
1302 2583 1395 2654 gratiae
1407 2582 1520 2638 uerbum
1534 2582 1617 2647 istud,
1632 2597 1688 2654 equo
1704 2584 1746 2639 sie
1761 2583 1833 2639 dici-

199 2683 344 2746 antequam
356 2679 382 2729 in
394 2674 476 2731 domo
487 2675 576 2731 Patris
586 2676 711 2732 liniretur
721 2696 728 2745 ;
737 2680 783 2733 sed
792 2694 826 2733 an
838 2689 899 2749 post
913 2679 988 2734 illam
1039 2688 1093 2743 tur,
1115 2687 1141 2734 ει
1154 2679 1269 2731 director
1283 2684 1321 2732 est
1334 2675 1450 2747 Spiritus
1464 2677 1572 2731 Domini
1583 2676 1609 2746 (l
1621 2676 1684 2748 Reg.
1697 2695 1754 2745 ιιι,
1772 2679 1832 2746 l'il.

198 2768 353 2824 uuctionem
372 2767 475 2835 statim,
487 2784 521 2822 an
536 2778 597 2839 post
614 2768 760 2824 secundam
778 2768 882 2836 lecerit,
898 2770 989 2825 inccr-
1038 2769 1098 2825 Non
1112 2771 1152 2825 sic
1165 2770 1267 2825 dictum
1290 2777 1342 2834 est,
1358 2784 1409 2824 nee
1434 2768 1475 2824 sic
1489 2768 1544 2825 diei
1558 2770 1652 2825 debuit
1664 2771 1699 2824 de
1714 2770 1781 2825 Saul
1792 2786 1834 2826 εε-

197 2867 256 2914 tum
273 2867 324 2915 est.
1039 2863 1115 2919 muln
1131 2877 1203 2924 meo,
1218 2878 1233 2915 a
1246 2877 1303 2931 quo
1320 2859 1439 2931 Spiritus
1455 2859 1562 2916 Domini
1581 2869 1639 2916 erat
1654 2876 1831 2928 recessurus,

235 2950 328 3008 Solent
342 2960 432 3007 sutem
451 2966 506 3006 non
528 2953 615 3009 solum
628 2967 716 3025 reges,
731 2953 778 3010 sed
792 2962 819 3010 et
832 2953 989 3012 sacerdotes
1040 2970 1090 3011 ner.
1117 2954 1151 3011 de
1173 2953 1227 3009 alio
1241 2967 1414 3024 quoeunque,
1429 2951 1509 3024 cujus
1523 2952 1642 3008 animam
1668 2954 1760 3010 ltetam
1782 2966 1832 3010 aut

198 3058 275 3114 ungi,
290 3052 322 3099 ut
334 3042 426 3099 Aaron
442 3043 469 3098 iu
483 3044 569 3112 ligura
588 3045 669 3100 rrnius
684 3045 796 3111 Christi,
817 3047 863 3116 qni
878 3046 989 3104 iuturus
1040 3048 1174 3117 duplicem
1207 3046 1252 3102 illc
1268 3044 1389 3116 Spiritus
1413 3046 1517 3102 amoris
1535 3054 1610 3101 recto
1628 3062 1765 3118 nusquam
1779 3065 1829 3104 os·

199 3142 259 3188 erat
281 3134 409 3190 sacerdos
424 3143 525 3203 etrex,
541 3136 589 3206 qui
603 3146 630 3191 et
644 3134 708 3192 lecit
722 3152 773 3192 nos
787 3138 909 3193 membra
924 3154 985 3195 sna.
1039 3140 1101 3195 culo
1112 3138 1255 3210 dignatur,
1271 3136 1407 3192 llctionem
1422 3136 1483 3206 eins
1506 3143 1568 3206 pest
1582 3136 1667 3192 ierem
1696 3146 1832 3193 attactum

202 3221 278 3279 llnde
290 3225 323 3280 ad
334 3239 385 3280 nos
398 3241 508 3298 quoqne
518 3229 633 3297 pertinet
645 3234 699 3284 tam
715 3230 892 3287 sacerdotalis
903 3247 987 3301 quam
1041 3233 1133 3288 statim
1160 3231 1331 3303 effugiturus.
1348 3228 1377 3285 ln
1400 3245 1445 3285 me
1469 3244 1535 3285 rero
1550 3244 1598 3300 per
1625 3242 1833 3286 sacramentum

198 3316 298 3388 regalis
316 3318 418 3386 unctio,
431 3320 478 3391 qui
495 3330 521 3377 et
539 3322 565 3376 ln
581 3321 628 3376 illn
645 3337 742 3377 surmus
755 3320 869 3390 Christi,
882 3332 909 3378 et
923 3340 985 3380 cum
1038 3324 1153 3381 risibilis
1168 3322 1305 3379 unctionis
1319 3321 1464 3380 invisibilis
1489 3320 1585 3376 unctio
1599 3321 1687 3377 saneti
1706 3322 1833 3391 Spiritus

199 3407 247 3463 illo
261 3425 357 3466 sumus
379 3426 452 3467 uuus
466 3412 601 3477 Christus,
616 3421 738 3484 caputet
754 3414 886 3470 membra.
910 3414 987 3473 Srcm
1039 3419 1141 3475 (brenta
1164 3425 1207 3472 est
1221 3412 1300 3486 quasi
1330 3414 1365 3468 ab
1379 3428 1428 3469 ore
1454 3411 1563 3468 Domini
1587 3427 1642 3468 non
1659 3413 1834 3484 menblique

199 3507 290 3554 autem
311 3498 395 3555 Dauid
409 3501 435 3556 in
450 3501 564 3573 liguram
584 3502 668 3559 futuri
692 3505 768 3575 regui
792 3506 863 3575 apud
882 3516 986 3577 patrem
1039 3509 1222 3581 respicientis,
1237 3508 1293 3561 imo
1307 3515 1382 3562 recto
1397 3512 1425 3560 et
1442 3503 1514 3560 lideli
1539 3506 1635 3561 osculo
1649 3505 1708 3561 oris
1727 3506 1772 3561 sui
1796 3520 1834 3561 os

199 3599 299 3645 unctus
315 3599 366 3657 est,
383 3591 419 3646 ita
444 3608 494 3649 nos
514 3594 542 3648 in
555 3595 638 3649 domo
653 3595 752 3651 diaboli
769 3596 917 3655 existentes
934 3616 988 3653 uu·
1039 3618 1130 3658 meum
1142 3598 1331 3656 demulcentis.

200 3682 289 3754 gimur
299 3683 326 3739 in
336 3686 643 3743 sacramentumluturm
653 3689 888 3760 impassibilitatis,
896 3693 922 3746 in
933 3709 988 3763 qna
1075 3690 1244 3759 Quibusnam
1260 3700 1341 3761 putas
1352 3689 1386 3746 ab
1401 3688 1541 3745 effectibus
1551 3688 1650 3745 claruit
1662 3688 1741 3752 mibi,
1754 3690 1831 3761 quod

199 3777 272 3832 sicut
285 3775 369 3832 David
382 3788 445 3834 ante
458 3795 570 3852 regnum
595 3781 738 3838 laborabat
756 3784 807 3839 sub
822 3783 946 3840 hostibus
961 3795 989 3840 ct
1040 3782 1066 3837 in
1086 3797 1130 3837 me
1145 3780 1263 3851 Spiritus
1278 3778 1386 3834 Domini
1399 3789 1470 3835 esset
1485 3777 1615 3845 directus,
1634 3786 1661 3833 et
1672 3777 1702 3833 in
1718 3776 1829 3834 Saulem

200 3869 372 3926 desiderabat
397 3887 522 3944 regnam,
536 3874 573 3929 ita
587 3883 614 3929 ct
636 3891 688 3931 nos
702 3875 809 3931 interim
831 3875 989 3934 laboramus
1041 3891 1094 3930 non
1111 3883 1183 3931 esset
1197 3871 1336 3929 directus?
1350 3870 1379 3925 ln
1400 3871 1452 3927 boc
1478 3870 1582 3926 scilieet
1604 3869 1669 3940 quia
1686 3884 1738 3941 ego
1749 3868 1831 3924 lllum

200 3968 229 4017 et
248 3963 383 4033 gemimus
400 3965 574 4035 adoptionem
590 3967 707 4022 liliorum
721 3977 986 4039 exspectantesque
1040 3968 1103 4023 licet
1133 3982 1176 4021 me
1203 3965 1338 4021 odientem
1366 3973 1395 4019 et
1412 3973 1620 4035 persequentem
1645 3962 1727 4018 rectis
1740 3962 1834 4019 oeulis

200 4052 321 4108 secundo
335 4052 464 4109 liniamur
487 4056 514 4110 in
539 4072 632 4127 regno.
649 4054 726 4112 Unde
739 4073 884 4113 removens
897 4060 932 4113 ab
945 4060 990 4114 bi·
1039 4058 1145 4129 asperi,
1159 4065 1251 4113 elnon
1262 4057 1418 4127 diligentem
1433 4053 1526 4120 dilexi,
1536 4062 1618 4125 atque
1631 4053 1735 4108 milites
1749 4068 1832 4109 meos

199 4142 285 4197 storia
313 4142 379 4199 dicit
402 4145 430 4198 in
462 4146 550 4215 finenr.
572 4145 648 4203 Finis
666 4148 717 4202 iste
742 4148 989 4206 consummationis
1039 4148 1204 4218 compescui,
1222 4161 1256 4201 ue
1272 4147 1349 4202 illum
1368 4144 1547 4201 dormientem
1564 4143 1756 4211 interficerent,
1766 4146 1833 4217 qui·

198 4242 251 4299 est,
264 4234 382 4307 inquens
393 4235 512 4307 dirigens
521 4237 638 4306 psalmus
658 4239 709 4294 istc
722 4240 879 4295 attribuitur
890 4240 990 4308 David,
1040 4240 1092 4295 bus
1111 4240 1166 4295 dixi
1182 4257 1189 4294 ε
1212 4238 1290 4294 distr
1306 4256 1321 4293 n
1335 4255 1387 4305 me,
1402 4247 1431 4293 ιιι
1446 4252 1554 4290 menum
1580 4252 1663 4291 ιιιεαιιι
1678 4239 1785 4291 mittum
1800 4238 1830 4291 in

199 4340 247 4380 seu
272 4325 382 4382 cuilibet
404 4327 475 4382 ddcll
492 4343 575 4400 agens
604 4327 637 4385 de
658 4330 781 4401 bisque
799 4332 936 4402 pertinent
954 4334 988 4390 ad
1039 4333 1173 4388 Christum
1198 4329 1322 4385 Domini!
1346 4329 1372 4401 (l
1393 4329 1674 4400 lieg.xxrr,25.llta
1689 4329 1774 4385 rectis
1796 4346 1832 4385 ae

199 4432 243 4481 ea,
258 4434 319 4489 quae
334 4417 406 4485 iecit,
422 4420 582 4491 priusquam
598 4422 719 4479 seeurmo
741 4423 867 4479 liniretur
891 4440 986 4481 susee-
1003 4426 1145 4517 1,serenis
1156 4421 1244 4478 oculis
1257 4420 1334 4475 illum
1350 4419 1455 4490 asperi,
1470 4420 1534 4492 quie
1546 4431 1638 4477 rectus
1652 4429 1680 4476 ει
1705 4420 1833 4477 directus

199 4516 262 4578 ptris
275 4510 301 4563 in
323 4526 447 4582 regnum.
1041 4516 1129 4570 iuerat
1147 4514 1174 4568 in
1193 4528 1238 4569 ure
1253 4511 1371 4584 Spiritus
1387 4511 1505 4577 Domini,
1524 4512 1571 4581 qui
1587 4528 1631 4566 me
1652 4528 1707 4567 non
1723 4512 1834 4569 sinebat

236 4600 264 4655 ln
285 4603 373 4674 prima
399 4613 490 4661 autem
516 4616 595 4677 parte.
620 4609 773 4665 ostenditur
797 4613 914 4681 qualiter
927 4623 990 4683 post
1040 4608 1162 4664 inridere
1177 4608 1274 4665 honori
1289 4607 1478 4678 persequentis
1491 4621 1534 4660 me
1546 4605 1660 4661 inimici.
1673 4606 1833 4662 dtillenon

199 4695 316 4767 primam
341 4698 497 4754 unctionem
521 4698 592 4756 inter
615 4701 728 4758 adversa
752 4704 844 4759 saculi
860 4705 989 4761 laborans
1040 4702 1122 4759 rectis
1137 4701 1224 4758 oculis
1239 4717 1283 4756 me
1302 4699 1466 4771 asperiter
1482 4698 1676 4770 qunandierat
1699 4698 1835 4755 mulieres

200 4798 291 4859 speret
305 4790 332 4844 in
356 4790 501 4848 Dominum
517 4804 609 4850 certus
625 4796 658 4851 de
673 4797 793 4853 mcurrda
809 4799 946 4855 unctione.
959 4798 988 4853 lu
1039 4793 1241 4849 decantantes:
1265 4790 1333 4847 Saul
1352 4791 1481 4860 percussit
1496 4789 1578 4857 mille,
1597 4799 1623 4844 et
1641 4787 1729 4843 Dauid
1740 4790 1833 4845 ιιεαει

199 4883 285 4938 altera
305 4898 369 4939 xero
383 4894 459 4955 parte
482 4889 629 4957 exponitur
642 4889 731 4956 labor,
745 4890 873 4961 gemitus,
888 4892 988 4959 oratio,
1042 4887 1130 4942 ntillin
1141 4887 1167 4941 in
1179 4885 1298 4940 millibus
1309 4884 1364 4938 suis
1381 4881 1408 4951 (l
1423 4882 1488 4953 lieg.
1503 4898 1577 4948 ιιιιι,
1591 4882 1631 4953 5).

199 4984 231 5030 ut
242 4976 362 5032 secunda
386 4977 478 5034 unctio
490 4979 577 5049 possit
592 4979 697 5047 baberi,
714 4981 751 5036 ibi
767 5000 775 5038 a
799 4981 919 5047 Exaudi,
934 4982 991 5037 Do·
1075 4979 1143 5036 Aliis
1153 4993 1263 5049 quoque
1277 4976 1311 5032 ab
1325 4975 1466 5031 edectilms
1480 4975 1620 5031 evidenter
1634 4974 1744 5040 enituit,
1756 4974 1834 5045 quod

201 5068 281 5132 nrirte,
303 5083 390 5122 rocem
409 5084 505 5135 aream,
518 5086 570 5139 que
583 5069 697 5125 clemeri
713 5071 748 5125 nd
764 5080 798 5139 te,
812 5088 895 5142 qnam
906 5074 989 5129 etiam
1040 5082 1100 5142 post
1115 5071 1231 5140 primam
1248 5065 1405 5121 unctionem
1435 5063 1553 5135 Spiritus
1569 5062 1677 5118 Domim
1691 5062 1778 5119 luerit
1802 5064 1833 5118 in

199 5173 249 5232 per
263 5157 394 5230 Spiritum
415 5161 564 5232 prophetie
580 5163 725 5232 promittit,
743 5163 780 5218 ibi
799 5164 905 5220 :Credo
919 5164 990 5218 ride·
1041 5182 1084 5221 me
1099 5164 1228 5219 directus.
1254 5159 1376 5213 Primum
1407 5158 1526 5227 agretia
1555 5156 1716 5227 prophetali,
1732 5155 1833 5212 deiude

199 5270 240 5320 re,
253 5261 306 5307 etc.
322 5250 440 5308 Ultimus
450 5269 546 5308 rersus
568 5253 744 5311 intentionem
766 5256 862 5326 aperit,
881 5273 915 5312 ne
928 5256 990 5326 quis
1040 5268 1067 5315 et
1082 5259 1117 5313 ab
1129 5272 1212 5328 opere
1236 5252 1416 5308 fortitudinis.
1431 5249 1500 5304 llam
1511 5265 1544 5305 ex
1568 5256 1632 5303 tuuc
1645 5259 1738 5303 triente
1752 5264 1832 5304 sere·

199 5353 262 5415 post
276 5346 391 5416 primam
418 5354 524 5415 torpeat
544 5348 710 5415 urretionem,
734 5351 783 5405 sed
800 5350 992 5422 longanimiter
1041 5360 1121 5406 natus
1145 5358 1173 5404 et
1191 5346 1361 5402 illuminatus
1376 5343 1479 5398 l‘saltes
1509 5341 1627 5413 inclytus
1645 5340 1734 5396 laetus
1756 5356 1835 5409 sum,

200 5435 384 5505 exspectando
396 5435 543 5491 secundam
551 5438 594 5493 rel
607 5438 713 5493 tertiam
721 5439 834 5495 viriliter
850 5449 921 5512 agat.
936 5439 991 5497 Sed
1040 5444 1206 5515 prophetans
1218 5448 1245 5495 ει
1258 5438 1430 5512 cytharizans
1440 5436 1573 5509 magnalia
1584 5434 1642 5501 Dei,
1653 5435 1833 5505 psalmosque

201 5541 276 5580 ιιιιιιε
298 5527 444 5582 redeamus
459 5527 493 5583 ad
506 5528 671 5600 principium
687 5531 796 5602 psalmi,
813 5532 887 5603 quod
901 5533 991 5588 conti·
1041 5548 1209 5607 componens
1223 5531 1353 5604 mysteria
1363 5529 1533 5587 continentes
1547 5526 1608 5582 Filii
1621 5525 1680 5596 Dei,
1695 5526 1833 5597 ejusdem·

201 5629 302 5671 anatur
315 5618 362 5674 ind
375 5623 561 5691 precedentis.
577 5621 615 5678 lbi
623 5624 696 5679 enim
711 5624 797 5680 dixit:
813 5624 848 5680 ln
863 5625 990 5682 Ecclesiis
1041 5643 1095 5699 que
1111 5626 1261 5682 secundum
1276 5640 1386 5681 carnem
1406 5621 1489 5680 luturi
1504 5624 1565 5680 Filii
1585 5624 1638 5680 mei
1654 5643 1662 5680 :
1679 5634 1707 5681 et
1721 5624 1832 5681 lortitn-

205 5702 402 5781 benedicente,
416 5712 546 5782 Domine·
564 5715 608 5773 bic
630 5725 719 5773 autem
734 5718 862 5783 ostendit,
877 5720 940 5786 quis
954 5720 1002 5798 sit¹
1041 5719 1105 5777 dine
1130 5718 1213 5776 simul
1237 5735 1269 5776 ae
1295 5718 1382 5777 salute
1401 5718 1551 5775 secundum
1578 5734 1679 5775 cornus
1700 5717 1832 5776 inductus
