3817 6000
197 137 266 194 ll55

677 134 830 191 titittttttttt
848 128 1043 189 rnAEPOStTt
1062 130 1337 190 truttzttbttsmtttd.

1749 135 1823 192 tito

193 252 367 309 machinatur
378 243 528 318 laesidnem,
542 252 588 308 sed
603 251 813 316 correctionem,
826 249 872 306 sed
888 263 984 304 emen-
998 252 1022 308 Α
1036 245 1216 318 extinguibili·
1222 248 1319 302 ardore
1329 263 1377 301 ure
1391 262 1463 306 ream
1477 264 1560 317 maor,
1577 257 1602 305 ct
1618 265 1664 304 cor
1680 267 1774 317 merim
1789 264 1825 308 nt

191 344 341 411 dationem,
366 344 413 399 sed
428 342 657 409 meliorationem,
679 341 726 398 scd
739 342 868 396 citiorum
891 338 985 411 probi·

193 436 324 491 bitionem
346 436 388 490 uel
416 435 612 492 cohibitionem
638 444 721 505 atque
743 434 875 489 virtutum
899 430 985 487 ediu-

192 529 340 585 cationem.
365 525 429 584 ldeo
451 528 514 584 dieo
538 528 611 600 quod
639 528 666 582 in
696 526 846 581 innocentio
863 540 920 579 mee
940 523 985 578 in·

193 638 298 693 presens
328 638 403 688 snm,
430 621 494 692 quia
519 621 670 677 intentione
697 634 757 675 mea
785 618 888 673 nullius
906 617 985 673 mali-

1034 341 1103 396 nibil
1118 357 1161 396 nte
1175 341 1290 397 delectet
1311 341 1443 412 cogitare,
1459 341 1513 402 nisi
1527 342 1600 413 quod
1615 342 1687 415 ignis
1701 343 1823 404 ebarita-

1034 430 1070 487 tis
1084 431 1268 487 examinando
1288 431 1457 502 probauerit,
1472 431 1510 488 ita
1524 441 1555 488 ut
1568 432 1603 488 de
1624 449 1668 489 me
1688 433 1743 489 dici
1757 450 1824 505 pos·

1034 524 1088 580 sit:
1104 524 1222 579 Dimisso
1234 536 1295 580 runt
1313 525 1456 595 ciperente
1477 525 1572 593 molta,
1588 526 1715 597 quoniam
1728 526 1825 582 ditati

1033 614 1157 671 maltam.
1173 613 1227 671 Sed
1242 611 1266 671 si
1283 615 1345 687 igne
1359 615 1544 673 tribulationis
1563 617 1697 672 urendum
1714 618 1826 689 judicas

193 715 307 786 gnitatis
319 715 386 770 mibi
400 714 528 770 conscius
543 729 615 778 sum,
631 712 714 768 etiarn
728 727 791 768 cum
811 710 845 766 de
859 724 921 765 meo
935 724 985 780 per
1033 724 1079 763 eor
1094 726 1179 764 mmm
1199 721 1225 764 et
1239 726 1312 765 ιιιιιι
1330 727 1411 778 meos,
1432 728 1486 769 non
1503 728 1548 768 me
1561 712 1637 769 sinas
1650 714 1750 768 tentari
1773 731 1824 770 su·

194 807 328 863 actionem
346 820 458 878 egressa
485 805 567 860 alieni
589 804 701 876 aliquod
723 803 814 859 evenit
835 815 985 857 nocumen·
1033 817 1081 873 pra
1097 802 1125 857 id
1141 801 1214 871 quod
1229 817 1342 872 possum
1359 802 1449 867 lerre,
1464 804 1511 861 sed
1525 805 1601 876 prius
1620 805 1702 876 predo
1716 823 1756 861 me
1768 807 1826 862 elo-

194 910 263 956 tum,
1034 901 1140 950 menter
1152 894 1303 965 pensando,
1320 896 1385 966 quid
1400 896 1504 950 vairam
1520 897 1656 976 patienter
1669 907 1696 952 et
1717 897 1824 953 utiliter

229 992 362 1048 Hebraico
389 990 491 1045 ueritas
518 988 601 1044 babet
615 1006 621 1043 :
636 987 734 1042 Iudico
755 1003 804 1052 nte,
821 986 904 1052 Dens,
921 985 985 1056 qnia
1034 986 1105 1042 terre
1119 988 1147 1041 in
1173 987 1333 1056 tentatione,
1347 988 1543 1057 tribulationis,
1559 999 1586 1046 et
1600 999 1672 1045 tento
1698 1008 1739 1046 me
1753 1005 1827 1061 prae-

193 1102 240 1156 epo
262 1086 290 1138 in
316 1081 488 1153 simplicitate
504 1098 563 1135 mea
582 1080 726 1135 nmbnleri.
742 1079 793 1134 Cui
810 1079 903 1134 sensui
919 1077 986 1133 satis
1034 1078 1118 1136 missa
1128 1078 1252 1135 videlicet
1262 1078 1455 1136 misericordiae
1462 1081 1632 1153 probatione,
1646 1098 1680 1138 ne
1695 1082 1767 1139 iorte
1784 1099 1827 1138 re·

194 1177 332 1248 congruit,
353 1174 425 1246 quod
440 1175 474 1229 de
488 1173 643 1229 innocentia
662 1172 821 1227 intentionis
834 1186 901 1227 meae
916 1169 984 1238 diri,
1034 1171 1138 1242 probus
1152 1171 1286 1239 inveniar,
1301 1171 1324 1226 si
1337 1171 1430 1228 nimiis
1441 1172 1663 1229 tribulationibus
1675 1189 1826 1245 oppressus

193 1284 256 1338 aquae
269 1267 429 1338 intelligitur
445 1266 489 1320 ille
507 1265 621 1337 simplex
637 1266 744 1332 oculus,
760 1264 806 1336 qni
822 1273 909 1319 totum
927 1277 987 1319 cor·
1035 1262 1124 1329 luero,
1140 1279 1209 1334 quas
1229 1261 1301 1318 lerre
1316 1278 1370 1317 non
1386 1272 1482 1334 potero
1504 1280 1566 1320 cum
1583 1266 1723 1335 patientia.
1736 1263 1825 1336 lingis

194 1376 246 1431 pus
261 1358 381 1413 lucidum
405 1357 503 1419 reddit,
527 1373 590 1412 cum
614 1357 671 1427 ipse
695 1357 722 1411 in
747 1355 920 1434 simplicitate
934 1369 984 1411 sua
1035 1365 1125 1410 autem
1139 1370 1206 1425 rogo
1220 1352 1342 1425 probari,
1359 1356 1456 1411 ιιιιιιιι
1472 1364 1499 1412 ιι
1518 1354 1560 1409 mi
1576 1355 1729 1427 perignem
1745 1357 1827 1426 puri·

194 1465 266 1521 epus
280 1449 383 1520 dirigit.
398 1447 427 1503 ln
445 1448 529 1518 bajus
552 1447 624 1503 oculi
640 1448 814 1517 simplicitate
834 1445 983 1513 ambulavi,
1034 1447 1143 1503 boantis
1156 1447 1321 1515 dilectionis,
1332 1462 1415 1520 qnam
1427 1447 1579 1518 perignem
1600 1448 1764 1521 purgatoria
1780 1451 1826 1503 tri·

193 1558 255 1598 eum
270 1542 429 1597 intentionis
443 1541 626 1596 innocentiam
647 1554 756 1595 serrare
770 1538 876 1605 curavi,
898 1538 982 1594 etiam
1034 1537 1193 1607 bulationis,
1207 1539 1337 1609 quoniam
1354 1539 1381 1593 in
1397 1538 1484 1594 altero
1507 1548 1549 1594 est
1572 1553 1642 1610 opus
1666 1539 1826 1596 miseridor-

194 1634 222 1690 in
235 1636 288 1690 illis
301 1635 492 1706 operationum
504 1632 655 1704 gressibus,
672 1632 816 1702 dequibus
829 1630 929 1701 aliquis
941 1638 984 1686 cst
999 1610 1021 1666 Β
1036 1631 1097 1698 diae,
1131 1631 1159 1686 in
1187 1632 1273 1688 altero
1302 1647 1372 1702 opus
1398 1630 1523 1702 justitiae,
1548 1647 1677 1702 quorum,
1700 1649 1764 1688 eum
1789 1634 1825 1689 sit

193 1728 326 1784 elienses.
347 1728 385 1782 be
398 1727 445 1782 ilio
464 1741 530 1782 sane
549 1734 672 1795 tempore
686 1725 738 1780 boc
752 1725 852 1780 dietum
867 1724 928 1779 volo
940 1738 984 1781 ae·
1035 1732 1183 1793 utrumque
1206 1723 1357 1791 laudabile,
1382 1738 1453 1794 opus
1479 1723 1673 1780 misericordiae
1697 1724 1759 1794 plus
1783 1734 1827 1780 cst

193 1822 257 1892 cipi,
271 1837 327 1893 qno
342 1819 525 1890 me,relpest
545 1818 711 1888 baptismum
734 1818 761 1872 in
779 1818 934 1873 innocentia
956 1825 985 1873 et
1035 1816 1151 1871 amabile
1176 1830 1209 1872 ao
1232 1815 1428 1882 desiderabile;
1458 1815 1520 1871 ideo
1545 1815 1680 1887 praecipue
1707 1817 1735 1871 in
1762 1816 1826 1889 igne

193 1910 368 1981 simplicitate
383 1910 497 1976 serrari,
513 1909 555 1963 vel
579 1908 704 1963 eamdem
729 1907 891 1963 innocentia·
916 1908 983 1963 sim·
1034 1908 1176 1965 alteritatis
1219 1922 1287 1979 rogo
1324 1907 1366 1963 uri
1410 1907 1561 1964 seeundum
1603 1907 1825 1964 misericordiam

194 2003 342 2074 plicitatem
370 2018 418 2074 per
440 2001 628 2073 poenitentiam
649 2014 812 2069 reeuperare
837 1999 929 2055 studui
949 2015 983 2055 eo
1035 2011 1139 2057 tuam:

193 2094 391 2151 meliorationis
403 2102 431 2150 et
444 2092 643 2149 emendationis
662 2091 763 2158 studio,
783 2091 810 2146 in
824 2107 879 2163 que
896 2108 983 2164 nsque
1072 2093 1153 2150 Vens.
1169 2095 1196 2150 3.
1216 2092 1348 2160 Quaedam
1373 2093 1556 2149 misericordia
1579 2105 1627 2149 ter
1647 2103 1709 2149 ente
1733 2093 1826 2149 oculos

192 2184 227 2239 ad
242 2193 358 2240 mortem
376 2199 552 2256 perseverare
565 2183 629 2239 uolo
642 2197 706 2239 enm
721 2183 814 2239 divino
835 2183 982 2253 adjutorio.
1035 2199 1104 2239 ιιιιιι
1118 2193 1168 2252 ιιι,
1182 2193 1210 2241 ιι
1231 2185 1290 2241 baec
1303 2185 1392 2256 magis
1405 2182 1597 2241 desiderabilis
1610 2192 1662 2241 est.
1678 2182 1826 2241 Vmumta-

192 2274 292 2333 Namsi
304 2278 385 2334 inme
397 2276 574 2345 conliderem,
587 2275 891 2348 scioquoddclicerem.
905 2274 984 2334 Nunc
1034 2292 1107 2344 nen,
1123 2279 1146 2334 si
1161 2292 1273 2334 neeesse
1291 2276 1384 2344 luerit,
1399 2276 1481 2334 edam
1495 2292 1544 2348 per
1560 2277 1650 2351 ignem
1665 2278 1826 2334 tribulatio·

192 2379 284 2427 ιιιιιιιι
301 2372 328 2427 in
341 2369 457 2427 Domino
470 2369 588 2438 conlido,
602 2378 626 2424 et
638 2369 666 2424 in
682 2368 796 2424 Domino
807 2383 915 2439 sperem
930 2383 983 2422 non
1034 2367 1078 2424 ais
1099 2366 1205 2439 aliquas
1228 2367 1352 2424 maculas
1375 2382 1450 2424 ineas
1469 2368 1626 2436 emundari,
1647 2383 1702 2424 non
1724 2384 1827 2426 ιιιιιιο

191 2459 358 2531 infirmabor,
373 2461 502 2534 quoniam
517 2461 564 2532 qui
580 2468 687 2532 sperant
708 2459 738 2514 in
752 2458 877 2529 bomine,
895 2469 984 2516 muto·
1033 2457 1116 2513 etiam
1136 2473 1185 2530 per
1199 2457 1272 2515 buno
1287 2458 1376 2529 ignem
1391 2458 1514 2529 probari,
1524 2459 1598 2529 quod
1611 2469 1654 2517 est
1667 2475 1738 2532 opus
1754 2461 1827 2516 rcri-

192 2552 268 2620 brmt,
284 2561 309 2608 et
325 2552 456 2608 debebunt
471 2551 665 2623 tortitudinem,
685 2560 803 2618 current,
822 2561 847 2606 et
862 2567 913 2605 non
927 2549 985 2607 ios·
1034 2550 1099 2606 tatis
1112 2559 1140 2606 et
1157 2549 1280 2621 iustitie,
1303 2551 1433 2621 quinariam
1449 2550 1539 2622 placet
1551 2552 1619 2610 milti
1635 2553 1748 2622 veritas,
1762 2570 1827 2627 quae

191 2648 333 2714 rebantur,
348 2656 482 2702 assument
497 2661 606 2717 penites,
631 2654 661 2699 nt
686 2644 784 2717 equile
798 2644 934 2711 volabunt,
956 2655 982 2700 ιι
1034 2641 1095 2708 tibi,
1112 2640 1195 2709 Deus,
1207 2641 1304 2713 placet.

192 2758 244 2796 iton
258 2740 380 2811 deficient
396 2738 465 2810 (leo.
479 2756 525 2806 xe,
542 2738 599 2808 dl).
615 2735 680 2793 ldeo
701 2747 729 2794 ιι
750 2753 802 2809 rgo
826 2754 935 2809 sperans
955 2739 984 2792 in
1069 2732 1104 2788 m
1123 2734 1270 2804 complacari
1290 2736 1317 2789 in
1333 2737 1442 2793 ueritate
1458 2745 1515 2793 tna.
1529 2736 1654 2805 Quamdiu
1666 2739 1735 2795 mibi
1752 2740 1826 2796 rcri-

191 2831 305 2886 Domino
317 2848 369 2885 non
385 2829 550 2900 infirinoter,
568 2836 617 2883 aut
629 2828 760 2886 movebor
778 2837 808 2884 ut
822 2830 980 2901 lnpocritae,
1034 2836 1076 2883 tas
1090 2828 1204 2898 iustitia
1229 2829 1377 2901 displicuit,
1399 2847 1451 2904 cgo
1480 2849 1591 2906 quoqne
1615 2836 1754 2907 displicui.
1769 2840 1826 2896 Sed

191 2932 239 2978 aut
254 2922 423 2980 schismatici
446 2920 505 2992 qui,
528 2930 559 2975 ut
578 2920 721 2977 rideantur
743 2921 810 2993 justi
832 2930 859 2976 et
880 2922 980 2988 sancti,
996 2962 1017 3021 C
1034 2936 1117 2991 quam
1134 2922 1189 2976 cito
1200 2920 1265 2976 mibi
1277 2923 1379 2978 ueritas
1392 2924 1504 2993 placuit,
1520 2942 1582 2995 quae
1596 2927 1644 2983 tibi
1660 2928 1759 2999 placet,
1771 2945 1826 3002 ego

192 3018 290 3072 nolunt
302 3032 364 3072 esse
379 3016 450 3071 inter
465 3015 563 3081 malos.
578 3030 641 3071 eum
657 3015 712 3071 sint
734 3016 786 3088 ipsi
803 3016 920 3086 pejores,
934 3016 982 3087 qui
1034 3014 1135 3083 pariter
1149 3013 1296 3084 cornploeni
1319 3015 1441 3072 {ibicum
1459 3017 1517 3087 ipsa
1533 3020 1652 3099 peritate,
1667 3021 1694 3074 in
1706 3036 1761 3091 qna
1775 3039 1825 3077 rc·

192 3119 323 3180 tanquam
355 3108 429 3164 letes
455 3108 540 3180 paleae
560 3110 618 3180 jam
649 3115 712 3164 ante
736 3108 941 3165 veritilationem
966 3125 983 3165 a
1034 3106 1116 3163 lutln
1132 3108 1243 3178 speculo
1258 3107 1407 3178 praelucido
1426 3110 1494 3164 mibi
1512 3111 1638 3183 displicui
1653 3112 1826 3171 ‹lelormatns

191 3211 273 3257 vento
286 3200 422 3273 superbiae
437 3201 593 3272 rapiuntur.
609 3202 665 3273 ligo
680 3210 771 3258 autem
784 3216 838 3256 non
851 3213 982 3274 tanquam
1033 3209 1144 3269 peccate
1157 3208 1184 3254 et
1194 3200 1346 3257 inertdaeio.
1359 3199 1411 3257 Sed
1422 3204 1570 3272 conrplecni
1582 3204 1647 3259 ιιιιΙιι
1662 3205 1690 3259 in
1703 3206 1826 3273 ueritate,

191 3295 326 3366 snperbus
340 3311 408 3370 rogo
421 3296 589 3368 sequestrari
610 3312 625 3351 a
646 3296 726 3351 malis
740 3312 788 3367 per
801 3305 913 3352 rentium
926 3298 985 3353 ela·
1032 3292 1148 3349 detersis
1163 3293 1279 3349 maculis
1298 3293 1504 3350 mendaciorum
1515 3311 1531 3350 a
1544 3294 1613 3352 t'acie
1627 3297 1728 3353 inentis
1743 3314 1824 3363 ntra,

192 3388 286 3455 tionis,
302 3397 333 3443 ut
346 3402 491 3460 appaream
509 3388 630 3443 sanctior
646 3388 701 3443 illis
727 3388 754 3442 in
769 3398 917 3460 conspectu
933 3390 983 3446 bo-
1032 3399 1080 3454 per
1095 3399 1188 3439 reram
1199 3383 1399 3441 contessionem
1413 3398 1599 3458 peccatorum,
1615 3400 1642 3444 et
1655 3404 1748 3444 ueram
1760 3406 1827 3446 can

192 3480 308 3547 minum,
325 3481 372 3537 sed
387 3489 418 3536 ut
432 3481 555 3537 inveniar
569 3481 701 3537 innocens
716 3481 743 3536 in
760 3492 906 3553 conspectu
924 3491 981 3551 ton,
1032 3470 1186 3532 versionem
1211 3492 1226 3532 a
1252 3476 1372 3534 vanitate
1395 3480 1429 3534 ad
1455 3481 1607 3536 veritatem.
1638 3480 1728 3539 i'nltis
1752 3483 1827 3540 scire

192 3570 317 3630 bomine.
340 3573 416 3630 lieet
439 3574 512 3629 enim
538 3574 665 3642 dixerim,
690 3575 764 3646 qnod
783 3577 810 3630 tn
831 3578 982 3632 ttinocemn
1032 3584 1115 3639 auam
1138 3569 1237 3625 luerim
1261 3570 1367 3627 eniens
1390 3572 1531 3628 terteris?
1555 3575 1594 3629 m
1615 3574 1692 3646 prins
1716 3578 1823 3640 nuilite.

192 3682 249 3721 aree
264 3667 397 3738 ingressus
420 3682 501 3733 rom,·
517 3676 607 3724 tamen
633 3668 697 3739 quia
718 3667 816 3724 delicta
831 3669 922 3728 neritus
938 3670 982 3725 tn.
1032 3677 1114 3733 quam
1139 3662 1236 3719 luerim
1266 3663 1396 3720 inimicus
1424 3667 1563 3724 sanitatis.
1588 3667 1657 3723 Cum
1681 3671 1756 3726 enim
1774 3687 1826 3725 ra-

191 3755 299 3827 telligit,
1032 3753 1105 3808 nitas
1118 3761 1146 3808 et
1166 3754 1267 3810 veritas
1289 3754 1360 3809 inter
1381 3770 1412 3811 se
1427 3758 1563 3813 contraria
1583 3758 1650 3824 sint,
1664 3758 1742 3829 prins
1755 3775 1826 3815 coar·

227 3845 310 3902 Vens.
325 3846 353 3900 ι.
375 3845 716 3915 Proseilemmene
741 3857 813 3903 terite
828 3865 877 3905 me.
893 3848 921 3905 ld
938 3859 982 3906 est
1031 3847 1104 3916 gran
1126 3846 1218 3902 odisse
1244 3846 1403 3912 vanitatem,
1427 3849 1526 3905 deirnle
1548 3865 1641 3905 amare
1663 3852 1823 3914 ceritatem:

192 3937 345 4009 probando,
363 3953 419 3993 non
434 3938 607 4009 reprobando
630 3947 703 3993 tenta
719 3955 771 4005 me,
785 3940 856 3995 sicut
872 3941 981 3997 tentasti
1031 3953 1095 3993 nam
1108 3939 1237 3996 vanitatis
1257 3950 1285 3997 ct
1299 3943 1421 4001 veritatis
1436 3959 1515 4000 antor
1530 3942 1558 3998 in
1582 3944 1680 4001 eodem
1695 3945 1779 4002 conlo
1792 3962 1825 4003 se

192 4030 341 4086 Abrabam.
356 4028 580 4096 Probationibus
604 4039 632 4087 et
652 4032 849 4088 tentationibus
867 4033 981 4091 ostende
1031 4043 1086 4085 non
1102 4030 1184 4100 capit.

192 4136 246 4189 me,
261 4137 318 4176 non
332 4120 392 4187 tibi,
409 4120 457 4176 sed
472 4135 517 4176 me
532 4120 610 4187 milri,
626 4127 656 4175 ut
672 4129 700 4177 et
714 4136 764 4191 ego
780 4123 892 4192 puniam
908 4122 980 4179 mala
1064 4121 1154 4192 Atque
1168 4132 1199 4179 ut
1212 4126 1356 4196 utriusque
1379 4126 1420 4184 rei
1437 4126 1538 4185 babeas
1559 4129 1758 4201 cognitionem,
1773 4146 1824 4186 ac·

191 4228 242 4283 per
261 4219 397 4267 secretum
421 4210 588 4282 poenitentia
605 4210 767 4277 remedium,
783 4220 809 4266 et
833 4226 886 4266 non
904 4211 981 4269 inve·
1031 4211 1091 4283 cipe
1108 4214 1252 4286 utriusque
1275 4216 1498 4288 descriptionem.
1527 4216 1642 4273 vanitas
1664 4228 1717 4282 cst,
1745 4219 1826 4290 qood

192 4302 253 4358 aiat·
269 4301 332 4356 aliis
347 4300 490 4372 prauitatis
511 4301 678 4371 exemplum.
700 4298 980 4359 Nonsinasmeten-
996 4304 1081 4378 pita,
1099 4316 1129 4363 ut
1150 4306 1267 4374 videtur,
1284 4323 1339 4364 non
1357 4319 1508 4381 permanet,
1534 4312 1581 4368 sed
1605 4312 1755 4368 sitientium
1780 4313 1826 4369 in·

191 4393 243 4448 tari
257 4394 292 4448 ab
312 4393 361 4448 illo
375 4401 522 4460 tentatore,
538 4393 586 4465 qui
600 4410 655 4450 non
671 4402 767 4461 tentat,
782 4394 835 4450 nisi
849 4405 879 4452 ut
898 4398 981 4455 sedu-

191 4496 246 4544 cat.
264 4487 318 4545 Sed
333 4498 361 4544 tu
376 4488 444 4560 ipse,
460 4487 508 4561 qui
524 4497 623 4558 ιιιιιιι,
647 4498 678 4545 nt
695 4490 806 4562 probes,
826 4493 908 4561 probo
928 4510 979 4562 me,

191 4589 216 4634 et
238 4589 309 4635 ιιιιιιι
332 4598 382 4637 me.
398 4581 488 4653 Atque
512 4582 616 4655 siquid
635 4583 766 4657 aeruginis
789 4584 896 4643 invenis
909 4588 980 4658 apud

191 4686 246 4738 tue,
261 4690 293 4729 ιιι
305 4673 398 4729 trador
413 4675 502 4731 terrm
519 4677 636 4730 enimam
649 4676 815 4746 confirmatam
827 4677 874 4732 tibi
891 4677 978 4750 (Psoi.

191 4779 288 4833 txxrrt,
305 4764 361 4838 ta).
379 4763 432 4822 Sed
447 4774 476 4823 tn
493 4768 551 4838 ipso

229 4859 282 4917 Ure
298 4878 370 4917 renes
391 4879 461 4919 meos
480 4872 505 4918 ιι
515 4879 561 4917 cor
581 4879 678 4918 ιιιιιιιιι.
692 4861 723 4920 lu
734 4862 847 4920 renibus
862 4863 981 4920 delecta·

192 4953 291 5023 tiones,
303 4954 331 5009 in
346 4954 427 5011 eorde
441 4963 556 5027 regirant
570 4955 759 5025 cogitationes.
774 4954 815 5011 Tu
831 4972 896 5028 ergo
906 4972 980 5011 rems

192 5063 274 5112 meos,
297 5063 332 5103 ne
352 5047 417 5117 quid
435 5047 500 5103 mali
522 5044 748 5117 delectantem
767 5066 813 5104 cor
833 5065 930 5115 mum,
946 5065 980 5105 ne

194 5139 259 5211 qaid
272 5140 337 5196 mali
352 5140 480 5212 cogitem,
497 5142 672 5197 vehementer
684 5159 731 5196 ιιι
750 5142 811 5214 igne
826 5143 882 5208 illo,
897 5159 979 5214 quem

191 5232 291 5288 niisisti
313 5233 342 5288 in
360 5240 472 5301 terrant,
487 5242 514 5289 et
537 5234 648 5290 voluisti
670 5235 844 5290 vehementer
856 5236 978 5290 arcendi.

193 5326 257 5383 Scio
271 5328 334 5398 quia
348 5327 425 5398 [ortis
436 5337 476 5384 est
500 5338 529 5383 nt
554 5345 625 5382 mors
636 5327 754 5396 dilectio,
766 5326 835 5382 doro
848 5327 916 5382 oettrt
935 5329 979 5383 in·

193 5421 281 5476 terim
301 5421 446 5477 emulatio.
468 5420 615 5491 Lampadas
634 5421 693 5487 siba
704 5420 839 5491 lampades
856 5421 924 5491 ignis
937 5430 980 5474 ot·

192 5526 241 5575 que
252 5513 430 5580 ¹‘tanamernm
446 5514 527 5585 Aque
539 5513 629 5567 multer
655 5529 706 5567 noir
722 5521 862 5583 petraemnt
880 5513 979 5566 aestin-

193 5618 271 5668 puers
295 5605 450 5661 clroritotrm
469 5605 558 5679 (Cant.
575 5623 635 5676 utu,
651 5608 678 5675 s,
692 5606 730 5677 7).
745 5605 831 5677 liujus
853 5621 919 5677 orgo
934 5606 977 5667 ‘tr-

1032 4398 1118 4455 tnitus
1130 4399 1243 4467 deludit,
1259 4410 1341 4473 atque
1356 4402 1427 4459 inter
1451 4403 1547 4460 oculos
1560 4405 1711 4461 virlentinm
1728 4416 1758 4461 et
1779 4407 1826 4461 ri·

1032 4491 1096 4547 dere
1110 4491 1278 4563 cupientium
1293 4493 1384 4550 subito
1399 4496 1549 4553 evanescit.
1564 4496 1670 4554 l'critas
1681 4507 1735 4565 est,
1746 4500 1825 4572 quod

1032 4585 1079 4653 ita,
1095 4599 1125 4640 ut
1140 4585 1260 4642 creditur
1273 4594 1322 4641 aut
1336 4587 1453 4655 videtur,
1474 4600 1615 4660 pemaanet
1635 4590 1662 4645 in
1674 4601 1825 4650 merirum.

1032 4677 1084 4735 Sed
1100 4679 1171 4735 inter
1185 4679 1286 4735 multas
1310 4679 1444 4737 vanitates
1459 4681 1486 4737 in
1510 4683 1613 4740 mundo
1630 4682 1681 4739 snb
1704 4683 1763 4740 sole
1775 4695 1824 4742 tu·

1031 4772 1197 4828 multuantes
1211 4788 1265 4828 ona
1279 4785 1321 4829 est
1335 4774 1453 4841 vanitas,
1464 4789 1525 4846 quae
1541 4775 1642 4833 dicitur
1655 4776 1825 4835 sanitasra·

1031 4862 1158 4929 nitatum,
1172 4864 1339 4921 diabolicum
1355 4865 1459 4923 scilicet
1477 4867 1661 4935 mendacium,
1671 4870 1747 4940 ιμιιιιΙ
1765 4885 1823 4926 non

1031 4955 1069 5012 ita
1079 4966 1131 5022 est,
1147 4967 1177 5011 ut
1187 4957 1304 5022 videtur,
1318 4959 1383 5014 dnm
1408 4959 1467 5030 ipso
1481 4959 1620 5027 diabolus,
1631 4962 1678 5032 qni
1702 4963 1824 5018 nicrnlax

1030 5058 1083 5115 est,
1095 5058 1123 5104 et
1146 5061 1223 5121 pater
1241 5048 1365 5121 ejusdem
1384 5050 1530 5117 mendacii,
1546 5052 1587 5108 rel
1608 5054 1728 5122 seipsum
1743 5053 1826 5127 tingit

1031 5142 1148 5199 similem
1167 5143 1313 5210 altissimo,
1338 5145 1381 5199 rel
1403 5145 1527 5200 eamdem
1554 5145 1764 5202 similitudinem
1779 5149 1824 5202 rti-

1030 5237 1101 5294 viaae
1112 5236 1265 5293 altitudinis
1280 5238 1415 5307 promittit
1427 5238 1585 5295 bominibus
1600 5240 1672 5295 male
1685 5239 1739 5295 sibi
1758 5256 1823 5297 cre·

1030 5319 1115 5386 dolis.'
1125 5327 1200 5384 Licet
1214 5329 1287 5385 enim
1299 5329 1396 5399 angelo
1408 5330 1510 5387 dietum
1525 5330 1561 5386 sit
1577 5351 1584 5386 :
1598 5330 1637 5386 Tn
1651 5330 1825 5404 timuerim

1030 5420 1213 5475 similitudinis
1226 5418 1276 5474 Dei
1295 5419 1403 5488 (liseria.
1419 5437 1516 5488 xrurtt,
1533 5421 1594 5493 l2);
1617 5431 1645 5478 ιι
1658 5424 1722 5479 licet
1736 5424 1825 5478 licimo

1030 5514 1066 5568 sit
1080 5522 1188 5569 creatus
1200 5512 1235 5567 ad
1251 5512 1396 5584 imaginent
1407 5524 1433 5569 et
1448 5513 1655 5571 similitudinem
1678 5513 1726 5571 bet
1739 5513 1821 5587 (Gen.

1031 5622 1051 5676 t,
1067 5604 1449 5679 tt);tamensicappete11da
1472 5614 1515 5667 est
1534 5605 1644 5679 utrique
1666 5605 1825 5666 similitudo
