3817 6000
155 242 177 295 t
188 240 290 298 689

795 238 1353 296 cottttEN‘rAmtJtt
1391 239 1460 296 IN
1496 240 1836 298 PSAmtOS.
1870 275 1942 287 -·
1976 240 2160 299 PARS
2188 241 2280 299 Vl.
2304 271 2374 287 -
2396 241 2596 299 PSAL.
2640 240 2751 298 m'.

3273 237 3416 295 {69⁰
3444 239 3448 246 '

155 353 411 410 cordibus
447 369 556 410 non
605 353 679 409 ita
709 355 986 425 corrumpi
1020 355 1223 423 sinent,
1255 364 1314 414 nt
1345 355 1619 412 ullatenus
1638 355 1737 411 du·
1764 362 1810 418 Α
1837 355 2006 412 minis
2033 355 2272 414 essentia
2307 356 2430 426 eius
2456 364 2696 413 aetatem.
2749 352 3014 410 Similiter
3068 351 3422 424 imaginando

154 448 325 505 bitent
348 446 402 501 in
441 446 664 503 nomine
700 445 830 504 Jesn
861 462 1026 503 omne
1055 463 1197 520 genu
1226 447 1551 505 flectendum
1588 459 1644 504 et
1663 447 1734 504 ab

153 538 298 594 omni
342 538 527 609 lingua
579 540 971 607 confitendum,
1015 541 1162 612 quod
1202 541 1369 597 bomo
1412 555 1580 596 unam
1605 539 1735 597 Tri·-

155 627 337 682 nitatis
375 644 665 699 personam
706 630 889 686 divina
917 630 1297 701 conceptione,
1349 631 1405 686 in
1457 640 1627 687 totam
1650 640 1734 686 to-

155 719 260 775 tius
288 717 571 777 Trinitatis
600 720 832 792 gloriam
860 721 1047 778 divina
1096 732 1221 794 post
1266 731 1497 782 mortem
1522 723 1731 795 glorin-

153 812 364 868 catione
392 823 709 884 assumptus
746 815 801 869 in
841 814 1012 887 gloria
1050 813 1148 871 Dei
1176 814 1357 873 Patris
1385 826 1472 874 est
1497 817 1733 873 adoran-

152 905 273 962 dus.
310 904 436 961 Haec
474 906 705 962 mutatio
750 905 989 962 dexterae
1036 904 1277 976 Excelsi,
1316 916 1380 963 ut
1404 908 1462 964 in
1508 907 1731 964 excelso

151 999 351 1054 throno
399 1008 641 1070 paternae
680 999 986 1066 majestatis
1034 1000 1205 1056 bomo
1244 1001 1433 1057 sedeat
1462 999 1612 1072 juste
1640 999 1733 1072 ju-

150 1091 341 1148 dicans
368 1092 553 1149 omnia
588 1107 714 1148 cum
751 1090 932 1159 Patre,
965 1093 1059 1164 qui
1095 1092 1238 1165 apud
1265 1092 1488 1165 iniquos
1507 1092 1727 1163 judices

146 1181 420 1250 judicatus
445 1189 531 1237 est
559 1179 781 1251 injuste.
830 1179 933 1239 llic
961 1190 1048 1239 est
1085 1180 1248 1239 Jesus
1274 1181 1593 1239 Nazarenus
1614 1181 1731 1240 Rex

148 1270 485 1340 Jndaeorum,
536 1272 592 1328 id
641 1279 728 1329 est
775 1273 1157 1330 confitentium
1206 1273 1394 1330 lesum
1425 1271 1730 1342 Christum,

148 1371 202 1417 et
227 1361 628 1430 venerantium,
682 1362 828 1433 quod
879 1363 1088 1419 bomini
1146 1362 1410 1419 crucillxo
1465 1377 1621 1434 aeque
1672 1371 1733 1419 ut

148 1453 295 1510 Patri
350 1452 464 1509 Deo
489 1453 826 1525 impassibile
854 1455 1104 1527 congruit
1148 1455 1314 1526 buius
1349 1455 1493 1512 tituli
1517 1455 1732 1528 signill-

149 1557 353 1604 eatum.
404 1545 541 1602 Nam
570 1556 625 1603 et
674 1546 834 1603 Pater
857 1555 914 1605 et
969 1546 1193 1604 Verbum
1221 1556 1276 1603 et
1304 1545 1543 1620 Spiritus
1594 1565 1728 1608 san-

148 1648 290 1706 ctus,
324 1647 434 1695 tota
478 1637 724 1696 videlicet
752 1646 943 1700 sancta
970 1635 1231 1706 Trinitas,
1255 1647 1340 1695 est
1368 1653 1511 1696 unus
1553 1638 1730 1698 salva-

149 1742 254 1799 tor,
287 1744 535 1799 sanctus,
574 1748 770 1804 regens
797 1733 1004 1800 omnia,
1030 1740 1088 1788 et
1127 1740 1238 1789 tota
1267 1731 1434 1804 hujus
1458 1734 1611 1804 regni
1636 1749 1732 1804 po-

149 1824 318 1881 tentia
349 1825 405 1881 in
447 1824 589 1880 tituli
643 1823 1001 1895 inscriptione
1041 1822 1348 1895 significata
1380 1824 1588 1880 bomini
1636 1839 1732 1880 as·

149 1927 369 1989 sumpto
424 1917 550 1973 data
586 1925 672 1974 est
725 1916 940 1974 occulte
981 1916 1036 1972 in
1067 1915 1153 1972 sui
1208 1917 1590 1988 conceptione,
1637 1917 1732 1973 sed

149 2009 436 2067 manifeste
482 2009 537 2065 in
585 2008 1006 2066 resurrectionis
1046 2015 1103 2064 et
1146 2008 1491 2065 ascensionis
1518 2008 1731 2081 glot-itl-

146 2103 382 2170 catione,
406 2101 537 2173 quia
564 2110 697 2159 tunc
737 2101 962 2158 intravit
996 2101 1053 2158 in
1080 2100 1313 2172 gloriam
1346 2117 1503 2159 suam
1536 2102 1733 2158 hnma-

148 2194 392 2261 nitatem,
419 2193 488 2250 de
514 2208 623 2264 qua
649 2207 932 2263 nunquam
975 2191 1185 2248 exierat
1236 2193 1541 2250 secundum
1573 2207 1731 2249 suam

149 2284 518 2343 Divinitatem.
567 2283 665 2342 Ex.
686 2293 821 2341 tunc
861 2284 1029 2340 homo
1076 2291 1395 2354 assumptus
1419 2284 1474 2341 in
1504 2284 1729 2352 coelum,

148 2379 203 2436 id
230 2388 334 2446 est,
370 2378 428 2435 in
458 2385 698 2450 paternas
727 2377 916 2451 gloriae
942 2386 1236 2446 secretum,
1266 2378 1394 2435 licet
1414 2378 1596 2434 minor
1619 2378 1731 2436 Deo

146 2472 310 2532 Patre
335 2472 410 2529 sit
437 2473 491 2528 in
522 2481 719 2534 natura
746 2471 1009 2537 bumana,
1042 2486 1166 2543 quae
1210 2487 1312 2529 nec
1341 2472 1609 2529 minuitur
1634 2472 1735 2528 mi-

147 2563 315 2629 seria,
341 2576 441 2618 nec
477 2568 708 2633 augetur
743 2560 914 2633 gloria
948 2560 1001 2616 in
1032 2561 1119 2617 sui
1164 2560 1477 2619 conditione
1504 2580 1519 2617 ε
1551 2571 1731 2619 tamen

145 2638 323 2712 eidem
351 2652 501 2711 Patri
530 2652 759 2709 omnino
788 2652 1018 2725 aequalis
1047 2664 1133 2709 est
1163 2652 1217 2708 in
1246 2653 1492 2724 ejusdem
1524 2664 1734 2712 naturae

149 2750 405 2806 bumana}
428 2747 847 2820 glorificatione.
894 2747 1153 2820 Alioquin
1191 2748 1333 2805 tituli
1377 2764 1543 2821 super
1569 2755 1734 2821 caput

145 2841 277 2899 «lesu
314 2842 602 2913 inscriptio
628 2850 1097 2913 corrumperetur,
1127 2842 1176 2899 si
1206 2842 1419 2899 bomini
1445 2853 1733 2915 assumpto

144 2941 204 2989 et
228 2931 489 2990 crucifixo
517 2931 726 3006 aliquid
753 2932 953 2988 divinae
980 2932 1170 3005 gloria}
1195 2932 1593 3003 detraheretur,
1624 2935 1733 2994 sic-

148 3030 210 3081 Ὶῑ
239 3024 288 3080 ei
333 3023 570 3080 detrahit
599 3024 823 3093 populus
871 3025 1024 3095 touye
1059 3041 1093 3078 a
1140 3025 1338 3081 sanctis
1366 3026 1563 3096 sactus,
1599 3043 1731 3085 con·

148 3123 232 3169 tra
263 3130 427 3185 quem
470 3124 695 3172 sanctus
728 3114 839 3171 Leo
869 3131 1007 3187 papa
1034 3116 1116 3174 sic
1148 3116 1366 3174 intonat
1393 3118 1447 3173 in
1478 3135 1734 3178 sermone

150 3208 219 3263 ad
248 3207 510 3279 populum
534 3207 602 3263 de
632 3204 815 3263 Natali
860 3207 1076 3264 Domini
1114 3228 1129 3264 :
1178 3230 1198 3260 ι
1231 3209 1509 3268 Recedant
1541 3212 1734 3283 procul

148 3310 316 3373 atque
343 3300 399 3356 in
430 3300 682 3358 tenebras
709 3316 840 3358 suas
878 3301 1129 3359 recidant
1151 3302 1533 3360 baeoeticorum
1575 3319 1737 3360 mon-

150 3403 267 3451 stra
294 3393 612 3465 opinionum
642 3402 697 3450 et
724 3394 1044 3451 insanarum
1085 3396 1375 3468 sacrilegia
1409 3396 1731 3455 falsitatum.

148 3486 263 3543 Nos
305 3488 591 3545 exsultans
621 3486 678 3542 ia
700 3486 918 3543 laudem
974 3485 1072 3544 Dei
1099 3488 1406 3545 coelestium
1435 3489 1732 3547 multitudo

149 3589 207 3636 ct
236 3578 486 3637 instructi
515 3578 584 3634 ab
610 3577 819 3650 angelis
846 3578 1086 3634 docuere
1110 3588 1377 3650 pastores,
1417 3588 1477 3636 ut
1500 3579 1736 3652 cognitis

150 3681 363 3729 naturae
399 3674 676 3738 utriusqus!
707 3669 1047 3726 documentis
1088 3682 1136 3726 tlt
1168 3669 1408 3726 Verium]
1440 3673 1492 3726 in
1516 3669 1736 3726 Christo

150 3763 395 3826 homine.
423 3774 475 3818 rt
515 3765 795 3818 ῌΙιιίι-ιιιιιι
827 3766 1104 3818 beluinum
1136 3762 1424 3818 adoremus
1452 3766 1504 3818 in.
1536 3762 1732 3818 ''ferlffli

150 3857 292 3914 Nam
320 3858 367 3914 si
395 3858 535 3910 sirm
575 3858 871 3922 Apostolus
911 3858 1003 3922 nit,
1039 3858 1128 3926 ιμιι·
1160 3858 1396 3910 sitibit-ret
1451 3858 1572 3922 fleu,
1604 3874 1736 3910 unns

155 3951 387 4024 Spiritu:
423 3962 495 4002 esst
531 3950 583 4018 tl
615 3950 735 4004 Cur*
771 3966 847 4014 ιι,
891 3950 979 4018 lis]
1007 3994 1019 4014 ,
1052 3958 1260 4018 quantu
1296 3950 1468 4018 :inagis
1496 3950 1732 4006 'fer-huin

155 4059 286 4100 earo
335 4042 539 4098 lantani
587 4058 731 4094 mins
759 4054 843 4098 est
891 4042 1164 4106 chrima,
1200 4042 1288 4094 ubi
1332 4042 1568 4098 nihilest
1604 4046 1736 4098 ιιΙιιι-

154 4135 273 4192 rius
303 4134 715 4206 natzirtt!,‡1u[td
755 4150 859 4190 nun
903 4134 975 4190 sit
1027 4134 1332 4206 utriusque,
1388 4138 1536 4206 qnia,
1592 4146 1644 4190 et
1692 4134 1736 4190 si

157 4245 327 4286 unum
367 4238 551 4282 innunt
583 4228 651 4282 nl]
679 4226 1003 4290 aeternitate,
1035 4226 1180 4282 :uliud
1216 4226 1380 4298 ruspit
1412 4244 1440 4282 a
1472 4238 1732 4298 tempure,

156 4336 282 4391 qme
320 4326 499 4374 tamen
531 4322 580 4374 in
615 4322 823 4374 ultime
851 4326 1244 4386 rann-mnerunt,
1288 4334 1388 4374 nee
1436 4322 1736 4390 separatiu-

1834 447 2258 504 immensitatem
2296 447 2453 518 lingit
2477 462 2600 502 eam
2629 445 2685 502 in
2712 445 2824 502 Deo
2851 445 3036 511 talem,
3053 444 3272 517 qualem
3295 459 3420 500 eam

1833 539 2049 612 lingunt
2094 537 2402 604 Manichaei,
2449 537 2746 605 distentam
2779 536 3028 594 videlicet
3057 552 3154 607 per
3190 534 3421 608 longum

1834 630 2030 695 latum,
2070 629 2242 685 altum
2295 638 2352 686 et
2399 628 2760 700 profundum,
2805 628 3253 701 quantitativum,
3311 627 3423 683 im—

1832 738 2108 792 mensum,
2137 723 2285 795 quod
2322 732 2408 781 est
2451 724 2596 794 apud
2645 722 2769 780 illos
2813 722 3023 795 grande
3057 721 3421 779 simulacrum

1833 830 1934 885 per
1958 813 2179 870 beatum
2208 813 2575 886 Augustinum
2609 812 2663 868 in
2693 812 2838 869 libro
2862 810 3291 869 confessionum
3324 825 3419 865 ra-

1833 906 2165 964 tionabiliter
2211 905 2606 977 improbatum.
2654 904 2778 974 Quo
2802 906 2966 961 etiam
3010 903 3243 961 docente
3272 902 3421 959 didi·

1832 998 2032 1066 cimus,
2060 1013 2184 1070 quae
2205 997 2276 1056 sit
2301 997 2533 1055 latitudo
2559 997 2843 1055 charitatis
2871 1011 2981 1053 non
3004 996 3187 1054 minor
3210 996 3422 1052 bomini

1830 1098 2116 1162 assumpto
2138 1091 2288 1158 data,
2321 1106 2489 1163 quam
2540 1088 2720 1147 Verbo
2767 1090 2978 1158 innata,
3021 1089 3153 1161 quia
3192 1104 3302 1144 non
3349 1087 3422 1145 ad

1831 1196 2147 1238 mensuram
2180 1182 2393 1253 accepit
2442 1181 2733 1253 Spiritum,
2784 1179 2883 1251 qui
2913 1188 3001 1237 est
3025 1179 3144 1251 ipsa
3171 1178 3419 1237 charitas

1829 1274 2012 1332 Patris
2039 1282 2094 1331 et
2139 1273 2285 1332 Filii.
2354 1273 2535 1331 Patris
2577 1274 2703 1331 dico
2750 1273 3029 1345 diligentis
3071 1272 3143 1329 ab
3189 1280 3419 1339 aeterno,

1830 1382 1974 1438 quos
2016 1366 2429 1440 praedestinavit
2463 1366 2534 1422 ab
2571 1375 2776 1423 aeterno
2819 1365 2874 1421 in
2923 1363 3064 1421 Filio
3108 1370 3339 1430 aeterno,
3364 1370 3423 1418 et

1831 1460 1950 1517 liaec
1994 1459 2301 1516 dilectionis
2337 1459 2618 1516 aeternitas
2671 1458 2762 1513 illa
2812 1467 2897 1514 est
2943 1445 3251 1528 longitudo,
3296 1470 3422 1526 quae

1831 1551 2017 1608 innata
2045 1562 2132 1610 est
2158 1549 2340 1608 Verbo
2368 1559 2423 1608 et
2443 1551 2568 1611 data
2598 1559 2685 1608 est
2710 1549 2919 1607 homini
2949 1558 3270 1620 assumpto;
3308 1563 3421 1620 qua

1831 1643 2067 1715 denique
2092 1642 2139 1700 si
2168 1652 2401 1708 careret,
2430 1641 2569 1700 falso
2594 1641 2647 1699 in
2681 1641 2824 1698 tituli
2857 1640 3214 1713 inscriptione
3258 1637 3420 1696 Jesus

1832 1736 2150 1792 nominatus
2197 1744 2366 1803 esset,
2397 1735 2546 1807 quod
2591 1734 2686 1806 qui
2736 1749 2847 1791 non
2887 1733 3139 1800 credunt,
3171 1731 3416 1799 titulum,

1831 1836 2102 1899 quantum
2149 1826 2205 1883 in
2237 1842 2317 1894 se,
2369 1834 2750 1898 corrumpunt.
2797 1823 3060 1884 Similiter
3109 1823 3418 1880 sublimitas

1830 1918 2108 1990 potentiae,
2133 1917 2576 1989 profundumque
2615 1915 2896 1988 sapientiae
2934 1915 3134 1971 divinae
3160 1914 3419 1987 agnosci-

1830 2020 1922 2066 tur
1958 2010 2183 2068 intituli
2215 2008 2573 2082 inscriptione
2608 2025 2677 2066 ex
2722 2007 2869 2079 regis
2905 2007 3155 2075 nomine,
3197 2006 3290 2063 cui
3315 2006 3420 2061 da·

1831 2110 1948 2157 tum
2000 2112 2085 2161 est
2125 2102 2310 2159 omnia
2357 2109 2608 2174 potenter
2647 2108 2704 2158 et
2754 2101 3034 2171 sapienter
3079 2096 3419 2172 gubernandi

1831 2194 2034 2251 virtute
2064 2194 2353 2251 immensa.

1902 2286 2060 2344 Unde
2085 2295 2141 2343 et
2169 2302 2272 2360 ego
2312 2286 2546 2342 laudabo
2585 2284 2807 2343 Verbum
2843 2284 2961 2353 Dei,
3009 2285 3133 2357 pelli
3158 2285 3423 2342 humani·

1832 2380 1962 2437 tatis
2004 2388 2179 2437 totum
2229 2379 2555 2450 inscriptum
2588 2377 2862 2435 :laudubo
2900 2387 2956 2434 et
3003 2379 3281 2435 bominem
3322 2377 3419 2433 tali

1831 2473 2160 2544 incriptione
2212 2471 2657 2539 honorificatum,
2702 2479 2757 2527 et
2799 2470 3020 2542 proprie
3079 2471 3421 2528 salvatorem

1830 2563 2003 2622 Deum
2032 2563 2377 2622 nominatum
2419 2579 2530 2619 non
2574 2564 2752 2620 solum
2807 2579 2840 2618 a
2883 2560 3060 2620 Pilato
3080 2563 3136 2618 in
3161 2563 3303 2620 tituli
3334 2564 3423 2620 in·

1832 2658 2153 2731 scriptione,
2185 2656 2279 2714 sod
2312 2656 2478 2715 etiam
2509 2655 2581 2712 ob
2604 2657 2799 2729 angelo
2826 2656 2883 2712 in
2923 2657 3095 2726 ipsius
3123 2658 3420 2710 {minimum

1831 2749 2232 2808 incarnationis
2257 2749 2676 2806 annuntiatione
2701 2767 2717 2806 t
2749 2768 2770 2802 t
2791 2748 2979 2814 1⁴20oest
3015 2750 3214 2818 inquil,
3244 2770 3264 2802 ι
3284 2766 3384 2803 nnn
3404 2782 3420 2790 =

1831 2841 2023 2913 cipies,
2047 2848 2104 2897 et
2132 2838 2315 2912 paries
2342 2837 2568 2907 Filium,
2596 2848 2654 2895 et
2690 2839 2912 2896 vocabis
2959 2858 3151 2894 innuen
3187 2842 3304 2911 ejus
3328 2838 3420 2894 le*

1832 2947 1955 2989 sum
1988 2930 2142 3005 (Luc.
2200 2946 2241 2996 t,
2292 2930 2449 3003 51).»
2509 2928 2578 2988 Et
2636 2931 2705 2987 ad
2765 2929 2963 3003 Josepli
2995 2951 3007 2987 ι
3035 2955 3055 2983 ι
3079 2933 3224 2999 Noli,
3252 2955 3268 2983 ι
3340 2935 3424 2987 ἱιιψ

1832 3024 1973 3097 quit,
2019 3025 2255 3081 «timere
2309 3023 2558 3094 accipere
2612 3022 2842 3079 Mariam
2885 3027 3171 3095 conjugi-in
3228 3035 3416 3079 turini:

1832 3115 1981 3186 quod
2008 3115 2155 3171 enim
2196 3114 2255 3169 in
2282 3129 2349 3171 ea
2380 3122 2574 3170 natum
2601 3120 2707 3181 est,
2741 3113 2810 3169 de
2839 3112 3043 3184 Spiritu
3083 3125 3276 3167 sancit}
3304 3123 3416 3171 est:

1830 3209 2010 3281 pariet
2037 3218 2216 3265 autem
2243 3201 2438 3274 liliuin,
2467 3215 2524 3264 et
2566 3207 2791 3264 vocabis
2822 3222 3023 3264 nomen
3051 3207 3174 3279 ejus
3198 3206 3420 3264 lesum:

1833 3301 1951 3374 ipse
1970 3301 2116 3359 enim
2145 3301 2357 3357 salvum
2403 3298 2569 3355 saciet
2610 3298 2875 3370 populum
2909 3313 3071 3355 suum
3119 3314 3152 3354 a
3184 3298 3424 3369 peccatis

1833 3410 2029 3452 eorum
2059 3392 2277 3465 (Mami.
2303 3410 2343 3462 ι,
2364 3391 2457 3461 20,
2484 3391 2601 3461 2¹).
2626 3410 2646 3445 ι
2680 3389 2857 3447 Homo
2880 3405 3033 3462 ergo,
3070 3389 3165 3461 qui
3209 3389 3422 3446 salvum

1835 3485 1969 3544 facit
1996 3486 2259 3557 populum
2293 3500 2456 3541 suum
2486 3499 2517 3540 a
2546 3482 2783 3555 peccatis
2822 3497 3040 3550 eorum,
3061 3481 3210 3553 quod
3250 3482 3425 3539 solius

1834 3577 1933 3637 Dei
1960 3593 2102 3649 opus
2125 3584 2230 3644 est,
2270 3576 2388 3649 ipse
2423 3577 2613 3648 utique
2633 3591 2800 3633 verus
2823 3574 2974 3632 Deus
3002 3585 3107 3632 est.

1908 3670 1967 3727 ln
1997 3672 2106 3728 boc
2151 3671 2257 3727 Deo
2311 3670 2518 3742 speravi
2561 3686 2594 3727 a
2630 3671 2873 3741 peccatis
2919 3669 3062 3727 meis
3104 3668 3327 3727 liberari
3370 3676 3428 3724 ct

1838 3764 2061 3831 salvari,
2090 3764 2220 3821 dum
2251 3762 2446 3819 insisto
2463 3761 2721 3819 laudibus
2747 3762 2869 3832 ejus
2896 3777 3008 3819 non
3042 3761 3203 3832 longe
3230 3777 3261 3817 a
3290 3773 3426 3816 san-

1836 3859 1941 3915 ctis
1982 3855 2179 3924 iactus,
2223 3855 2337 3911 imo
2380 3856 2522 3913 inter
2558 3867 2746 3914 sancta
2781 3871 2882 3927 per
2905 3853 3107 3911 bonam
3131 3854 3425 3920 actionem,

1836 3958 1892 4006 et
1920 3946 2120 4005 Sancta
2148 3957 2465 4005 sanctorum
2497 3963 2595 4020 per
2624 3957 2871 4004 sanctam
2906 3945 3425 4017 contemplationem

1836 4041 2070 4112 positus.
2098 4038 2165 4097 Et
2193 4039 2314 4097 ideo
2340 4056 2445 4095 non
2482 4040 2671 4095 timebo
2718 4038 2848 4111 qnid
2874 4037 3043 4110 faciat
3080 4037 3211 4092 mibi
3244 4038 3426 4107 horno,

1837 4133 1931 4191 ille
1959 4131 2209 4190 videlieet
2237 4133 2413 4202 homo,
2446 4133 2516 4190 de
2536 4130 2725 4205 quoin
2762 4131 3035 4204 principio
3062 4129 3258 4203 psalmi
3286 4128 3425 4197 dixi,

1836 4227 2089 4298 quoniam
2138 4226 2469 4282 conculcavit
2517 4241 2598 4281 mc
2649 4225 2823 4281 homo.
2877 4223 3020 4293 Quid
3067 4222 3211 4280 enim
3248 4231 3429 4295 potest

1836 4318 1973 4375 mibi
2002 4317 2181 4375 iacere
2205 4318 2331 4377 talis
2363 4318 2517 4374 Ιιοηιο
2548 4316 2659 4376 nisi
2705 4317 2761 4374 in
2800 4317 3186 4385 exterioribus,
3224 4316 3428 4388 quibus

157 4428 283 4467 nent
322 4422 551 4482 possunt
599 4412 819 4476 habere,
863 4426 959 4466 nei:
991 4414 1176 4474 linunt.
1220 4414 1348 4466 ιΙιιιιι
1396 4414 1644 4466 manans
1684 4422 1736 4466 nl.
1772 4424 1812 4481 Ι)
1838 4420 2099 4483 tanquam
2129 4409 2305 4469 acinis
2332 4419 2533 4468 exutus
2559 4424 2660 4484 ego
2683 4410 2739 4466 in
2766 4408 3028 4467 torculari
3058 4410 3189 4477 boc,
3226 4410 3283 4464 in
3313 4423 3430 4479 qim

156 4505 427 4562 exaltatus
463 4506 771 4574 glorificans
811 4514 863 4558 ut
899 4506 1232 4570 glorificatus
1264 4510 1336 4558 itu
1408 4506 1624 4558 sibimet
1656 4506 1740 4558 in⁴

156 4602 387 4666 laterent„
431 4606 487 4654 nt
535 4598 647 4654 sive
703 4600 755 4654 in
819 4598 1236 4666 omnipotentia,
1284 4602 1392 4654 sit-e
1456 4598 1504 4650 in
1552 4610 1744 4654 ommi*

154 4694 319 4751 melia
355 4706 455 4746 net:
503 4690 683 4746 :livinii
719 4694 767 4746 in
815 4690 1039 4746 Christo
1088 4702 1308 4746 careant
1344 4690 1744 4754 {summissius

156 4790 399 4845 bumana
435 4786 655 4839 divinis,
687 4802 707 4837 ι

227 4879 431 4934 Audiat
475 4879 587 4931 limi:
647 4875 883 4947 pupulus
935 4895 1039 4931 nnn
1074 4883 1320 4939 sanutus.
1360 4875 1516 4947 lunge
1548 4895 1576 4931 a
1612 4895 1744 4931 saw

157 4972 265 5028 ctis
296 4969 495 5031 faetus,
531 4975 587 5023 [st
615 4967 833 5027 desinat
887 4971 1096 5023 {lumini
1148 4979 1432 5039 assumpto
1468 4971 1520 5023 in
1576 4971 1744 5023 [luunt

164 5062 258 5117 Dei
311 5059 555 5116 alienare
591 5059 675 5116 vel
731 5059 1152 5119 immensitatem
1220 5063 1304 5115 vul
1360 5063 1740 5127 :eternitatem

160 5152 292 5225 quia
331 5163 563 5223 utraque
591 5151 755 5207 hahet
799 5168 891 5223 ιιιιι·
935 5155 1039 5207 sihi
1092 5155 1272 5211 tlntznn
1328 5155 1648 5211 inmun-:nsum
1692 5167 1744 5211 et

159 5253 419 5301 aeternam
459 5243 823 5311 ninnium-nn,
867 5247 991 5319 quia
1023 5248 1080 5299 ιιι
1120 5247 1228 5303 Heu
1266 5247 1544 5311 dit-initas,
1596 5259 1744 5303 :eter-

159 5340 309 5396 nitas
335 5347 387 5395 et
443 5339 787 5399 imntunsilas
835 5357 1007 5399 unum
1076 5351 1160 5395 est
1208 5355 1260 5395 et
1292 5343 1428 5399 illem
1476 5359 1536 5399 tn:
1584 5323 1744 5415 pruin

161 5433 331 5489 homo
359 5431 503 5491 fluns
531 5431 711 5491 fantus
743 5435 1019 5507 quomedo
1068 5435 1232 5491 hala-‘t
1276 5427 1632 5499 dirimimus.
1666 5435 1744 5491 sie

162 5525 331 5583 habet
355 5527 775 5583 immensitatem
807 5535 859 5583 ut
887 5523 1268 5591 aeternitatem„
1304 5527 1452 5599 quud
1496 5527 1748 5583 animalis

160 5626 335 5678 bomo
367 5639 471 5675 nun
499 5619 747 5691 percipit,
771 5619 863 5695 qui
891 5635 923 5679 a
947 5619 1152 5679 saumis
1190 5619 1348 5691 lunge.
1392 5619 1564 5675 factus
1592 5635 1620 5671 a
1656 5619 1744 5671 nvi

163 5715 403 5772 essentia
431 5715 511 5771 siu
539 5715 819 5787 distinguit
843 5713 963 5787 rjus
985 5715 1360 5779 ‘aelnrnitulunn
1384 5715 1516 5767 sicut
1544 5715 1612 5767 ιιῙι
1644 5715 1732 5764 lau-

1841 4504 2046 4571 caleor,
2071 4519 2168 4561 ero
2187 4504 2398 4575 purior,
2440 4511 2496 4559 et
2532 4503 2881 4561 assimilabor
2918 4503 2997 4561 illi
3035 4504 3104 4560 de
3136 4518 3249 4575 quo
3284 4503 3429 4560 scri-

1841 4606 1998 4668 ptum
2025 4606 2144 4653 est:
2173 4595 2565 4653 ‹Pulchriores
2605 4596 2750 4653 oculi
2791 4595 2912 4668 ejus
2955 4596 3088 4652 vino
3112 4594 3295 4667 (Cant.
3323 4611 3429 4663 vn,

1842 4690 1923 4760 9),
1952 4708 1973 4743 ι
2002 4689 2084 4745 vel
2116 4688 2300 4760 potius
2332 4703 2432 4745 ero
2453 4687 2588 4743 illud
2610 4689 2800 4745 vinum
2854 4688 3081 4761 dignum
3120 4687 3323 4745 dilecto
3359 4687 3430 4743 ad

1840 4782 2166 4856 potandum,
2218 4789 2275 4839 et
2322 4780 2580 4838 dentibus
2626 4781 2778 4837 illius
2828 4780 3244 4849 ruminandum,
3279 4779 3431 4852 quod

1843 4873 2101 4930 laudatur
2141 4873 2198 4929 in
2235 4871 2478 4929 canticis
2505 4872 2882 4942 canticorum;
2913 4871 3037 4928 ldeo
3076 4888 3179 4927 non
3237 4868 3432 4925 timebo

1843 4965 1971 5037 qnid
1996 4963 2165 5036 faciat
2208 4963 2338 5018 mibi
2366 4963 2541 5019 bomo.
2579 4961 2696 5021 Hoc
2743 4963 2999 5035 superius
3038 4960 3270 5018 dicendo
3298 4976 3434 5016 con-

1844 5056 1985 5114 clusi
2032 5063 2244 5127 partem
2288 5055 2561 5127 primam,
2611 5072 2762 5114 nunc
2812 5055 3105 5127 repetendo
3161 5049 3433 5110 concludo

1842 5157 2055 5221 partem
2077 5148 2398 5205 secundam.
2441 5147 2521 5206 lbi
2543 5157 2738 5206 contra
2767 5147 2971 5204 multos
2996 5147 3262 5203 bellantes
3275 5143 3388 5202 dixi
3413 5163 3429 5201 z

1846 5239 1917 5297 In
1940 5239 2048 5296 Deo
2074 5240 2300 5312 speravi,
2316 5256 2419 5296 non
2446 5239 2635 5294 timebo
2655 5239 2785 5311 qnid
2815 5238 2981 5310 meiat
3006 5237 3140 5293 mihi
3160 5253 3309 5307 caro,
3331 5237 3432 5293 ba·

1843 5333 1980 5392 bens
2003 5333 2173 5391 Deum
2206 5348 2308 5405 pro
2342 5332 2618 5390 tutissimo
2649 5331 2881 5405 refugio,
2917 5331 2972 5387 in
3002 5345 3113 5402 quo
3138 5330 3353 5403 speravi
3374 5336 3433 5386 et

1847 5428 2081 5501 sperabo
2110 5445 2125 5483 ε
2155 5426 2247 5483 bic
2281 5441 2385 5499 pro
2411 5426 2618 5483 eisdem
2664 5425 2996 5482 bellantibus
3040 5423 3430 5481 convertendis

1844 5521 2077 5590 orando,
2089 5529 2145 5578 et
2162 5534 2264 5593 pro
2281 5519 2599 5577 eorumdem
2623 5517 2979 5576 conversione
2999 5516 3201 5591 gratias
3215 5516 3430 5588 agendo

1848 5615 1977 5672 item
2006 5612 2130 5670 dico
2157 5632 2170 5669 ε
2197 5612 2266 5668 In
2314 5613 2419 5669 Deo
2468 5613 2694 5685 speravi,
2722 5629 2825 5667 non
2859 5612 3050 5667 timebo
3087 5609 3215 5683 quid
3255 5607 3426 5680 faciat

1848 5709 1978 5765 milti
2005 5709 2177 5765 ltomo.
2199 5705 2308 5763 Pro
2331 5706 2486 5775 cuius
2515 5706 2864 5764 acceleranda
2895 5703 3248 5764 conversione
3270 5711 3423 5758 tanto
