3817 6000
102 202 154 258 113
691 191 957 253 cnncuutaatttt.
977 223 1012 234 -
1030 192 1095 249 tht.
1116 193 1159 251 lll.
1677 199 1731 259 (3(

101 330 184 391 pruna
209 313 348 371 desideria
373 328 518 385 persensus
538 310 753 368 consuetudines
777 324 843 366 suaa
866 308 894 363 in
909 315 933 374 Α
946 306 1103 379 AEdifieunit
1116 309 1184 364 eleut
1204 308 1274 362 tinen
1287 308 1395 363 domum
1408 325 1496 377 auum,
1513 319 1538 364 ct
1557 321 1626 367 nent
1643 323 1732 371 carme

101 407 271 477 uoluptatem
288 404 468 461 delectatione
485 411 649 460 conseruent
670 401 757 471 (att).
773 399 807 454 111
829 408 893 454 suunt
943 398 1008 468 serit
1034 398 1218 453 umbraculum
1241 396 1301 469 (lul
1320 414 1407 465 narrt,
1434 399 1490 471 18).
1511 398 1595 457 Tinea
1612 403 1665 459 sibi
1680 405 1730 461 do·

106 497 235 556 nonnulli
248 497 336 569 quiin
350 497 404 553 boc
414 497 518 553 mundo
527 495 637 551 diuitias
651 508 706 549 non
721 492 833 558 babent,
845 490 893 547 sed
942 506 1019 545 nrum
1030 491 1231 562 corrumpendo
1240 491 1366 548 andillcat.
1381 490 1643 564 Nccmelioripotuit
1652 510 1731 551 eom·

102 592 203 648 babere
216 589 429 661 concupiscunt.
443 588 512 644 Elati
524 604 586 645 esse
607 595 748 659 appetunt,
768 583 894 657 quamuis
943 582 1084 651 paratione
1107 581 1252 638 hereticus
1271 582 1478 649 demonstrari,
1496 582 1544 653 qui
1565 583 1655 640 locum
1676 600 1734 642 suae

103 683 130 739 in
143 683 196 737 lroc
208 681 315 736 mundo
325 679 398 751 qnod
413 680 529 751 cupiunt
551 677 675 734 obtinere
697 691 752 731 non
766 682 892 746 possunt.
942 671 1063 743 perndie
1074 687 1128 729 non
1141 672 1193 729 nisi
1210 672 1239 727 iu
1255 673 1394 729 utentibus
1408 688 1478 743 quas
1489 675 1643 745 corruperit
1656 674 1730 732 lacit

104 775 210 832 Etenim
231 789 296 830 curu
318 772 401 829 nullis
424 772 506 829 rebus
529 771 571 827 rel
589 770 740 826 horroribus
753 767 814 824 lulli
829 767 893 836 sint,
943 764 996 832 Qui
1008 764 1090 820 etiam
1102 780 1233 836 sequaces
1250 780 1316 821 suos
1331 764 1366 820 ab
1379 775 1485 820 aetcrnn
1498 765 1562 837 igne
1577 775 1605 821 et
1619 766 1732 823 liberos.

103 884 151 938 per
163 865 239 921 mala
260 875 352 921 tamen
363 864 499 921 desideria
514 864 542 918 in
554 871 701 934 conspectu
725 861 825 917 interni
847 860 895 931 ju·
945 855 1066 928 Spondet
1075 858 1175 929 quippe
1185 857 1226 914 eis
1241 856 1415 931 refrigerium
1431 858 1532 928 quietis
1548 867 1665 915 aeterne.
1680 860 1734 918 Sed

102 960 171 1016 dinis
196 974 262 1014 reos
276 958 445 1015 conscientia
469 956 580 1013 addicit.
607 954 682 1011 Talis
704 954 804 1010 etenim
815 954 894 1025 quis·
944 954 1027 1010 rerba
1041 952 1103 1023 ejus
1117 954 1283 1011 soliditatem
1294 970 1349 1010 non
1365 954 1477 1022 babent,
1488 954 1554 1025 quia
1565 955 1735 1025 plenitudine

102 1051 253 1124 que165
277 1051 439 1122 plerumque
456 1050 517 1106 ideo
531 1049 669 1121 affligitur,
698 1047 763 1119 qnia
783 1045 896 1101 ditesce·
944 1047 1067 1104 ueritatis
1079 1056 1182 1103 carent.
1197 1044 1275 1103 Unde
1297 1046 1493 1118 subiungitur:
1510 1046 1545 1101 Et
1560 1048 1628 1102 sicut
1645 1058 1733 1103 curten

103 1158 178 1199 reae
201 1140 346 1212 superbire
361 1157 416 1197 non
428 1141 564 1212 prevalet
581 1138 619 1195 be
633 1154 690 1210 quo
703 1146 730 1194 et
745 1137 894 1194 subditur:
946 1140 1009 1210 fecit
1030 1138 1224 1196 umbraculum.
1250 1137 1444 1195 Umbraculum
1471 1155 1589 1211 namque
1610 1137 1734 1195 custodis

101 1230 179 1286 ,llius
214 1248 276 1285 nero
296 1231 412 1285 irretitur
430 1231 458 1284 in
474 1230 655 1284 amaritudine
677 1228 773 1283 artimoe
799 1226 896 1298 uisque
946 1233 1022 1288 nullo
1033 1231 1211 1288 laudamento
1224 1232 1367 1299 solidatur,
1377 1235 1424 1289 sed
1436 1240 1558 1304 tempore
1571 1248 1635 1289 mor
1644 1240 1735 1289 trans·

101 1321 165 1375 ullis
191 1322 327 1391 operibor.
353 1320 423 1378 Eece
439 1322 512 1377 unde
535 1320 612 1377 diues
623 1321 743 1391 superbo
760 1318 843 1376 corde
856 1319 897 1374 iu-
945 1333 1028 1379 eunte
1045 1322 1205 1379 destruitur.
1222 1320 1256 1377 Et
1268 1323 1403 1392 promissa
1426 1327 1461 1382 ab
1475 1322 1609 1380 hereticis
1624 1323 1735 1394 requies

103 1412 197 1467 aeriter
212 1414 325 1484 gaudet,
343 1414 407 1469 inde
419 1428 524 1485 pauper
533 1413 605 1468 alius
615 1411 735 1482 superbo
755 1411 838 1467 eorde
851 1411 895 1466 in·
945 1432 1009 1473 enm
1030 1414 1398 1485 temporedestruitnr,quia
1415 1415 1655 1487 pnstbaneritam
1670 1414 1735 1471 uul-

101 1504 163 1558 anis
172 1505 319 1576 affligitur.
334 1503 407 1560 Beue
418 1513 508 1559 autern
523 1504 557 1559 de
572 1501 807 1573 utrisquedieitur
827 1520 835 1555 :
860 1499 896 1554 Et
946 1508 1054 1563 lemnus
1066 1504 1214 1560 inii-enimn.

102 1604 193 1648 tanen
202 1595 285 1649 timul
290 1596 317 1649 in
324 1594 428 1664 puluere
435 1594 564 1648 dormient
574 1603 599 1647 et
609 1608 705 1646 detinet
715 1572 829 1662 operient
840 1608 894 1646 ena.
1178 1598 1256 1670 107
1268 1597 1382 1655 CAPUT
1397 1598 1504 1654 xxxv,

102 1685 131 1740 ln
144 1686 262 1757 puluere
275 1688 349 1743 eninr
363 1686 494 1751 dormire,
521 1685 605 1740 estin
622 1684 739 1740 terrenis
753 1683 896 1740 desideriis
911 1671 933 1726 Β
1265 1705 1299 1744 ne
1320 1705 1418 1746 enirm,

103 1781 201 1836 unitos
212 1779 342 1836 claudere
355 1781 464 1837 urentis.
479 1778 556 1835 Unde
570 1779 717 1849 unicuique
730 1776 852 1848 peccanti
868 1776 895 1831 in
983 1782 1058 1853 (111)
1088 1780 1184 1838 Erneae
1209 1783 1321 1838 nomine
1339 1783 1447 1838 luxuria
1471 1782 1642 1854 designatur,
1664 1781 1736 1837 sicut

104 1887 153 1925 sua
172 1872 255 1942 culpa
268 1869 416 1926 dormienti
432 1871 552 1927 dicitur:
571 1868 655 1941 Surge
676 1870 722 1941 qui
738 1869 849 1937 dormit,
870 1878 895 1924 et
945 1872 1005 1929 duel
1016 1873 1147 1944 propheta
1164 1871 1250 1929 dicit:
1267 1872 1411 1929 Residuum
1424 1890 1510 1928 eructa
1531 1873 1644 1928 concedit
1662 1872 1735 1928 locu·

104 1979 246 2034 mureto
262 1963 384 2030 mortuis,
394 1972 420 2017 et
430 1960 595 2018 illuminabit
610 1959 771 2017 lesslttt'atut
786 1960 895 2032 (Endes-
946 1975 1000 2033 stu,
1020 1976 1046 2020 et
1065 1965 1201 2020 residuum
1227 1964 1337 2020 locustoe
1356 1965 1469 2019 comedit
1487 1966 1610 2032 diucius,
1630 1975 1655 2020 et
1671 1964 1736 2019 reri·

104 2069 132 2121 r,
154 2054 212 2125 11).
238 2052 438 2122 Verntesvero,
459 2054 507 2126 qui
528 2055 561 2111 dc
580 2070 663 2111 carne
676 2063 838 2120 nascuntur,
849 2067 898 2109 eos
946 2058 1030 2113 duum
1043 2058 1136 2113 bruell
1152 2057 1266 2113 comedit
1277 2057 1369 2128 rubigo
1383 2056 1464 2130 (leel.
1477 2074 1496 2123 t,
1511 2056 1549 2129 1).
1566 2056 1643 2129 Saepe
1658 2072 1737 2114 utens

105 2146 335 2217 duntoperient,
349 2147 414 2218 quia
434 2148 492 2202 sire
502 2146 611 2215 diuitis,
625 2147 682 2203 siue
703 2145 832 2217 pauperis
850 2160 898 2200 su·
947 2150 1059 2216 misera,
1073 2149 1138 2222 quid
1146 2148 1202 2219 jam
1219 2150 1360 2205 transierit
1373 2151 1400 2204 in
1417 2165 1447 2205 se
1460 2148 1575 2219 peccati,
1587 2148 1675 2215 videt3
1688 2147 1736 2205 sed

105 2239 260 2309 perbientis
273 2239 397 2295 animum
414 2255 488 2295 curae
501 2239 628 2296 carna!es
644 2248 783 2309 premunt.
809 2236 839 2291 ln
853 2251 898 2292 re-
947 2240 995 2296 nbi
1006 2240 1096 2296 adbuc
1109 2242 1270 2308 retineatur,
1283 2256 1338 2295 non
1352 2241 1435 2296 ridet.
1451 2239 1559 2296 Gaudet
1577 2240 1611 2294 de
1622 2239 1737 2311 quibus·

106 2332 162 2387 bus
172 2332 246 2387 eninr
257 2332 385 2399 terrenis,
397 2340 538 2404 pauperet
549 2332 626 2388 dirce
641 2332 786 2403 reprobus,
800 2344 899 2400 quam·
946 2334 1011 2389 dam
1024 2334 1109 2401 vitiis,
1122 2335 1187 2406 quin
1201 2335 1241 2390 cis
1251 2333 1309 2404 jam
1324 2335 1446 2405 sultjectu
1461 2334 1574 2400 nonsit,
1595 2342 1622 2389 et
1635 2348 1738 2405 pranca-

105 2424 148 2480 ris
162 2440 217 2480 non
230 2424 289 2496 pari
302 2425 482 2496 prosperitate
493 2424 652 2493 iniciuntur,
668 2425 727 2495 pari
741 2431 832 2479 tamen
847 2439 898 2478 an·
948 2439 1012 2481 rere
1031 2440 1065 2481 ae
1076 2441 1185 2498 gemere
1199 2426 1322 2497 negligit,
1334 2427 1400 2498 quia
1413 2441 1509 2482 corum
1524 2423 1585 2481 uice
1597 2439 1737 2482 successe·

108 2517 210 2569 rietate
223 2514 381 2583 turbantur,
392 2515 456 2588 quia
467 2516 541 2587 quod
559 2516 605 2573 ille
618 2516 675 2587 jam
686 2531 748 2571 eum
765 2522 838 2571 metu
850 2514 900 2569 ba·
948 2525 1013 2571 runt
1026 2516 1080 2572 alia
1097 2518 1199 2587 quibus
1217 2516 1333 2573 lortasse
1356 2517 1473 2589 nequius
1495 2516 1661 2573 succumbit.
1678 2515 1736 2571 Sic·

7 2588 8 2679 l
107 2607 162 2674 bet,
179 2607 233 2662 iste
252 2606 309 2676 iarn
333 2623 397 2664 cum
410 2609 548 2665 anxietate
560 2608 672 2680 appetit.
690 2607 744 2664 Sed
767 2608 831 2678 quia
850 2607 900 2662 lra-
948 2622 1002 2679 que
1018 2608 1049 2663 llt
1062 2617 1102 2675 nt,
1116 2607 1183 2664 dum
1200 2608 1332 2664 allavilla
1347 2618 1490 2664 transeunt
1504 2617 1532 2664 ct
1553 2624 1660 2679 semper
1684 2607 1737 2663 alia

108 2700 172 2754 bere
197 2715 255 2755 non
285 2699 356 2756 valet
378 2711 405 2756 et
423 2700 496 2759 dolet
514 2701 632 2767 dicatur,
659 2698 740 2755 nimnl
751 2700 779 2753 in
795 2697 900 2771 pulnere
948 2699 1109 2765 succedunt,
1123 2699 1318 2756 adiaboloeor
1333 2700 1513 2770 reproborum
1526 2699 1585 2755 sine
1598 2697 1737 2755 iutcrmls·

108 2793 253 2856 dormient,
267 2802 294 2846 et
310 2809 409 2848 uermes
424 2794 540 2864 operient
556 2810 614 2860 eos,
628 2791 694 2864 quia
709 2799 737 2848 et
753 2792 776 2849 si
789 2807 845 2847 non
859 2791 899 2848 si*
949 2790 1027 2847 sione
1038 2798 1172 2845 tencatur.
1188 2789 1260 2846 Bene
1270 2805 1336 2862 ergo
1348 2789 1450 2846 dicitur
1463 2806 1470 2842 ε
1485 2789 1631 2845 Rmiduunn
1651 2805 1738 2845 eruce

108 2885 166 2941 mul
179 2883 263 2940 rebus
278 2885 474 2956 temporalibus
500 2885 689 2950 subleventur,
714 2885 796 2942 simul
809 2894 899 2941 tamen
949 2882 1062 2938 eomedit
1084 2880 1199 2948 locusta,
1216 2894 1241 2938 et
1262 2882 1396 2938 residuum
1410 2882 1519 2937 locustae
1539 2881 1651 2936 comedit
1675 2880 1738 2935 dru-

108 2975 212 3032 ineura
222 2990 315 3032 rerum
332 2976 523 3048 temporalium
539 2975 639 3033 mentis
657 2984 767 3047 torpore
783 2975 898 3046 sopiun·
912 3017 934 3077 c
949 2975 1024 3042 elus,
1041 2985 1065 3030 et
1077 2976 1211 3030 residuum
1229 2974 1321 3030 broelli
1334 2975 1446 3030 comedit
1459 2973 1562 3047 rubigo.
1578 2972 1649 3042 Quid
1664 2973 1737 3030 enin

108 3078 165 3123 tur.
178 3066 383 3140 Simulqueeos
394 3085 501 3126 uermes
513 3070 651 3140 operiunt,
675 3070 741 3142 quia
757 3069 799 3124 vel
816 3070 897 3126 istum
951 3086 1000 3143 per
1010 3085 1132 3137 erucam,
1146 3085 1207 3141 qnae
1219 3078 1277 3127 toto
1292 3069 1319 3124 in
1332 3078 1432 3124 tet-ram
1445 3082 1561 3137 corpore
1583 3067 1663 3137 repit,
1678 3065 1733 3121 nisi

111 3168 141 3215 at
157 3161 306 3232 concupita
330 3161 439 3230 babeat,
459 3162 500 3218 rel
527 3163 602 3218 illurn
623 3178 657 3218 ne
683 3162 775 3219 babitu
794 3163 901 3219 amittat
950 3162 1059 3218 luxuria
1077 3163 1248 3233 designatur,
1260 3176 1322 3233 quae
1340 3176 1389 3216 cor
1408 3160 1481 3230 quod
1497 3167 1570 3214 tenet
1585 3159 1621 3213 ita
1643 3157 1739 3222 polluit

109 3252 237 3311 carnales
252 3255 434 3326 cogitationes
447 3265 584 3327 premunt.
951 3264 982 3310 ut
994 3256 1021 3310 in
1034 3253 1184 3325 superioris
1199 3254 1339 3309 munditiae
1355 3268 1466 3324 surgere
1477 3265 1600 3306 amorem
1610 3258 1738 3321 nequeat.

379 3369 493 3427 CAPUT
514 3368 636 3428 xmp·
951 3347 1022 3416 Quid
1034 3363 1082 3418 pet·
1092 3348 1240 3411 lucustam,
1254 3362 1316 3418 quae
1327 3344 1444 3402 saltibus
1455 3343 1555 3409 evolat,
1571 3341 1626 3399 nisi
1649 3340 1739 3396 inultis

437 3477 471 3517 »Β
486 3478 576 3518 „m
951 3440 1037 3512 gloria
1057 3439 1219 3509 exprimitur
1243 3453 1306 3510 quae
1328 3452 1358 3492 se
1378 3437 1456 3492 vanis
1479 3431 1739 3506 presumptionibus

112 3550 149 3610 g„
169 3551 309 3624 &dmm
331 3569 409 3608 „m
423 3555 500 3610 pm
521 3553 627 3608 mg„
648 3551 793 3624 ,regnaudo
812 3552 901 3607 mg,
950 3530 1153 3599 exaltatlQuid
1169 3545 1217 3602 per
1235 3529 1380 3596 bruchum,
1394 3528 1474 3598 cujus
1489 3541 1559 3598 pene
1572 3533 1659 3581 totum
1673 3540 1737 3580 eor·

151 3625 272 3692 tentatio,
280 3623 424 3695 aliquunde
433 3624 556 3680 heretica
572 3623 690 3694 praeitur
697 3621 863 3695 intelligitur.
951 3640 1003 3695 pns
1021 3624 1048 3678 in
1060 3632 1153 3680 uentre
1166 3622 1314 3694 colligitur,
1331 3620 1384 3676 nisi
1399 3619 1497 3675 edendi
1520 3617 1656 3690 ingluvies
1671 3617 1735 3688 llgu·

152 3716 231 3789 (211)
253 3715 345 3775 Tinea
361 3717 472 3775 nomine
491 3716 583 3773 carnis
605 3717 717 3773 tentatio
732 3715 899 3788 designatur,
946 3716 1049 3778 ‚raturl
1064 3714 1135 3783 Quid
1146 3730 1194 3785 per
1210 3714 1375 3784 rubiginem,
1386 3728 1448 3783 quae
1462 3712 1527 3768 dunt
1546 3710 1631 3782 tangit
1646 3709 1740 3764 ineen-

112 3808 188 3866 sicut
201 3808 229 3863 in
245 3823 360 3879 persona
375 3807 470 3863 tentati
482 3806 603 3863 hominis
614 3821 663 3878 per
675 3807 785 3863 beatum
797 3805 849 3863 lob
860 3805 902 3864 di·
951 3807 1003 3875 dit,
1015 3807 1068 3862 nisi
1083 3808 1124 3862 ira
1134 3806 1278 3862 innuitur?
1296 3804 1440 3860 lleaiduum
1456 3818 1521 3873 ergo
1534 3819 1620 3857 eruce
1635 3800 1739 3858 laeuam

111 3901 206 3957 citur:
222 3898 275 3966 out
293 3901 371 3972 quani
388 3899 500 3970 putredo
510 3899 702 3956 contramandate
712 3907 815 3966 tumet
825 3897 902 3970 qumi
951 3899 1075 3965 comedit,
1088 3899 1151 3970 qnia
1164 3912 1235 3968 saepe
1246 3912 1310 3953 cum
1325 3896 1441 3951 luxuriae
1450 3896 1547 3950 uitium
1562 3910 1578 3950 a
1592 3903 1683 3949 rutente
1695 3908 1726 3948 re

111 3992 373 4066 mtimeatumquod
383 3989 699 4061 comediturutineuldol
712 3991 901 4065 xrrt,28).ilo-
951 3990 1086 4057 cesserit,
1105 3988 1195 4045 inanis
1209 3987 1297 4060 gloria
1319 3985 1434 4042 accedit.
1459 3982 1528 4039 llam
1542 3984 1605 4056 quia
1617 3984 1675 4056 jam
1690 3998 1740 4056 per

113 4100 160 4141 ruo
175 4084 252 4142 enim
264 4086 342 4156 quasi
357 4082 760 4158 putredeconsumitur,1oe
772 4085 902 4142 dumcar·
951 4097 1073 4140 amorem
1085 4081 1177 4136 carnis
1188 4094 1242 4137 non
1255 4079 1397 4145 sternitur,
1413 4078 1492 4149 quasi
1507 4086 1602 4132 saneta
1613 4074 1740 4132 creasti-

112 4180 158 4235 nis
173 4193 233 4235 suae
245 4177 423 4249 corruptione
437 4175 598 4234 conteritur.
613 4175 666 4232 Cui
679 4177 743 4249 quia
761 4178 900 4235 immunda
951 4187 1007 4234 tate
1019 4176 1160 4250 gloriatur.
1178 4173 1213 4231 m
1226 4172 1361 4230 residuum
1371 4171 1481 4228 locuste
1491 4170 1604 4226 comedit
1614 4169 1739 4237 lrucbna,

112 4269 229 4325 tentatio
256 4285 311 4324 nnn
334 4267 455 4335 aliunde,
476 4267 524 4324 sed
543 4265 577 4322 de
598 4266 744 4338 semetipso
768 4268 900 4335 nuscitur,
950 4271 1017 4343 quia
1030 4284 1101 4340 saepe
1113 4283 1176 4325 cum
1193 4267 1269 4322 inani
1293 4265 1398 4339 gloria,
1412 4261 1474 4336 quae
1486 4261 1566 4335 quasi
1586 4277 1620 4318 cr
1633 4261 1739 4319 sancti-

112 4360 278 4415 moretinere
286 4373 395 4414 minem
408 4355 899 4431 montio,quasivestemdequaerlt‚
915 4366 1009 4422 litate
1029 4361 1154 4418 vendebat
1172 4359 1320 4425 resistitur,
1332 4356 1373 4413 uel
1385 4355 1484 4421 uentri,
1503 4354 1545 4409 rel
1568 4351 1740 4424 quibuslibet

112 4452 263 4507 consumi&
280 4449 310 4505 lu
335 4450 481 4521 semetipso
506 4449 607 4522 quippe
626 4450 709 4506 homo
730 4448 811 4504 habel
830 4449 901 4506 unde
951 4453 1109 4512 ambitionis
1119 4450 1261 4509 desideriis
1272 4448 1478 4506 immoderatius
1489 4447 1652 4520 indulgetur.
1664 4444 1741 4503 lteri

113 4551 243 4598 tentetur.
258 4539 343 4609 Qttasi
357 4556 422 4614 ergo
436 4542 510 4598 tinea
526 4551 629 4598 restem
644 4543 785 4597 consumit
797 4557 900 4613 queen
951 4547 1023 4603 enim
1037 4544 1085 4600 liei
1096 4544 1188 4599 nescia
1199 4552 1275 4598 tanto
1289 4541 1410 4596 atrtteius
1429 4540 1463 4595 ad
1478 4539 1628 4610 quemlibet
1647 4538 1738 4594 atribi-

114 4644 191 4689 neste
205 4632 301 4688 eadem
318 4641 462 4704 processit.
486 4630 632 4690 Sciendum
646 4648 757 4705 quoquc
771 4631 846 4704 quod
868 4632 903 4688 ti·
952 4647 1011 4694 tum
1022 4636 1141 4704 ducitur,
1157 4644 1261 4707 quanto
1274 4634 1350 4689 nullo
1360 4632 1402 4688 uel
1414 4632 1636 4688 bumanaelaudis
1646 4646 1741 4687 amore

115 4740 164 4780 nea
185 4725 247 4781 sine
265 4724 356 4780 sonitu
369 4724 489 4797 periurat
505 4726 715 4781 uestimentum:
734 4734 762 4782 ct
782 4725 903 4796 plerun-
951 4729 1116 4786 relrenatur.
1136 4726 1279 4784 desideum
1303 4741 1368 4782 rero
1389 4724 1481 4779 druclti
1495 4720 1739 4795 ruliqocomunrit,

115 4832 167 4888 quc
178 4817 309 4889 eogitatio
319 4817 355 4873 ita
365 4816 498 4890 transfigit
508 4826 638 4885 mentem,
649 4827 679 4876 ut
689 4832 766 4874 mens
778 4817 836 4889 ipsa
848 4832 901 4873 non
952 4823 1018 4894 quia
1029 4820 1094 4877 dum
1108 4821 1212 4878 netttris
1220 4819 1353 4892 ingluvies
1364 4834 1412 4890 per
1424 4817 1616 4873 abstinentiam
1625 4814 1741 4873 restrin-

116 4908 225 4977 aentiat,
246 4908 299 4964 nisi
321 4917 464 4981 postquam
479 4907 561 4964 luerit
573 4910 633 4988 ejus
652 4911 748 4966 aculeo
760 4909 901 4966 transilita.
953 4913 1036 4986 gitur,
1048 4912 1096 4969 irae
1111 4911 1280 4983 impatientia
1293 4909 1385 4967 aerius
1401 4908 1567 4967 dominatur.
1584 4908 1651 4977 Quae
1664 4921 1741 4964 more

117 4999 189 5058 Bene
209 5016 276 5075 ergo
299 5002 401 5058 dieitur
415 5002 488 5073 quod
503 5004 588 5058 homo
605 5011 736 5075 tanquam
752 5003 902 5059 uestimen-
952 5005 1098 5078 rubiginis,
1114 5004 1193 5076 quasi
1214 5001 1356 5061 exurendo
1377 5018 1495 5059 messem
1523 5001 1653 5070 comedit,
1675 4999 1740 5070 quia

117 5106 175 5151 tunt
198 5095 300 5151 annea
317 5094 499 5159 consumitur,
518 5094 584 5165 quia
605 5109 801 5166 nonnunquam
817 5101 903 5150 tenta·
952 5094 1084 5153 uirtutum
1099 5096 1180 5168 108
1194 5095 1300 5152 fructus
1310 5094 1486 5165 impatientiae
1494 5092 1604 5150 bamma
1614 5089 1739 5147 tabescit.

115 5188 222 5244 tionum
248 5196 405 5243 nostrarum
417 5187 532 5243 vulnera
557 5203 612 5245 non
636 5187 823 5260 agnoscimus,
848 5184 903 5241 nisi
953 5186 1024 5245 bum
1038 5203 1104 5260 ergo
1115 5189 1189 5244 uitiis
1202 5187 1268 5243 vitia
1284 5186 1445 5251 succedunt,
1459 5199 1556 5257 agrum
1575 5180 1673 5237 mentis
1685 5178 1739 5234 alia

115 5291 261 5352 postquam
276 5280 366 5338 abeis
380 5278 500 5337 cotrlossi
515 5281 543 5336 in
556 5290 647 5337 mente
661 5279 804 5337 fuerimus.
953 5279 1038 5350 pestis
1053 5278 1177 5346 devorat,
1192 5278 1258 5334 dum
1273 5278 1327 5333 alia
1338 5276 1478 5346 relinquit.
1491 5273 1565 5330 Bene
1575 5281 1667 5328 autem
1680 5267 1736 5324 illic

150 5373 229 5446 (215)
244 5371 455 5429 Tineaenomine
468 5373 594 5430 ltacretica
604 5373 725 5446 pravitas
735 5373 902 5446 designatur,
955 5371 1103 5428 subditur:
1117 5368 1350 5441 Expergiscimini,
1363 5368 1440 5433 ebrii,
1452 5378 1476 5423 et
1489 5367 1549 5437 dete
1567 5361 1648 5436 qdod.
1663 5376 1683 5438 t,
1698 5359 1737 5428 5).

115 5471 191 5523 sieut
202 5481 251 5537 per
266 5467 376 5523 beatum
386 5464 439 5521 lob
452 5465 487 5523 de
501 5466 629 5523 haeretico
647 5467 768 5540 quolibet
783 5466 901 5524 dicitur:
954 5457 1031 5518 Ebrii
1049 5462 1149 5534 quippe
1167 5462 1255 5518 uocati
1275 5470 1350 5530 suin,
1364 5461 1411 5533 qui
1432 5459 1515 5530 huius
1532 5455 1627 5512 mundi
1644 5469 1740 5510 amore

149 5582 225 5652 (att)
241 5580 282 5635 En
296 5595 321 5636 c.
339 5595 431 5646 anniv,
444 5580 463 5636 l.
475 5596 533 5651 nup.
991 5576 1066 5646 (ale)
1090 5574 1127 5631 Ex
1143 5578 1163 5630 l.
1176 5592 1243 5630 rvrn
1257 5576 1285 5630 in
1299 5574 1361 5642 lob,
1377 5591 1401 5630 e.
1417 5590 1454 5639 xi,
1466 5571 1517 5627 snb
1532 5572 1624 5626 linem.
1669 5640 1674 5651 ι

149 5654 227 5726 qm)
248 5651 287 5707 Ex
307 5653 326 5707 1.
341 5667 368 5705 tt
383 5652 410 5706 in
423 5648 496 5720 lob,
512 5667 536 5708 c.
556 5666 617 5706 aar.
991 5647 1065 5718 (2ll)
1081 5645 1119 5701 Er
1133 5646 1151 5700 l.
1168 5662 1252 5701 txxtn
1269 5646 1295 5700 in
1307 5646 1368 5712 lob,
1384 5661 1444 5714 cup.
1461 5659 1544 5712 xntrt,
1557 5642 1590 5697 ad
1605 5639 1737 5719 medium.
