3817 6000
199 262 257 320 Μ
674 249 829 311 dduuottt
842 246 1044 306 tamensim
1064 238 1337 303 natettdustdnd.
1784 242 1844 305 md

198 382 260 436 tino
273 377 383 451 penitus
397 374 542 442 abolenda,
561 388 611 445 ego
623 373 698 429 velut
707 372 803 427 bircus
819 384 869 440 pro
882 374 996 439 peccato
1010 372 1033 431 Α
1051 364 1142 437 (laam
1159 381 1188 431 x,
1202 363 1258 434 ta),
1269 356 1287 414 'r
1300 372 1393 418 tamen
1413 360 1532 417 instante
1547 360 1616 417 bora
1630 361 1729 419 mortis
1740 377 1843 433 parere

199 472 358 530 delictorum
374 484 491 524 mearam
505 465 662 523 necessario
688 456 994 532 immolaborlaapel'a·
1045 456 1198 514 actaedere
1217 455 1298 525 coepi.
1323 452 1418 531 Virtus
1432 468 1529 508 eorum
1544 453 1572 508 in
1593 452 1754 510 indemitate
1778 469 1843 510 mea

199 561 395 621 clusasainte
416 576 484 626 area,
505 558 626 629 quinon
655 555 787 611 exaudior
803 568 880 609 more
911 550 995 607 solito
1029 547 1213 619 'perdolatum
1228 544 1358 616 quostiam
1383 559 1446 615 spes
1460 553 1487 600 et
1501 544 1600 600 titiucia
1617 544 1844 602 eorumconior·

200 658 235 712 dc
255 655 340 711 calice
361 651 501 724 passionis
517 666 533 705 a
548 665 591 704 me
607 647 807 704 transferendo.
822 664 832 693 t
848 641 993 700 Peccatum
1046 639 1159 705 labitur,
1171 637 1255 710 quod,
1271 637 1336 693 licet
1357 636 1489 691 habentes
1513 649 1655 707 pavorem,
1671 638 1763 693 tamesi
1776 653 1842 708 per·

200 746 288 814 ludae,
307 744 369 800 tait
385 743 529 814 propbeta,
549 740 708 810 ascriptum
729 737 809 794 estin
823 751 915 807 ungue
928 734 996 790 ada·
1046 731 1133 787 tineat
1153 732 1185 786 ad
1202 746 1256 798 me,
1278 729 1327 801 qui
1342 729 1416 800 prior
1428 728 1502 786 volui
1521 745 1571 800 pro
1585 729 1627 787 eis
1650 730 1863 788 coniortarrdis'

202 839 328 894 mantiuo
341 836 413 907 stylo
425 833 514 891 ierreo
527 832 594 907 (ier.
611 848 680 897 xrtt,
697 831 753 902 1).»
763 828 924 884 ddaurantis
943 827 995 883 du·
1047 837 1146 894 parere
1159 837 1191 877 ac
1206 820 1316 876 taedere.
1413 838 1415 841 ’

202 932 296 987 ritiam
310 931 406 986 dieunt
417 926 524 999 physici
541 924 699 980 nullatenus
717 937 798 994 posse
815 919 928 989 molliri,
941 918 995 974 nisi
1083 910 1218 968 Similiter
1234 912 1261 967 in
1275 911 1328 967 alia
1351 922 1451 983 praetor
1462 920 1580 969 mortem
1592 913 1660 969 dura
1674 914 1844 983 obedientia,

204 1022 231 1075 in
250 1021 382 1094 sanguine
393 1019 474 1074 birci.
486 1015 630 1072 Peccatum
643 1027 708 1084 ergo
720 1014 748 1067 iu
762 1026 852 1080 unaue
866 1011 998 1067 adaman·
1048 1002 1180 1087 sitiamuli
1197 1003 1250 1058 mei
1264 1018 1364 1074 patere
1378 1018 1411 1059 ac
1422 1004 1522 1059 taederc
1533 1004 1678 1076 incipiunt,
1693 1006 1783 1063 virtus
1797 1022 1846 1061 co-

204 1112 263 1167 tiuo
287 1111 420 1181 seriptum
443 1107 521 1161 aeria
547 1105 703 1159 delictorum
725 1117 842 1156 mearam
863 1098 998 1171 profunde
1049 1112 1110 1153 rum
1126 1096 1282 1167 perlicietur
1296 1097 1324 1150 in
1334 1096 1505 1162 indemitate,
1517 1097 1541 1152 si
1553 1108 1684 1168 paventes
1698 1114 1754 1155 non
1767 1115 1846 1154 mnr-

203 1205 350 1275 impressa,
362 1203 391 1257 in
406 1216 498 1273 ungue
514 1198 690 1256 adamantino
703 1194 837 1251 abolenda
860 1201 924 1248 sunt
935 1205 998 1246 meo
1050 1197 1160 1247 manent
1175 1197 1271 1244 contra
1292 1186 1453 1256 Dominum,
1465 1188 1512 1245 sed
1527 1190 1653 1260 exemplo
1668 1205 1731 1246 meo
1748 1190 1777 1245 in
1796 1207 1846 1261 pa

206 1294 411 1370 sanguineam
434 1306 495 1350 sum
520 1292 614 1347 hircus
631 1302 680 1360 pro
695 1286 885 1361 peccatoribus
900 1284 999 1339 immo·
1049 1296 1115 1337 tore
1142 1280 1298 1336 futurarum
1319 1279 1502 1335 tentationum
1525 1289 1623 1352 rogant
1648 1296 1678 1338 se
1699 1281 1846 1337 liberaris

209 1392 318 1446 pappus,
1051 1371 1258 1428 tentationibus.
1281 1370 1430 1442 Propterea
1452 1386 1515 1427 cum
1529 1386 1580 1443 ego
1609 1372 1689 1428 tertio
1702 1384 1846 1445 rogarem,

243 1464 356 1553 Propter
365 1480 423 1535 lraec
437 1477 513 1534 rerba
523 1475 681 1530 delictorum
691 1486 818 1535 mearam,
831 1468 900 1523 licus
916 1482 999 1533 tricas,
1051 1464 1201 1536 discipulos
1226 1479 1337 1536 qnoque
1362 1464 1507 1536 diiigenter
1531 1465 1647 1520 excitati
1667 1466 1700 1520 ad
1716 1466 1846 1522 similiter

207 1570 371 1627 clamantem
392 1584 436 1625 ma
449 1584 496 1639 per
508 1567 577 1620 diem
589 1570 614 1617 et
633 1568 740 1616 noctem
753 1574 805 1613 noa
817 1556 953 1623 exaudies,
970 1565 1000 1610 ut
1051 1555 1197 1611 orattdum.
1209 1555 1271 1611 biri
1293 1557 1367 1612 eninr
1383 1554 1533 1627 :tiligilatc
1546 1566 1573 1611 ct
1589 1566 1675 1626 orate,
1689 1567 1719 1613 ut
1734 1574 1791 1615 non
1807 1562 1849 1616 in·

207 1662 371 1736 apassione
385 1661 495 1727 liberes,
525 1667 554 1713 ut
567 1656 681 1712 calicem
716 1654 799 1709 istum
829 1648 998 1716 transieram
1052 1647 1130 1729 tretis
1141 1647 1168 1702 in
1177 1647 1367 1703 tentationem.
1385 1645 1621 1719 spiritusquidem
1638 1660 1784 1721 promptus
1793 1662 1847 1719 est,

208 1758 337 1828 quoniam
353 1755 484 1810 nimirum
498 1768 547 1824 per
558 1748 720 1820 sauguinem
732 1746 827 1802 calicis
837 1742 921 1814 hujus
931 1743 998 1798 abo·
1017 1725 1039 1784 Β
1059 1753 1124 1794 caro
1140 1746 1231 1793 autem
1243 1737 1350 1794 indrma
1369 1737 1478 1811 (dlattlt.
1494 1755 1571 1808 xxrt,
1585 1741 1623 1811 l).
1645 1740 1707 1797 Non
1726 1759 1794 1813 ergo
1806 1756 1849 1801 cst

209 1848 319 1904 lendum
349 1854 391 1902 est
411 1842 626 1914 chirographum
652 1835 744 1893 verbis
762 1834 918 1890 delictorum
943 1832 1002 1903 ple-
1053 1829 1089 1883 ad
1111 1830 1291 1900 insipientiam
1318 1831 1394 1898 milti,
1414 1830 1517 1903 qt'tndr
1544 1834 1691 1891 exauditus
1704 1852 1759 1892 non
1772 1836 1843 1905 l'ui,r

209 1954 286 2005 nom,
302 1947 330 1993 ct
344 1946 399 1991 tam
417 1935 481 1989 lorti
496 1933 634 2002 scriptura
656 1926 843 1996 couscriptum
865 1924 893 1979 in
909 1916 1002 1994 ungue
1055 1937 1117 1978 cam
1131 1923 1158 1978 ln
1174 1938 1234 1979 mea
1249 1923 1408 1980 iulirrnitate
1418 1924 1506 1983 virtus
1516 1934 1652 1983 'meorum
1674 1930 1849 1999 perliciatur,

208 2030 397 2095 adamantino,
412 2036 442 2082 ut
454 2025 528 2082 ablui
540 2025 581 2079 vel
595 2021 682 2078 deleri
695 2033 752 2074 uon
764 2017 851 2089 possit
865 2016 924 2072 sine
937 2030 1002 2072 san·
1052 2016 1216 2086 disponente
1240 2030 1301 2071 mea
1319 2015 1430 2086 propria
1444 2016 1589 2087 sapientia,
1606 2027 1635 2074 ut
1649 2020 1724 2090 quod
1746 2032 1850 2078 eontra

210 2126 293 2196 guiue
308 2139 387 2190 meo;
403 2121 451 2192 qui
467 2121 540 2175 reiut
553 2118 647 2174 lrircus
663 2113 827 2171 immolabor
839 2126 888 2183 pro
904 2124 1003 2182 pecca·
1052 2121 1097 2162 me
1112 2106 1214 2163 insanit
1227 2105 1346 2161 aliorum
1373 2104 1543 2177 iusipientia,
1557 2107 1593 2164 sit
1603 2123 1727 2164 meorum
1741 2111 1852 2167 instra·

211 2216 320 2272 toribus
340 2213 445 2280 multis,
460 2220 488 2268 et
507 2209 583 2267 relut
603 2222 691 2278 agnus
705 2220 755 2278 pro
771 2203 965 2285 introceutibus
976 2210 1003 2257 ct
1053 2198 1119 2264 ctio,
1132 2206 1162 2253 ut
1173 2197 1261 2254 sciant
1275 2196 1349 2268 quod
1366 2197 1453 2254 virtus
1468 2198 1496 2252 in
1514 2198 1672 2256 indrmitate
1690 2201 1850 2272 perficitur,

207 2308 301 2379 justis,
323 2306 386 2362 meo
402 2319 490 2377 neque
503 2319 550 2374 per
563 2301 633 2356 aiem
646 2300 771 2357 clamans
791 2295 936 2361 exaudior,
954 2309 1003 2351 ne·
1053 2288 1164 2360 quoties
1174 2287 1275 2359 aliquis
1290 2302 1414 2343 meorum
1429 2304 1484 2345 non
1509 2290 1656 2346 exauditur
1666 2292 1699 2347 ad
1714 2294 1852 2350 volunta·

210 2417 265 2474 quc
277 2416 326 2472 per
340 2408 460 2463 noctem,
476 2394 607 2467 quoniam
622 2406 711 2463 neque
731 2389 799 2461 justi
813 2397 841 2444 et
852 2387 1001 2459 prophetae,
1053 2388 1119 2445 mm,
1135 2379 1183 2450 qui
1198 2387 1290 2436 tamen
1306 2378 1453 2435 exauditur
1465 2380 1497 2436 ad
1515 2379 1644 2438 salutem.
1660 2381 1759 2441 Sancta
1771 2387 1853 2442 enim

213 2492 261 2564 qni
276 2492 355 2564 quasi
369 2491 428 2548 dies
443 2490 573 2545 luxerunt
587 2488 615 2540 in
630 2484 745 2549 mundo,
771 2496 860 2553 neque
881 2488 1005 2551 peccato-
1054 2470 1177 2529 ΕῦθΙθθῑθ
1192 2471 1393 2544 Ρθῑθθθῑῑῑῑθῃῑὸ
1416 2487 1474 2529 ⁵¹¹ae
1488 2480 1612 2546 ¹0¹¹¹d⁰¹0
1628 2474 1682 2530 fide
1692 2483 1755 2542 ⁸1³²,
1773 2477 1854 2533 ΰδῑ·

211 2602 257 2643 res
268 2584 341 2641 nocti
358 2580 557 2653 comparabiles
569 2583 695 2648 poterant
717 2573 818 2630 saltari
834 2572 894 2628 sine
909 2570 1003 2629 calicis
1054 2565 1131 2622 derio
1152 2566 1271 2635 clamat,
1289 2565 1339 2623 sed
1354 2565 1428 2622 dolet
1447 2581 1478 2622 se
1499 2568 1579 2637 quasi
1598 2582 1653 2623 nou
1672 2569 1852 2641 respiciendo

211 2679 265 2735 rrtei
290 2677 414 2734 antidoto
429 2669 586 2730 medicinali
602 2677 699 2726 eontra
725 2679 863 2722 uenenum
886 2660 1002 2734 peccati.
1054 2656 1204 2725 contemni,
1216 2658 1283 2714 dum
1295 2674 1345 2716 sua
1356 2659 1430 2717 videt
1441 2660 1468 2717 in
1482 2661 1705 2721 tribulationibus
1715 2674 1780 2721 rota
1794 2663 1854 2720 dii·

211 2772 274 2828 ldeo
290 2771 357 2826 dum
367 2767 488 2823 clamabo
508 2781 555 2836 per
565 2762 647 2829 dieat,
663 2760 687 2816 si
702 2757 833 2830 possibile
851 2757 887 2813 sit
906 2755 1004 2812 saltem
1054 2743 1198 2814 lerri,siae
1211 2748 1310 2806 clamet
1321 2765 1369 2820 per
1380 2750 1461 2820 diem,
1475 2754 1590 2824 cupiens
1603 2755 1719 2812 retinere
1730 2772 1855 2828 prospe-

209 2866 300 2935 justus
311 2870 337 2917 et
349 2861 494 2932 propbetas
519 2856 624 2926 absque
637 2852 730 2908 calicis
742 2851 795 2905 mei
812 2848 935 2904 arrtidoto
946 2847 1004 2904 sal·
1053 2840 1174 2909 dialem,
1194 2843 1250 2899 Sive
1265 2842 1364 2901 clame!
1377 2859 1427 2916 per
1438 2854 1559 2913 noctem,
1572 2847 1686 2919 cupiens
1700 2864 1853 2909 remam

213 2954 282 3023 tari,
309 2969 363 3008 nou
385 2950 477 3006 biliam
494 2948 618 3013 calicem,
634 2953 663 2999 tu
685 2959 737 2996 non
761 2940 897 2995 exaudies.
918 2937 1004 2995 blulto
1051 2933 1335 2994 'aduersitatemdlto
1356 2952 1476 3010 namque
1512 2939 1630 2996 consilio
1668 2940 1852 3013 omnipotens

169 3039 171 3043 ’
213 3047 316 3108 rrriruts,
329 3043 394 3097 dnm
417 3041 507 3096 clamo
522 3046 606 3101 noete,
620 3039 745 3103 respectu
760 3031 914 3086 delictorum
932 3047 1003 3085 mea·
1017 3065 1039 3123 s
1055 3022 1139 3095 Deus,
1152 3041 1215 3082 curn
1232 3029 1319 3084 saneti
1331 3028 1392 3100 clus
1414 3029 1634 3085 aduersariorum
1648 3032 1856 3102 persecutioni-

213 3153 272 3191 mm
293 3133 420 3188 exaudies
443 3146 499 3196 me,
514 3127 644 3200 quostiam
661 3125 739 3181 ceria
760 3123 919 3177 dai'atomm
933 3139 1004 3177 areo·
1030 3107 1108 3173 'bos
1131 3119 1362 3189 comprimuntur,
1391 3135 1511 3191 cumque
1526 3120 1646 3178 assiduis
1662 3122 1804 3193 precibus,
1821 3137 1856 3181 at

213 3245 273 3283 sant
290 3228 331 3283 tis
352 3224 436 3281 deleri
460 3238 509 3294 por
526 3219 687 3292 sanguinem
713 3215 818 3282 calicis,
844 3229 926 3286 quem
954 3212 1004 3273 das
1054 3209 1215 3280 liberentur,
1230 3212 1361 3279 clamant,
1375 3212 1486 3269 differre
1498 3213 1569 3270 solet
1588 3229 1670 3271 voces
1683 3216 1853 3286 petentium,

213 3319 292 3385 tuibi,
314 3316 405 3384 Pater,
431 3314 520 3371 sciens
541 3327 596 3367 non
617 3307 831 3380 essepossibilc,
858 3315 889 3362 ut
903 3306 1004 3378 aliquis
1056 3310 1088 3357 ut
1103 3302 1200 3358 merita
1215 3303 1379 3374 patientium
1401 3313 1539 3372 arescant,
1553 3315 1690 3377 quatenus
1708 3322 1741 3364 eo
1755 3312 1855 3381 magis

213 3408 385 3479 strejnstus,
403 3390 564 3460 ntioannes
590 3399 723 3471 Baptista,
747 3398 805 3455 stre
828 3397 959 3467 iniustus,
976 3406 1006 3452 m
1055 3389 1242 3448 exaudiantur
1251 3393 1285 3449 al
1300 3395 1441 3466 maritum,
1453 3395 1501 3457 oui
1524 3395 1608 3453 cidus
1627 3380 1686 3453 nori
1692 3397 1855 3455 exaudiun-

214 3500 294 3566 iatru,
306 3497 426 3555 salvetur
438 3495 497 3550 sine
508 3507 568 3549 mca
589 3490 726 3563 passione.
734 3488 792 3546 lloc
805 3499 834 3544 tu
846 3489 911 3555 scis,
923 3496 951 3544 et
961 3502 1006 3543 mc
1056 3493 1101 3542 tur
1113 3485 1147 3542 ad
1159 3496 1264 3541 totum.
1276 3485 1348 3543 dicit
1358 3501 1423 3559 ergo
1434 3486 1579 3545 Psalmista

213 3593 285 3648 seire
299 3584 561 3656 lacis,ideonaaad
574 3583 756 3655 insipientiam
767 3598 863 3649 mam,
879 3578 1005 3650 lit,qund
1091 3576 1217 3634 Vassis.
1240 3577 1368 3635 -llem
1392 3595 1475 3647 mear,
1497 3580 1619 3637 clamabo
1644 3583 1785 3653 petatem
1804 3601 1855 3642 aaa

213 3700 269 3741 uon
285 3681 417 3741 exaudior
427 3680 461 3737 ad
481 3679 678 3737 removendum
693 3676 820 3746 calicem,
839 3675 887 3748 uui
911 3674 1004 3731 omni·
1054 3669 1192 3727 caradas.
1217 3669 1306 3742 litque
1321 3670 1380 3741 ipsa
1402 3670 1508 3728 utilitas
1524 3673 1559 3730 de
1581 3674 1743 3731 exaudiendi
1766 3691 1854 3733 mora

212 3777 304 3835 modis
325 3776 458 3834 exaudior
476 3774 510 3830 ad
528 3771 721 3830 removendam
748 3780 877 3827 aternam
891 3768 1006 3825 damna·
1055 3778 1121 3820 mox
1132 3762 1272 3832 subditur,
1287 3777 1350 3819 curn
1365 3765 1492 3837 protinus
1510 3764 1698 3825 subinfertur:
1709 3777 1735 3824 et
1746 3783 1803 3825 aaa
1815 3771 1854 3825 ad

215 3872 318 3929 tionem
342 3883 449 3936 eorum,
461 3881 511 3938 pro
527 3864 628 3938 quibus
642 3863 707 3919 bibo
718 3861 808 3935 ipsum
822 3862 946 3928 calicem,
962 3860 1005 3917 rel
1055 3856 1237 3927 insipientiam
1250 3854 1326 3912 mild.
1347 3856 1390 3912 ad
1404 3856 1643 3929 multiplicandam
1664 3860 1756 3931 itaque
1778 3875 1852 3919 san·

212 3961 261 4035 qui
286 3960 367 4032 digne
392 3959 513 4015 biberint
530 3955 658 4014 eumdem
676 3954 800 4011 calicem.
816 3952 845 4008 Si
856 3952 928 4010 enim
944 3951 1005 4009 eui·
1051 3953 1164 4003 morum
1190 3944 1353 4016 sapientiam
1375 3947 1492 4017 prolicit,
1515 3948 1590 4021 quud
1615 3950 1751 4022 postulata
1765 3953 1852 4009 tarde

212 4054 280 4111 libet
305 4052 408 4108 lamule
431 4066 494 4107 meo
520 4049 601 4106 tertio
625 4046 734 4119 roganti
759 4043 948 4117 respondebis,
966 4043 1005 4099 mi
1053 4038 1221 4110 percipiunt,
1236 4047 1314 4096 utex
1329 4039 1460 4097 dilatione
1479 4051 1586 4098 crescat
1609 4041 1786 4110 desiderium,
1814 4059 1852 4101 ex

212 4143 294 4200 Pater
311 4162 318 4197 z
335 4161 344 4196 t
361 4141 466 4198 Sudicit
483 4140 532 4197 tibi
546 4138 634 4212 gratia
649 4153 711 4194 mea
725 4155 732 4192 :
744 4152 807 4192 nam
820 4136 908 4192 virtus
918 4135 946 4191 in
963 4135 1006 4192 in·
1054 4130 1193 4188 desiderio
1206 4129 1360 4190 intellectus
1373 4139 1515 4205 augeatur.
1529 4133 1684 4193 intellectus
1694 4149 1767 4202 xero,
1780 4150 1849 4209 cum

213 4236 342 4291 tirmitate
367 4233 509 4305 perlicitur
523 4230 568 4304 (ll
584 4231 646 4286 Cor.
658 4246 708 4298 xu,
721 4228 761 4301 9),
781 4246 790 4280 r
807 4227 937 4299 atqueita
951 4243 1005 4283 rana
1055 4224 1221 4293 extenditur,
1234 4224 1259 4281 ci
1272 4226 1301 4282 in
1321 4223 1409 4282 Deum
1430 4225 1573 4286 ardentior
1586 4226 1699 4284 allectos
1710 4230 1848 4300 apex-itm.

214 4326 250 4379 ad
269 4323 450 4394 insipientiam
473 4322 513 4389 tit,
540 4319 614 4393 quod
637 4334 692 4374 non
710 4318 867 4384 exauditur,
892 4318 1005 4389 quando
1054 4311 1176 4369 Allectus
1190 4320 1281 4371 autent
1296 4315 1330 4372 ad
1342 4315 1524 4388 promerenda
1535 4317 1657 4373 caelestia
1669 4325 1741 4373 unta
1752 4317 1786 4375 dt
1800 4335 1850 4376 ca·

214 4413 349 4478 traditur,
375 4425 461 4481 quare
473 4424 527 4465 non
540 4407 722 4464 exaudiatur:
735 4396 823 4462 multo
836 4405 924 4479 magis
935 4406 1003 4463 milti
1019 4420 1042 4476 p
1055 4420 1119 4476 pax,
1134 4414 1238 4477 quanto
1251 4406 1334 4464 luerit
1344 4407 1530 4479 exspectando
1542 4408 1717 4481 longanimis.
1730 4407 1785 4467 sed
1801 4420 1849 4468 ta-

214 4502 357 4573 unigenito
371 4500 440 4556 Filio
453 4508 510 4567 tuo,
525 4499 573 4571 qui
594 4513 656 4554 sum
677 4507 812 4554 coaeterna
826 4498 875 4554 tibi
890 4496 1006 4571 Sapien·
1054 4512 1117 4553 men
1129 4497 1201 4553 iuter
1225 4498 1286 4555 haee
1305 4506 1437 4556 sanctam
1451 4499 1611 4573 patientiam
1626 4498 1705 4556 dolor
1718 4514 1800 4572 urget
1812 4503 1849 4558 ad

214 4597 263 4661 tia,
280 4593 354 4648 nulla
367 4592 395 4648 in
415 4594 467 4649 bae
492 4607 521 4648 re
544 4591 663 4661 surrepit
678 4589 844 4661 iusipientia,
860 4590 934 4662 quod
948 4608 1004 4648 non
1053 4603 1161 4656 rocem,
1177 4600 1204 4646 et
1217 4605 1280 4655 cum
1298 4590 1377 4647 dilati
1404 4591 1563 4662 proliciunt,
1577 4591 1703 4646 metuam
1729 4604 1764 4646 ne
1775 4591 1850 4652 de}

215 4686 347 4742 exaudior
362 4700 459 4756 preces
475 4682 593 4739 lundens
605 4682 633 4738 iu
647 4682 804 4739 inlirmitate
816 4699 867 4755 pro
878 4683 948 4740 meis
962 4684 1004 4740 in·
1054 4679 1158 4737 cientes
1170 4681 1250 4736 vacui
1264 4681 1347 4738 rebus
1359 4680 1481 4753 despecti
1506 4681 1697 4753 reprobentur.
1711 4678 1762 4736 Sed
1777 4682 1849 4755 ψ

215 4777 312 4843 dranis,
333 4787 362 4831 ut
387 4791 483 4832 eorum
504 4774 592 4831 virtus
616 4773 775 4846 perficiatur
799 4774 827 4830 ln
845 4774 1004 4832 indrrnitate
1052 4773 1141 4831 uirtus
1156 4774 1183 4829 iu
1198 4773 1355 4830 iudrmitatc
1367 4773 1519 4844 perdcitur,
1531 4782 1711 4845 etpropterea
1725 4791 1736 4825 r
1751 4773 1784 4828 itt
1796 4790 1849 4830 no-

214 4883 285 4923 tnca.
302 4866 331 4921 Si
352 4867 427 4923 enim
440 4881 491 4939 ego
504 4880 555 4936 pro
578 4863 740 4922 tortitudine
756 4880 816 4920 ntea
836 4863 871 4921 ad
885 4875 1001 4922 mortem
1053 4865 1223 4938 bismctipsis
1235 4881 1400 4938 responsum
1415 4866 1514 4922 mortis
1536 4866 1681 4933 babemus,
1695 4872 1726 4921 ut
1738 4879 1797 4922 nou
1810 4867 1848 4924 ai·

214 4958 373 5014 accederem
397 4959 457 5013 sine
485 4971 596 5028 pavore,
613 4956 688 5012 nulla
704 4957 846 5028 praernissa
867 4957 1001 5026 oratione,
1053 4974 1116 5018 mus
1131 4959 1246 5016 lidentes
1260 4960 1288 5015 in
1301 4959 1446 5027 nobis‚scd
1460 4960 1488 5014 in
1501 4956 1558 5014 lieo
1580 4958 1628 5029 qui
1643 4959 1757 5015 suscitat
1768 4974 1848 5015 uror·

213 5051 329 5121 posdrac
350 5049 473 5104 membra
500 5062 560 5103 ntea
585 5047 705 5115 infirma,
718 5048 819 5119 quibus
843 5048 1003 5105 imminente
1053 5050 1168 5125 tuoslll
1178 5051 1240 5108 Gor.
1254 5051 1335 5121 t,ll).s
1348 5049 1495 5108 -tliemo
1505 5048 1634 5122 (bileum
1644 5049 1750 5105 tardius
1759 5065 1847 5107 exan-

213 5149 303 5198 morte
314 5155 413 5213 parere
429 5155 463 5196 ac
475 5139 574 5196 taedere
587 5139 614 5196 in
633 5149 731 5196 natura
745 5148 797 5208 est,
815 5155 871 5196 nou
884 5140 912 5196 in
926 5149 1004 5212 pote·
1053 5146 1137 5214 ditur,
1153 5144 1338 5216 eredat,quod
1351 5159 1367 5200 a
1380 5157 1500 5215 superna
1510 5157 1578 5199 cura
1593 5140 1846 5214 negligamusoepe

214 5242 283 5291 state
309 5243 339 5288 ut
359 5233 438 5300 mibi,
460 5241 575 5304 possent
594 5233 683 5304 trangi
705 5231 906 5304 desperatione,
922 5232 1002 5303 quasi
1053 5240 1127 5296 cuim
1144 5246 1239 5296 nostra
1254 5237 1402 5301 desideria,
1414 5239 1479 5308 quia
1493 5237 1618 5293 celeriter
1629 5249 1683 5294 noa
1697 5234 1777 5304 dont,
1793 5252 1845 5291 ex-

212 5339 269 5382 uon
293 5325 460 5396 pertinentes
474 5323 509 5379 ad
522 5338 576 5380 me.
593 5322 647 5378 Sed
661 5338 723 5380 cum
748 5323 872 5395 legerint,
887 5323 930 5378 rel
952 5338 1003 5378 au·
1053 5331 1213 5395 audiuntur,
1236 5336 1263 5385 et
1278 5330 1351 5399 quod
1376 5329 1483 5400 impleri
1494 5329 1602 5386 concite
1616 5329 1745 5400 petimus,
1757 5341 1794 5382 ex
1807 5327 1846 5398 ip

213 5418 316 5474 dicrint
347 5417 479 5487 quostiam
499 5431 560 5487 ego,
577 5416 664 5472 licctt
684 5425 846 5486 potestatem
869 5434 879 5468 t
896 5414 1002 5472 habeus
1053 5425 1112 5480 stus
1126 5422 1225 5478 melius
1240 5421 1369 5476 tarditate
1385 5429 1573 5491 prosperatur.
1587 5418 1664 5490 Saepe
1674 5434 1727 5474 vox
1745 5425 1845 5475 neura

217 5526 227 5560 t
243 5508 361 5578 ponendi
383 5508 505 5564 animam
529 5515 660 5564 meamet
675 5507 774 5563 iterum
799 5506 925 5563 sumendi
940 5521 1001 5564 cam
1052 5522 1087 5564 eo
1105 5506 1257 5578 perileitur,
1274 5519 1331 5576 quo
1352 5504 1487 5574 didertur,
1499 5513 1600 5562 etcum
1615 5504 1845 5578 superdeleteuns

252 5681 309 5752 (δῖ)
319 5679 349 5735 S.
365 5681 445 5756 (ἕως.
459 5682 509 5751 bl„
525 5683 573 5743 libs
589 5700 665 5751 xxm,
685 5682 782 5740 llarol.
797 5695 857 5756 cap.
872 5685 916 5742 l‘l.
