3817 6000
4 536 45 570 di?

143 275 257 334 1805
730 267 1285 330 communiunt
1318 268 1386 325 ΙΝ
1423 266 1764 327 PSALMOS.

87 455 92 475 Ι
144 404 251 462 ergo
274 386 556 444 vehemens
578 393 663 442 est
685 385 973 442 charitatis
1006 387 1309 455 aemulatio,
1341 385 1417 442 i-bi
1443 383 1681 443 maxime
1710 392 1757 451 Α

65 478 90 580 Μ’
143 470 713 541 discretionecessaria,
754 493 878 548 quae
907 486 993 533 est
1044 478 1320 545 qrdinatio
1361 477 1671 534 charitatiS.

11 626 89 672 lim:

144 572 330 644 Semper
363 571 582 643 quidem
625 571 774 626 zelus
813 569 998 626 minus
1039 570 1246 641 absque
1290 569 1517 626 scientia
1561 568 1678 625 essi-

141 682 242 732 cax,
267 664 548 735 minusque
575 663 724 717 utilis
750 662 1048 729 invenitur,
1074 662 1396 733 plerumque
1416 668 1600 718 autem
1622 669 1677 718 et

139 757 466 831 perniciosius
492 757 647 811 valde
668 757 924 811 sentitur.
955 753 1078 822 Quo
1104 754 1271 826 igitur
1294 752 1592 810 ferventior
1613 769 1679 809 ac

137 849 472 906 vehementior
525 848 785 919 spiritu5‚
841 847 1227 918 profusiorque
1278 846 1559 913 charitaS,
1608 860 1677 902 eo

136 942 443 1018 vigilantiori
480 957 617 1012 opus
653 940 882 997 scientia
932 949 1036 1007 est,
1070 956 1195 1011 quae
1247 939 1424 996 zelum
1461 939 1681 1011 suppri-

140 1047 255 1102 mat,
292 1035 539 1107 spiritum
578 1041 864 1104 temperet,
913 1032 1132 1088 ordinet
1177 1032 1523 1088 charitatem.
1550 1031 1680 1087 Pro-

134 1128 504 1186 indeatimore
554 1125 760 1180 inimici
804 1141 970 1180 orans
1011 1140 1112 1196 ego
1154 1124 1408 1181 Christus
1456 1125 1678 1180 liberari

133 1223 342 1277 animam
395 1235 586 1285 meam,
631 1227 752 1288 peto
783 1216 916 1271 milii
953 1227 1007 1272 et
1066 1217 1327 1273 membris
1374 1217 1509 1272 meis
1559 1216 1678 1272 dari

131 1314 424 1369 charitatem
455 1307 761 1364 ordinatam
805 1308 932 1363 vitia
966 1316 1391 1379 expugnantem,
1420 1316 1475 1362 et
1503 1306 1678 1361 virtu-

130 1417 204 1462 tes
249 1419 339 1476 pro
381 1417 672 1459 causarum
736 1401 1092 1472 qualitatibus
1137 1410 1264 1472 apte
1307 1399 1676 1466 ordinantem,

4 1481 68 1533 aps
129 1512 253 1568 quas
275 1495 493 1550 minime
522 1493 824 1556 ordinaret,
866 1492 969 1547 uisi
999 1491 1249 1547 ordinata
1276 1492 1531 1562 primitus
1562 1491 1678 1562 ipsa

4 1578 67 1613 ³³²³
129 1588 256 1643 foret
281 1587 426 1642 foras
451 1584 609 1656 pulso
637 1584 825 1638 timore
855 1583 1078 1650 inimici,
1106 1583 1200 1654 qui
1232 1592 1360 1638 tunc
1389 1582 1572 1638 acrius
1596 1582 1680 1636 in-

128 1680 290 1744 festat,
311 1679 528 1750 quando
555 1692 665 1732 non
716 1692 858 1731 unus
889 1675 1180 1744 malignum,
1205 1674 1288 1730 vel
1327 1674 1485 1745 pauci
1523 1672 1675 1738 mali,

6 1783 8 1792 ¹
36 1762 62 1799 “²
127 1785 215 1826 seu
248 1770 402 1824 etiam
427 1767 613 1838 plures
657 1768 726 1822 ab
761 1766 994 1821 invicem
1021 1765 1370 1832 dissidenteS,
1403 1765 1495 1821 sed
1524 1766 1679 1822 multi
1711 1749 1754 1803 B

5 1858 59 1894 ‘³³⁷'
126 1860 484 1932 malignanteS,
517 1869 572 1914 et
612 1859 666 1914 in
705 1859 809 1914 hoc
845 1856 1131 1912 unanimes
1168 1857 1510 1928 impugnant,
1539 1856 1683 1912 sicut

4 2982 23 3025 1

4 3073 15 3115 Ι

3 3174 11 3210 l

4 3264 13 3298 l

3 3355 9 3394 Ι

124 1955 398 2011 astiterunt
433 1969 588 2025 reges
617 1961 776 2008 terrae
803 1960 856 2005 et
903 1949 1178 2021 principes
1215 1959 1592 2005 convenerunt
1623 1950 1676 2006 iu

125 2063 282 2103 unum
313 2047 576 2102 adversus
605 2055 654 2100 te
680 2043 993 2108 Dominum,
1025 2053 1083 2098 et
1110 2042 1373 2098 adversus
1398 2058 1484 2097 me
1509 2041 1674 2098 Chri·

122 2147 258 2195 stum
288 2149 459 2194 tuum.
494 2137 597 2193 Sed
623 2137 754 2208 quid
791 2135 1140 2207 profecerunt
1169 2150 1281 2189 suae
1326 2135 1681 2205 malignitatis

119 2233 340 2287 conatu?
363 2229 509 2285 Nihil
542 2230 786 2284 omniuo.
818 2229 975 2296 Quod
1009 2230 1216 2285 viribus
1248 2229 1385 2283 meis
1424 2228 1681 2282 humanis

117 2339 212 2395 ego
232 2323 503 2388 ChristuS,
542 2322 622 2375 vel
669 2336 770 2390 cgo
816 2321 1162 2376 Citristffauus
1203 2335 1310 2373 uou
1346 2317 1550 2384 tribuo,
1580 2318 1675 2373 scd

127 2414 332 2470 muneri
361 2413 566 2480 divino,
592 2411 855 2484 quoniam
888 2421 941 2467 tu
971 2411 1117 2468 Deus

184 2506 344 2563 Vsus
376 2507 430 2562 5.
464 2504 759 2559 Protexisti
790 2521 872 2558 me
913 2504 1191 2559 hominem
1217 2521 1249 2557 a
1273 2513 1524 2558 conventu
1567 2518 1683 2556 nta-

113 2599 446 2671 tiquautium‚
477 2596 529 2652 id
561 2604 645 2650 est
666 2594 892 2650 consilia
917 2594 1062 2649 mala
1087 2594 1542 2657 machinantium,
1575 2600 1624 2646 et
1650 2609 1683 2645 a

115 2689 448 2745 multitudine
477 2688 803 2758 operantium
847 2687 1201 2766 iniquitatem.
1232 2685 1522 2740 Protexisti
1549 2700 1628 2738 me
1650 2702 1683 2738 a

113 2790 384 2848 conventu,
409 2780 503 2852 qui
528 2796 637 2835 non
668 2786 788 2836 erat
815 2778 871 2833 in
897 2779 1192 2850 paucitate,
1222 2779 1316 2833 sed
1345 2777 1398 2832 iu
1433 2777 1683 2833 multitu-

113 2874 260 2940 dine,
291 2889 398 2928 non
430 2871 775 2929 solummodo
813 2871 882 2925 ’iu
930 2870 1095 2926 corde
1126 2871 1553 2941 niatiqnautium,
1587 2869 1682 2925 sed

109 2968 278 3023 etiam
306 2966 360 3022 iu
394 2975 519 3022 actu
570 2964 904 3036 operantium
947 2964 1302 3036 iniquitatem.
1331 2965 1464 3032 Quae
1507 2964 1684 3036 major

105 3060 390 3130 iniquitas„
420 3073 586 3128 quam
608 3072 675 3111 ex
701 3055 902 3111 invidia
929 3054 1183 3127 persequi
1214 3064 1266 3111 et
1299 3056 1547 3111 occidere
1581 3056 1681 3110 bo-
1709 3091 1751 3148 C

105 3150 311 3204 minem
337 3145 474 3201 nibil
513 3144 665 3211 mali,
701 3153 757 3200 et
783 3145 955 3199 multa
1000 3145 1143 3199 bona
1178 3143 1501 3200 facientem?
1531 3143 1685 3199 Multi

105 3248 380 3311 martyres
409 3237 537 3293 talia
565 3236 714 3307 passi
749 3242 896 3291 sunt.
942 3234 1049 3291 Sed
1082 3235 1138 3290 in
1168 3234 1290 3307 ipso
1321 3236 1497 3307 eapite
1535 3252 1686 3291 mar-

103 3342 292 3405 tyrum
341 3328 540 3386 melius
569 3328 767 3393 elucet,
804 3324 950 3397 quod
980 3326 1070 3383 isti
1121 3327 1330 3398 experti
1361 3334 1510 3395 sunt,
1547 3343 1687 3398 quos

4 3455 5 3463 κ
101 3424 344 3482 Domino
388 3437 584 3494 parum
644 3419 747 3476 fuit
786 3419 993 3475 hortari
1041 3420 1230 3485 verbo,
1277 3419 1380 3476 nisi
1441 3420 1687 3477 firmaret

96 3516 358 3588 exemplo
376 3524 486 3571 tam
515 3512 789 3586 passionis
832 3527 997 3583 quam
1049 3512 1335 3569 orationis.
1364 3512 1566 3569 Passus
1605 3521 1688 3569 est

95 3610 220 3680 ipse
246 3626 282 3663 a
303 3618 553 3664 conventu
578 3606 1008 3678 malignantium,
1037 3615 1087 3660 et
1119 3624 1153 3660 a
1197 3606 1536 3661 multitudine
1566 3623 1689 3677 ope-

95 3700 347 3755 rantium
377 3698 710 3770 iniquitatem
750 3712 809 3754 se
830 3698 1017 3771 affligi,
1043 3697 1247 3755 docens
1290 3698 1347 3754 in
1394 3698 1501 3754 hoc
1531 3708 1581 3755 te
1605 3697 1685 3756 si-

91 3790 312 3847 militer
355 3791 490 3862 pati,
520 3789 717 3859 oravit,
773 3799 938 3862 atque
967 3805 1136 3846 orans
1180 3790 1417 3845 obtinuit
1461 3805 1521 3847 se
1549 3791 1685 3847 adeo

91 3884 342 3958 protegi.
379 3882 488 3940 Ora
523 3893 578 3940 et
606 3892 663 3940 tu
689 3900 720 3941 a
744 3883 1040 3950 similibus,
1084 3892 1140 3939 et
1167 3883 1423 3940 similiter
1449 3884 1683 3957 protegi,

86 3990 270 4052 atque
301 3994 429 4036 cum
457 3988 512 4035 te
529 3985 836 4050 protectum
875 3977 1136 4046 senseris,
1162 3992 1263 4049 age
1303 3979 1509 4049 gratias
1548 3977 1682 4045 Deo,

87 4073 334 4130 dicens:
363 4070 657 4127 Protexisti
702 4088 782 4125 me
821 4088 854 4126 a
900 4079 1155 4124 conventu
1191 4069 1625 4142 maliqnautium,
1651 4088 1685 4126 a

85 4164 448 4221 multitudine
475 4164 808 4235 operantium
834 4163 1192 4233 iniquitatem.
1218 4160 1284 4217 Et
1302 4178 1372 4218 ne
1399 4162 1537 4219 forte
1559 4163 1684 4235 quis

86 4266 256 4328 putet
281 4257 493 4328 absque
531 4271 702 4313 causa
742 4254 921 4311 dictos
970 4263 1262 4324 operantes
1313 4253 1681 4324 iniquitatem,

83 4349 190 4422 qui
229 4365 326 4405 me
351 4349 633 4406 Christum
677 4348 794 4405 suis
831 4346 1089 4404 manibus
1121 4361 1231 4402 non
1267 4346 1680 4413 crucifixerunt,

1802 267 2057 326 -pans
2093 258 2180 326 vt.
2228 290 2301 314 -
2330 267 2529 327 psat..
2569 268 2752 327 Lxut.
3214 231 3353 330 isos

1785 382 1882 452 tia,
1911 394 1968 441 et
1988 385 2125 442 alias
2150 396 2303 443 sexta
2351 387 2487 443 hora
2535 388 2732 460 legitur
2777 386 3091 456 crucifixus,
3135 396 3194 445 ut
3241 399 3353 447 tam

1778 474 1967 544 lingua
1993 491 2160 547 quam
2183 476 2333 549 ligno
2370 478 2812 550 crucifigentium
2854 487 3073 535 notetur
3107 495 3276 535 unum
3300 491 3357 537 et

1777 563 1922 621 idem
1973 567 2321 641 sacrilegium
2375 568 2431 624 in
2488 570 2767 626 occisione
2824 571 3026 626 summi
3076 571 3355 641 pontificis

1778 657 1929 714 omni
1951 659 2166 716 macula
2206 661 2467 729 carentiS,
2504 669 2559 717 et
2587 676 2688 733 pro
2719 660 2854 733 ipsis
2904 664 3069 719 etiam
3116 663 3355 720 inimicis

1778 747 2012 804 orantis.
2044 748 2116 805 At
2159 750 2238 805 illi
2278 766 2378 823 pro
2422 751 2583 807 bonis
2620 753 2763 809 mala
2802 754 3078 811 reddendo
3119 755 3358 811 intende·

1779 848 1903 895 runt
1934 857 2140 910 areum,
2190 858 2301 899 non
2351 846 2589 901 contenti
2641 845 2892 903 videlicet
2934 847 3115 917 gladio
3158 848 3359 919 linguar

1779 944 1987 1003 aperte,
2013 933 2119 990 nisi
2150 943 2207 991 et
2256 951 2388 991 arcu
2437 935 2747 994 dolositatis
2798 938 3064 995 insidiose
3106 937 3356 1008 ferirent,

1780 1024 2116 1081 intenderunt
2146 1027 2262 1083 suis
2293 1028 2539 1085 consiliis
2562 1047 2745 1084 arcum
2767 1048 2875 1086 rem
2914 1049 3155 1086 amaram
3178 1048 3357 1104 quau-

1782 1116 1971 1173 talibet
2024 1118 2315 1175 verborum
2365 1120 2650 1178 dulcedine
2699 1121 2959 1180 fucatam.
3006 1124 3109 1180 Res
3168 1138 3360 1180 amara

1779 1209 2068 1266 dulcedine
2091 1212 2382 1267 verborum
2404 1212 2703 1281 celabatur,
2720 1230 2845 1270 cum
2863 1214 3108 1270 dicerent
3137 1233 3151 1270 z
3187 1234 3205 1268 ι
3241 1215 3359 1271 Ma-

1781 1300 1969 1372 gister,
1993 1303 2201 1361 scimus
2223 1305 2352 1375 quia
2370 1321 2536 1361 verax
2556 1321 2635 1370 eS,
2664 1318 2768 1361 etc.
2799 1305 3015 1374 (Mutat.
3039 1324 3179 1372 xxii,
3200 1307 3310 1377 16).
3334 1327 3353 1361 ι

1779 1391 2120 1450 paraverunt
2142 1395 2287 1451 enim
2315 1397 2542 1469 sagittas
2566 1413 2695 1453 suas
2716 1398 2770 1452 in
2797 1397 3078 1468 pharetra,
3108 1409 3167 1455 ut
3190 1399 3354 1469 quid-

1780 1484 1911 1555 quid
1942 1486 2169 1556 diceret,
2227 1487 2602 1561 sagittaretur,
2625 1500 2680 1545 et
2723 1492 2880 1561 quasi
2917 1508 3047 1547 reus
3081 1501 3360 1549 teneretur

1779 1577 1864 1632 vel
1890 1577 2158 1636 adversus
2199 1578 2495 1646 Caesarem,
2524 1582 2571 1637 si
2616 1583 2821 1638 tributa
2854 1584 2974 1638 dari
3022 1585 3356 1655 prohiberet,

1781 1670 1865 1727 vel
1892 1671 2159 1729 adversus
2181 1675 2463 1744 populum,
2489 1674 2534 1731 si
2555 1676 2895 1731 concederet.
2919 1676 3199 1733 Mulierem
3224 1693 3363 1749 quo-

1782 1763 1976 1833 quein
2026 1764 2298 1820 adulterio
2350 1766 2747 1837 deprehensam
2810 1768 2890 1824 sic
2919 1769 3257 1836 obtulerunt,
3301 1779 3363 1827 ut

1780 1853 2053 1929 quidquid
2080 1856 2147 1910 de
2187 1856 2277 1910 illa
2301 1855 2596 1925 judiearet,
2632 1858 2976 1929 judicaretur
3008 1862 3077 1916 ab
3117 1860 3224 1917 illis
3252 1861 3362 1917 ini·-

1781 1959 1949 2014 quum
1982 1945 2067 1999 vel
2121 1945 2385 2004 adversus
2436 1948 2573 2020 legis
2622 1948 2929 2019 justitiam,
2963 1954 3047 2008 vel
3094 1953 3362 2009 adversus

1780 2051 1926 2102 eam,
1964 2052 2129 2107 quam
2184 2038 2301 2108 ipse
2349 2040 2599 2108 docebat,
2660 2042 3114 2100 misericordiam.
3161 2042 3268 2099 Sed
3314 2044 3362 2100 si

1781 2126 1985 2184 frustra
2010 2130 2215 2200 jacitur
2240 2141 2352 2187 rete
2374 2142 2499 2188 ante
2521 2133 2712 2190 oculos
2742 2148 3129 2205 pennatorum,
3157 2148 3361 2208 quantu

1781 2221 1960 2292 magis
1990 2231 2116 2278 ante
2145 2224 2336 2280 oculos
2359 2224 2584 2281 llerodii
2612 2227 2769 2283 ducis
2798 2232 3028 2283 eni-usn?
3060 2228 3193 2284 Nam
3217 2232 3361 2300 qumi

1783 2313 1863 2368 illi
1894 2313 2081 2369 omnia
2124 2315 2330 2372 videnti
2389 2325 2614 2373 struunt
2655 2319 2908 2384 insidias,
2940 2320 3040 2375 tale
3092 2332 3177 2376 cst
3222 2340 3285 2376 vaar
3317 2340 3361 2376 si

1785 2407 2015 2477 laqueos
2037 2407 2320 2464 innectant
2350 2411 2519 2466 radiis
2549 2411 2643 2466 alti
2698 2420 2751 2467 et
2800 2416 3084 2469 meridiani
3125 2416 3273 2481 sutis,
3305 2424 3365 2469 ut

1782 2512 1909 2553 eum
1935 2497 2003 2555 de
2026 2501 2168 2556 coelo
2196 2501 2250 2555 in
2286 2509 2483 2558 terram
2520 2504 2761 2571 traliant,
2798 2509 2880 2561 vel
2908 2509 3064 2577 winsi
3104 2513 3229 2561 [latu
3261 2525 3361 2565 sui:-

1784 2590 1966 2663 ignem
1996 2593 2130 2650 solis
2191 2595 2432 2652 ardentis
2470 2604 2526 2651 et
2565 2597 2762 2653 ardore
2792 2614 2892 2653 suu
2928 2609 3129 2653 tei-mm
3157 2605 3361 2657 calef&

1783 2680 1982 2740 cientis
2028 2685 2377 2758 exstinguere
2424 2688 2739 2744 moliantur.
2775 2687 3036 2745 Nesciunt
3076 2693 3261 2749 miseri
3305 2713 3365 2749 se

1784 2773 2063 2832 incassum
2088 2777 2210 2833 niti.
2225 2776 2293 2834 Et
2309 2779 2434 2835 ideo
2456 2781 2601 2836 sicut
2621 2781 2737 2837 suis
2757 2781 3006 2839 consiliis
3029 2784 3365 2841 intenderunt

1785 2884 1970 2921 arcum
1997 2885 2105 2923 rem
2128 2886 2391 2937 amaram,
2421 2872 2495 2927 ita
2518 2873 2683 2927 etiam

1865 2958 2029 3018 Vens.
2056 2965 2109 3018 6.
2149 2961 2336 3019 Subito
2364 2965 2691 3037 sagittabunt
2713 2983 2854 3035 eum,
2881 2977 2930 3024 et
2959 2984 3063 3024 nou
3086 2969 3361 3027 timebunt.

1786 3049 1975 3107 Subito
2002 3054 2150 3110 velut
2178 3069 2246 3111 ex
2285 3055 2601 3128 improviso,
2638 3073 2764 3115 cum
2812 3060 2906 3116 ille
2945 3061 3131 3119 omnia
3159 3063 3363 3131 videat,

1788 3143 2120 3214 saqittabunt
2169 3147 2350 3203 scelus
2398 3148 2836 3207 machinantium
2887 3152 3240 3224 perducendo
3293 3157 3362 3212 ad

1787 3233 2040 3291 effectum
2072 3247 2123 3292 et
2152 3254 2257 3297 uon
2307 3238 2582 3295 timebunt.
2612 3238 2951 3311 Sagittabunt
2981 3244 3285 3311 bominem.
3314 3256 3365 3303 et

1786 3341 1888 3381 uon
1916 3327 2168 3384 timebunt
2190 3328 2383 3398 Deum,
2405 3331 2734 3403 sapittabunt
2758 3332 3035 3391 homiuem
3059 3337 3362 3393 tradentem

1779 3418 2051 3489 iudicanti
2076 3421 2384 3494 semiusto,
2414 3433 2464 3480 et
2496 3441 2600 3479 non
2626 3424 2877 3482 timebunt
2909 3428 3161 3483 eumdem
3196 3428 3362 3485 Deum

1781 3509 2157 3580 judicaturum
2181 3514 2365 3585 justos
2390 3525 2445 3573 et
2471 3517 2710 3587 iniustos
2732 3517 2883 3589 juste
2919 3518 2975 3573 in
3020 3534 3218 3591 magna
3246 3535 3366 3575 ma-

1780 3604 2002 3675 iestate,
2031 3606 2174 3662 sieut
2212 3607 2329 3678 ipse
2356 3618 2693 3679 protestatus
2722 3620 2807 3667 est
2846 3620 2974 3666 ante
2996 3610 3240 3681 judicem
3268 3610 3363 3667 Pi·

1785 3700 1956 3756 latum
1983 3698 2324 3770 iudicantem
2354 3716 2416 3757 se
2456 3700 2679 3772 injuste.
2718 3721 2736 3754 ι
2778 3701 3186 3772 Verumtamen,
3216 3724 3235 3757 t
3261 3707 3362 3772 ait,

1792 3810 1812 3845 ι
1852 3792 2054 3849 amodo
2080 3792 2337 3850 videbitis
2381 3790 2585 3849 Filium
2624 3794 2868 3850 hominis
2895 3795 3200 3852 venientem
3233 3811 3362 3852 cum

1784 3895 2054 3959 potestate
2093 3903 2311 3960 magna,
2339 3896 2394 3944 et
2438 3887 2724 3958 maiestate
2755 3888 2976 3961 (Manli.
3001 3906 3153 3958 xxvi,
3182 3890 3297 3962 64).
3337 3911 3356 3944 ι

1786 3977 1940 4035 Talia
1978 3979 2251 4035 dicentem
2284 3978 2617 4051 saqittabant
2654 3996 2794 4049 eum,
2828 3994 2880 4036 et
2930 3997 3036 4036 uon
3083 3981 3361 4049 timebant,

1785 4071 2047 4143 quoniam
2098 4086 2165 4127 ex
2219 4071 2325 4128 hoc
2378 4072 2499 4144 ipso
2543 4072 2792 4129 veritatis
2851 4074 3164 4131 testimonio
3202 4076 3362 4146 quasi

1787 4174 1980 4223 testem
2021 4164 2218 4221 falsum
2246 4165 2332 4220 vel
2359 4164 2741 4238 blasphemum
2784 4167 3235 4236 condemnantes,
3266 4169 3381 4240 stri

1786 4269 2057 4313 moverunt
2079 4257 2181 4312 sibi
2202 4273 2491 4312 sermonem
2512 4274 2757 4328 nequam.
2787 4256 3058 4329 Repetitio
3077 4260 3365 4317 confirma-

1787 4352 1864 4408 tio
1892 4351 2018 4420 fuit,
2066 4368 2174 4424 qua
2210 4352 2473 4420 dicentes,
2514 4371 2533 4405 ι
2568 4352 2864 4425 crucifige,
2913 4354 3171 4424 crucifige
3203 4354 3357 4426 (Luc.

80 4440 341 4511 ostendo
362 4441 595 4510 qualiter
622 4438 830 4511 operati
851 4445 981 4494 sunt
1003 4436 1344 4508 iniquitatem
1360 4452 1468 4493 non
1492 4453 1679 4505 manu,
1711 4452 1758 4507 1)
1785 4459 1943 4509 mn,
1963 4444 2056 4513 Ἃ)
2094 4464 2113 4497 ι
2146 4445 2486 4516 'irritaverunt
2514 4444 2616 4501 sibi
2639 4461 2926 4500 sermonem
2958 4462 3201 4518 nequam.
3237 4446 3365 4503 Fir-

79 4534 187 4590 sent
216 4531 411 4602 lingua
448 4550 461 4586 ε

161 4624 346 4680 Vsus,
371 4625 426 4679 t.
452 4622 588 4689 Quia
611 4632 933 4679 exacuerunt
955 4623 1163 4695 linquas
1189 4640 1313 4680 suas
1335 4635 1391 4679 ut
1421 4622 1680 4695 qlattium.

75 4717 329 4790 quando
353 4724 535 4788 aperte
560 4715 934 4772 clamaverunt
963 4734 976 4769 ε
1011 4734 1029 4767 ι
1066 4713 1175 4771 Nos
1197 4715 1370 4786 legem
1397 4714 1680 4781 habemuS,

75 4822 140 4870 et
173 4810 497 4867 secuudum
526 4809 698 4881 legem
741 4817 988 4865 nostram
1046 4807 1206 4863 debet
1235 4806 1395 4874 mori,
1424 4806 1555 4876 quia
1588 4804 1682 4860 Fi-

72 4908 235 4963 lium
270 4903 372 4960 Dei
395 4919 456 4960 se
484 4901 614 4960 fecit
639 4902 824 4975 (loon.
858 4918 972 4970 xix,
1002 4901 1076 4972 7).
1112 4921 1130 4953 ι
1164 4898 1296 4955 ltem
1327 4918 1340 4955 :
1377 4917 1396 4951 ι
1445 4897 1503 4954 Si
1536 4900 1684 4956 bunc

66 5000 359 5067 dimittis,
378 5014 485 5054 non
509 5011 571 5053 es
611 4997 823 5053 amicus
842 4994 1078 5052 Caesaris
1100 4992 1281 5066 (ibat,
1313 4992 1422 5063 ta).
1457 5011 1475 5043 ι
1510 4990 1681 5047 Item:

73 5112 96 5145 ι
142 5091 317 5148 Reus
345 5100 428 5148 est
473 5090 666 5146 mortis
707 5087 927 5158 (Matth.
968 5104 1119 5156 xxvi,
1146 5087 1260 5156 66).
1301 5106 1319 5138 ι
1358 5085 1491 5141 item
1520 5104 1533 5139 ι
1565 5105 1584 5137 ι
1624 5085 1683 5142 Si

66 5200 196 5239 non
247 5193 404 5239 esset
442 5183 532 5239 bic
567 5180 907 5251 malefactor,
958 5197 1066 5238 non
1118 5182 1214 5236 tibi
1267 5179 1684 5236 tradidissemus

64 5293 217 5334 eum
245 5275 439 5346 (Joau.
471 5292 630 5341 xviii,
666 5274 783 5343 50).
822 5295 840 5325 ι
869 5272 1020 5329 Talia
1067 5275 1309 5329 dicentes
1358 5264 1683 5328 ixacueruut

61 5369 317 5440 linquas
349 5385 474 5423 suas
502 5380 558 5423 ut
584 5365 1194 5439 qladium,perliciendo
1223 5364 1477 5428 videlicet
1506 5363 1685 5418 bomi-

58 5462 307 5518 cidium
362 5461 547 5532 lingua
585 5474 883 5525 venenosa,
914 5459 1058 5529 quod
1109 5458 1308 5513 milites
1340 5455 1685 5528 perfecerunt

55 5571 262 5613 manu
302 5564 554 5611 cruenta.
583 5552 662 5608 ltli
693 5553 828 5607 bora
853 5551 1010 5606 tertia
1039 5550 1425 5605 crucitixerunt
1455 5546 1681 5617 linguis,

53 5667 257 5723 quem
302 5658 459 5707 sexta
484 5649 617 5705 hora
643 5645 1035 5704 crucifixerunt
1067 5642 1265 5697 milites
1311 5641 1459 5714 ligno
1481 5648 1536 5695 et
1571 5639 1683 5694 cla-

53 5744 183 5799 vis.
223 5741 397 5804 Unde
447 5742 500 5799 iu
545 5740 855 5813 evangelica
906 5735 1216 5793 narratione
1251 5734 1386 5791 alias
1415 5734 1548 5791 bota
1575 5739 1683 5786 ter-

1784 4547 2058 4591 maveruut
2092 4552 2200 4594 non
2233 4538 2478 4593 veritatis
2511 4536 2839 4602 assertione,
2864 4539 2960 4594 sed
3004 4540 3364 4611 malignitatis

1784 4626 2172 4683 obstinatione.
2199 4624 2293 4683 Vel
2317 4628 2660 4696 strittaverunt
2684 4627 2786 4683 sibi
2825 4644 3116 4683 sermonem
3136 4645 3363 4702 nequam

1785 4717 2017 4776 dicendo
2044 4737 2057 4775 ε
2093 4738 2112 4770 ι
2153 4718 2390 4791 Sanguis
2442 4720 2564 4790 ejus
2594 4735 2760 4792 super
2786 4736 2889 4777 nos
2919 4731 2976 4777 et
3025 4737 3192 4795 super
3219 4722 3365 4779 filios

1782 4819 1999 4868 nostros
2018 4808 2235 4883 (Matth.
2255 4827 2423 4876 xxvii,
2438 4810 2554 4882 25).
2579 4829 2598 4863 ι
2625 4811 2780 4869 llunc
2799 4829 3090 4868 sermonem
3110 4829 3361 4884 nequam,

1783 4903 1896 4960 sive
1920 4903 2220 4973 malignum
2252 4904 2598 4972 firmaverunt
2625 4904 2750 4972 sibi,
2789 4904 2842 4960 id
2876 4914 2961 4961 est
2996 4904 3066 4960 ad
3094 4904 3356 4961 damnum

1783 5012 1945 5052 suum
1972 4993 2078 5051 sibi
2108 4994 2334 5065 suisque
2360 4995 2596 5065 posteris
2619 4997 2929 5054 nociturum
2959 5004 3113 5052 tanta
3142 5004 3360 5052 senten-

1787 5088 1880 5144 tiae
1904 5087 2182 5153 firmitate,
2214 5097 2272 5142 ut
2299 5102 2424 5143 cum
2449 5088 2844 5158 iilo-sanguiue
2874 5089 3049 5143 veniat
3077 5101 3243 5158 super
3262 5103 3359 5144 eos

1782 5180 1965 5237 omnis
1985 5180 2216 5251 sanguis
2241 5180 2445 5250 justus,
2492 5181 2587 5253 qui
2638 5182 2849 5236 effusus
2898 5188 2982 5235 est
3032 5194 3062 5234 a
3092 5180 3361 5251 sanguine

1784 5271 1918 5326 Abel
1937 5271 2073 5342 justi
2103 5286 2277 5342 usquc
2301 5273 2367 5328 ad
2392 5273 2714 5342 sauguinem
2748 5271 3027 5328 Zacharia}
3054 5271 3153 5328 filii
3190 5272 3360 5329 Bara-

1782 5363 1940 5417 chiae.
1973 5361 2117 5429 Dixi,
2160 5364 2311 5433 quod
2354 5364 2691 5418 intenderunt
2723 5379 2908 5417 arcum
2944 5380 3053 5418 rem
3091 5380 3356 5420 amaram.

1783 5452 1939 5510 Nunc
1963 5455 2107 5519 dico,
2142 5456 2377 5526 qualiter
2401 5455 2770 5523 intenderunt,
2796 5455 2901 5512 boc
2928 5457 3092 5512 modo
3117 5457 3354 5515 seilicett

1787 5542 2155 5599 Narraverunt
2194 5554 2252 5599 ut
2305 5543 2678 5599 absconderent
2725 5543 2958 5615 laqueos.
3009 5546 3359 5619 collegerunt

1784 5634 1931 5691 euim
1963 5636 2254 5692 concilium
2278 5644 2332 5692 et
2355 5633 2608 5690 dicebant
2641 5651 2654 5689 :
2693 5654 2711 5687 ι
2754 5634 2895 5702 Quid
2924 5634 3181 5704 facimus,
3221 5637 3356 5707 quia

1784 5727 1875 5783 hic
1902 5728 2066 5785 bomo
2094 5728 2266 5784 multa
2288 5728 2443 5799 signa
2461 5724 2619 5782 facit?
2646 5737 2750 5784 etc.
2782 5726 2965 5801 (Ioan.
2999 5745 3078 5800 xi,
3102 5729 3219 5803 t7.)
3247 5747 3265 5782 ι
3292 5727 3351 5784 ln
