3817 6000
120 204 191 341 'ipre
603 256 759 321 ennnsnt
775 257 856 319 cen.
875 255 958 314 nuo.
979 254 1009 314 e.
1029 246 1192 320 rrcrnms
1210 260 1324 320 rums.
1716 267 1768 325 ιιι

431 370 548 432 cteur
566 373 627 432 llll.
940 370 1051 436 Adatae
1070 382 1146 443 sunt,
1167 389 1223 432 non
1247 375 1376 449 operibus
1389 375 1465 435 uenit
1486 375 1521 435 ad
1543 377 1636 447 fldem,
1655 378 1704 436 scd
1717 381 1770 441 ude

399 480 440 524 ne
459 482 671 525 vnsnrnnno.
980 463 1055 520 venit
1076 464 1112 522 ad
1139 480 1233 537 opera.
1248 463 1317 524 Nam
1338 476 1366 525 et
1386 469 1412 525 ei
1432 483 1481 540 per
1503 469 1630 541 angelum
1647 470 1769 530 dieitur:

136 560 173 623 lu
183 559 323 634 Scriptura
332 573 411 614 sacro
424 557 547 615 uestibuii
558 560 672 626 iserniae,
685 556 830 630 oquuondo
842 559 929 615 hurni-
981 551 1122 612 Orotioncs
1139 566 1194 614 tum
1205 568 1231 613 et
1243 558 1412 631 elecmospnoe
1432 562 1605 619 escenderunt
1619 563 1647 619 in
1660 579 1770 635 compo·

285 627 777 702 11111»1191114111111111911111·
979 646 1052 702 c'tum
1067 648 1118 706 Dei
1130 650 1201 723 (Act.
1214 667 1241 722 s,
1254 651 1294 724 2).
1317 650 1347 708 Si
1369 653 1443 709 enim
1466 651 1552 712 ileum
1570 669 1635 712 rere
1657 663 1685 712 et
1706 664 1772 714 ante

171 741 307 801 Vestibuli
342 742 455 799 nomine
484 742 626 800 humilitas
654 742 824 815 designatur,
858 742 930 799 sient
979 742 1145 814 baptismum
1168 759 1223 802 non
1247 746 1410 818 crediderat,
1425 749 1493 821 quid
1510 751 1625 808 orabatl
1643 751 1772 825 reique-

135 851 185 909 per
198 833 368 893 Ezechielem
381 835 415 892 de
424 844 503 906 porto
524 850 586 907 quse
597 834 759 906 respiciebat
775 834 808 890 ad
820 835 930 905 aquilo·
980 833 1063 899 modo
1077 835 1150 891 hunc
1163 837 1336 911 omnipotens
1352 838 1425 897 Deus
1438 841 1607 911 exaudierat,
1623 843 1647 901 si
1664 860 1719 901 non
1734 845 1771 902 ab

136 942 211 998 nem,
225 925 327 984 dicitur
337 944 345 984 ε
357 923 494 984 Fenestrrr
517 936 607 983 ostem
622 927 693 998 ejus,
717 935 744 983 et
760 926 929 993 uestibulum,
980 922 1040 994 ipso
1054 938 1085 980 se
1097 922 1124 979 in
1139 923 1220 984 bonis
1233 926 1327 999 perlici
1338 929 1463 1000 petebat?
1474 927 1585 988 Sciebat
1598 934 1681 1006 iqitur
1691 950 1771 992 cres·

120 1030 161 1099 ,st
175 1017 319 1090 sculpturis
333 1025 412 1075 erunt
434 1018 578 1075 urendum
599 1032 750 1073 nrensuront
773 1025 857 1088 portic
870 1034 930 1089 quoe
980 1022 1067 1071 torem
1088 1017 1211 1073 omnium
1233 1018 1329 1090 licum,
1342 1021 1391 1078 sed
1418 1023 1492 1093 quod
1514 1026 1689 1099 omnipotens
1710 1027 1771 1101 ejus

111 1102 114 1108 “
136 1110 293 1183 respiciebat
308 1110 344 1166 od
354 1107 714 1180 orientrm(Ezeclr.xn,22).
727 1107 780 1166 Per
796 1109 929 1166 orientem
980 1104 1067 1164 Filius
1086 1108 1245 1167 incarnatus
1270 1124 1343 1170 esset
1368 1112 1520 1187 ignorabat.
1547 1114 1641 1190 Neque
1665 1128 1772 1191 poterat

136 1201 219 1275 505
234 1217 354 1275 namque
370 1202 515 1274 signantur
527 1200 566 1270 hi,
582 1200 672 1273 quiin
697 1201 851 1258 innocentia
869 1210 931 1274 post
980 1195 1052 1252 bena
1068 1212 1149 1270 aqere
1161 1198 1214 1257 nisi
1233 1209 1297 1258 ante
1310 1203 1483 1262 credidisset.
1496 1203 1636 1279 Scriptum
1653 1224 1773 1281 namque

19 1356 28 1370 ο
135 1293 355 1362 cnrrrersionem,
366 1309 421 1366 qua
436 1292 493 1349 nati
503 1300 578 1361 sunt,
587 1292 777 1363 perstiterunt.
789 1290 842 1351 l‘cr
851 1293 931 1366 aqui·
980 1296 1023 1346 est
1035 1306 1043 1345 ε
1057 1286 1184 1361 Sinopide
1196 1291 1357 1365 impossibiie
1371 1305 1409 1350 ost
1424 1296 1528 1368 plaeere
1547 1296 1603 1355 lieo
1619 1297 1714 1372 (Echi.
1731 1318 1771 1372 ιι,

136 1383 229 1442 lencm
253 1399 319 1442 uero
339 1385 368 1441 hi
386 1385 434 1457 qui
456 1383 622 1455 inpeccatis
643 1383 714 1456 lapsl
735 1392 810 1453 suut,
839 1385 932 1455 expri-
980 1378 1020 1452 6).
1032 1378 1127 1437 Eidem
1144 1396 1210 1456 erqo
1226 1384 1331 1455 babuit,
1350 1387 1430 1459 cuijus
1444 1388 1584 1448 orationes
1603 1400 1631 1448 et
1653 1391 1773 1451 eleemo-

136 1487 260 1535 muntur.
273 1476 326 1534 Per
338 1485 446 1549 portam
469 1490 582 1551 quoque
606 1475 684 1551 requi
706 1476 826 1534 coelestis
839 1476 930 1535 aditus
981 1484 1056 1543 ⁸5¹¹ae
1069 1469 1178 1543 placere
1197 1482 1356 1547 potuerunt.
1371 1477 1447 1535 Bona
1470 1486 1563 1536 autem
1586 1481 1696 1539 actione
1707 1497 1772 1555 pro·

136 1570 307 1644 intelligitur.
331 1569 385 1628 Per
404 1569 541 1628 fenestras
556 1579 649 1629 autem
663 1570 869 1643 contemplatio,
882 1587 931 1644 per
981 1562 1093 1632 meruli»
1107 1573 1138 1622 ¹¹¹
1152 1564 1239 1623 019111
1262 1567 1382 1640 berselli
1395 1580 1586 1642 ⁰⁰i¹¹⁰⁸oeieb
1598 1581 1626 1629 θί
1644 1572 1773 1634 incerni-

133 1662 303 1726 ,esqqhqqqm
327 1661 480 1732 qumqqqm,
495 1678 546 1735 W
560 1663 731 1736 ,qqqpqqqqm
745 1664 816 1721 pona
830 1678 930 1736 qpm.
981 1656 1065 1714 tionis
1076 1658 1137 1731 ejus
1153 1661 1314 1734 mysterium
1326 1664 1461 1733 crederet,
1477 1674 1614 1738 quatenus
1625 1667 1660 1724 ad
1677 1683 1774 1727 saera·

137 1757 176 1813 tio
190 1756 360 1830 desiqnatur.
377 1757 461 1815 Porta
471 1773 538 1833 erqo
561 1758 596 1817 ad
611 1758 768 1831 aquilonem
792 1758 930 1818 cucumis
982 1758 1104 1808 mentum
1124 1752 1297 1824 baptismatis
1315 1757 1479 1829 perveniret.
1490 1756 1542 1815 Per
1556 1758 1636 1817 tidem
1650 1762 1725 1817 uenit
1736 1760 1773 1818 sa

136 1847 239 1905 babere
247 1849 416 1921 perhibetur,
425 1865 487 1922 quae
499 1858 578 1922 porta
593 1848 628 1908 ad
640 1847 932 1919 orientem,ienestras
981 1855 1075 1912 ouem,
1090 1842 1139 1900 sed
1159 1860 1210 1917 per
1224 1859 1307 1918 opera
1322 1855 1365 1904 est
1377 1848 1511 1907 solidatus
1523 1850 1551 1906 in
1566 1849 1629 1908 hdo.
1645 1850 1774 1910 Vestihu·

136 1940 243 1998 scilicet
270 1941 528 2013 contemplationis,
555 1941 724 2001 vestibulum
754 1940 930 2008 humilitatis,
977 1934 1039 1992 >lum
1051 1937 1144 2010 itaque
1156 1947 1219 1996 ante
1232 1940 1335 2013 qradus
1346 1952 1397 2007 est,
1412 1941 1476 2014 quia
1495 1943 1542 2016 qui
1556 1943 1634 2015 prius
1648 1945 1778 2017 credidit,

137 2030 295 2104 sculpturas
308 2032 388 2090 bonae
401 2032 569 2105 operationis
582 2033 669 2108 (777).
684 2030 786 2092 Omnes
800 2048 931 2106 namque,
982 2025 1042 2099 ipse
1068 2038 1133 2101 post
1145 2030 1278 2091 rirtrtum
1300 2033 1432 2105 gradihus
1445 2033 1479 2092 ad
1493 2047 1580 2107 portae
1601 2036 1705 2095 aditum
1726 2054 1773 2097 as·

137 2123 186 2196 qui
199 2140 250 2196 per
261 2124 316 2182 hoc
327 2124 402 2196 quod
415 2125 443 2182 in
457 2126 664 2186 conuersatione
678 2127 737 2185 nati
750 2136 824 2193 sunt,
840 2127 868 2183 ln
888 2127 932 2185 ln·
959 2121 1083 2209 iustruit.

136 2217 265 2276 nocentia
286 2218 464 2291 perstiterunt
479 2228 587 2291 portam
612 2221 646 2277 ad
667 2220 800 2278 orientem
818 2219 931 2289 habent,

137 2309 204 2382 quia
220 2309 262 2368 eis
271 2309 392 2368 celestis
403 2311 479 2385 requi
490 2310 582 2369 aditus
594 2319 669 2383 patet
680 2327 713 2370 er
728 2312 844 2379 lumine,
856 2312 932 2384 quod
1302 2369 1337 2408 Μ
1360 2370 1453 2411 ΗΜ

133 2410 314 2474 mmmm·
331 2401 365 2459 E‘
379 2418 478 2460 ⁰m⁰⁰⁸
498 2403 545 2475 qni
567 2403 595 2460 ¹¹¹
615 2404 735 2476 W¹i⁸
755 2405 932 2476 ⁹⁰⁵¹⁰¹⁰d⁰m
982 2438 1018 2496 In
1029 2439 1170 2512 sermono
1180 2458 1271 2509 socru,
1284 2444 1350 2498 otrii
1363 2445 1480 2511 nominc,
1495 2445 1642 2519 oiiquonrio
1657 2447 1779 2504 latitudo

135 2493 219 2566 hiliis
234 2495 359 2567 ⁰⁰¹P⁰fl⁸
382 2495 425 2552 ⁸¹¹5
450 2493 553 2568 ‘⁶8⁰¹ss
576 2506 642 2554 ⁸⁰⁰²
665 2496 799 2569 delimo
821 2496 870 2554 Μ
883 2512 934 2569 W
1018 2511 1091 2580 requi
1105 2511 1227 2579 reicitis,
1245 2514 1390 2587 aliquando
1411 2515 1527 2571 latitudo
1547 2517 1608 2573 citra
1627 2521 1775 2588 proruentis,

137 2586 329 2657 poerrltentiam
342 2587 458 2645 redeunt
468 2586 504 2644 nd
519 2602 642 2645 amorem
652 2587 774 2647 eoelestis
785 2587 891 2659 patriae,
905 2596 935 2647 et
1018 2582 1165 2654 aliquando
1179 2585 1297 2639 latitudo
1321 2586 1473 2655 charitatis,
1501 2587 1647 2659 aliquando
1660 2598 1776 2644 caritens-

137 2680 320 2749 roeaqeseum,
343 2689 451 2751 mmm
476 2678 511 2736 ,q
542 2679 700 2754 aquilonem
728 2680 841 2748 bahem,
867 2681 932 2753 qui,
1016 2653 1269 2727 pincionemonte
1281 2655 1398 2712 latitudo
1410 2666 1516 2714 remorre
1536 2659 1597 2714 ritu
1610 2660 1775 2732 decipiantur.

136 2768 219 2826 etiam
234 2768 276 2827 eis
289 2778 352 2841 post
362 2769 467 2843 peccati
483 2769 572 2844 iriqus
582 2771 659 2845 reqnl
676 2770 768 2830 aditus
783 2787 832 2845 per
849 2773 934 2831 mise·
1017 2766 1093 2840 (779)
1109 2764 1179 2824 htrii
1199 2769 1312 2827 nomine
1324 2768 1440 2826 latitudo
1461 2769 1538 2841 reqni
1563 2769 1683 2827 coelestis
1703 2771 1777 2828 desi-

139 2861 289 2919 ricordiam
311 2869 396 2934 patet.
417 2861 457 2919 Ea
478 2877 544 2936 erqo
561 2863 663 2922 hahere
676 2863 778 2922 dicitur
798 2872 878 2937 ports
898 2864 933 2921 ad
982 2875 1093 2932 quatur,
1107 2859 1180 2918 sicut
1193 2875 1242 2933 per
1254 2859 1423 2918 Ezechielem
1438 2860 1540 2919 dieitur
1554 2881 1562 2919 ι
1575 2861 1610 2917 Et
1619 2872 1698 2934 porto
1712 2864 1777 2922 atrii

136 2954 308 3028 aquilonem,
330 2968 392 3027 quse
412 2953 496 3012 hahet
511 2964 591 3026 porta
613 2954 648 3013 ad
663 2953 808 3025 orientem,
822 2956 888 3029 quia
905 2965 934 3015 et
982 2953 1116 3011 interioris
1143 2963 1237 3011 corrtrn
1263 2964 1370 3026 portans
1393 2953 1545 3028 aquilonis,
1571 2963 1597 3012 ct
1620 2956 1777 3014 orientalem

1273 2260 1392 2319 CAPUT
1409 2262 1479 2320 xxi.

135 3045 265 3105 conversi
288 3056 447 3120 peccatores
474 3047 516 3107 sic
539 3049 661 3106 ditantur
684 3049 845 3117 uirtutibus,
861 3048 969 3140 sicutc
985 3046 1093 3119 (Euri.
1108 3062 1154 3117 xe,
1183 3047 1240 3121 19).
1259 3046 1313 3105 Per
1339 3057 1445 3120 portam
1471 3047 1573 3120 quippe
1599 3048 1702 3117 aditus,
1728 3065 1777 3121 per

138 3138 178 3203 illi
193 3147 258 3197 sunt
268 3140 367 3198 divites
390 3141 439 3215 qui
454 3140 554 3199 eadere
575 3141 604 3198 iu
624 3142 730 3213 peccati
743 3142 933 3212 poenitentiam
984 3138 1085 3196 atrium
1099 3138 1224 3210 interius,
1240 3139 1318 3212 requi
1332 3138 1414 3212 507
1429 3140 1549 3197 coelestis
1561 3148 1713 3210 secretum
1729 3155 1777 3213 per

137 3232 293 3291 ritaremnt
305 3251 313 3291 s
326 3234 400 3293 unde
419 3243 448 3293 et
459 3234 613 3293 Psntmtna
625 3249 693 3292 uoce
716 3250 765 3307 per
785 3233 934 3293 Dominum
984 3231 1118 3289 orientem
1128 3230 1261 3290 luduicus
1271 3233 1398 3304 populus,
1418 3248 1468 3289 seu
1481 3232 1595 3305 quilibet
1604 3233 1715 3306 justum
1728 3248 1779 3306 per

136 3324 383 3385 diciturrdinerem
393 3328 462 3384 siem
475 3344 570 3401 ponem
587 3327 781 3384 manducabam
799 3328 933 3401 (Proici,
983 3322 1142 3396 aquilonem
1161 3339 1228 3382 rere
1240 3324 1351 3397 qentilis
1364 3324 1482 3397 populus
1492 3341 1541 3382 scu
1556 3335 1685 3398 peccator
1695 3324 1779 3398 quill-

138 3416 195 3488 id).
210 3415 281 3485 unta
296 3420 335 3476 sic
345 3418 509 3491 penitentes
519 3418 626 3491 recipit,
638 3428 670 3475 ut
680 3419 781 3492 justos,
795 3418 934 3492 Scriptum
984 3415 1031 3472 bet
1043 3416 1180 3488 poenitens
1200 3415 1370 3490 designatur.
1391 3414 1493 3475 Contra
1517 3433 1626 3490 quoque
1638 3419 1691 3475 boc
1704 3419 1777 3486 loco,

137 3510 294 3583 quippeest
307 3510 545 3583 depeceatorihus
559 3528 567 3568 ι
583 3508 655 3568 Olim
670 3510 934 3580 incilici0,etcinrrc
984 3522 1041 3565 non
1063 3523 1114 3580 pro
1131 3507 1295 3566 aduersitate
1318 3508 1440 3581 ponitur,
1461 3509 1508 3567 sed
1531 3525 1580 3582 pro
1600 3510 1776 3570 rectitudine.

136 3598 318 3677 penitentiam
327 3599 440 3671 epissent
457 3598 567 3673 (liutto.
581 3614 622 3667 ιι,
637 3599 696 3672 el).
710 3597 788 3657 Ciuis
808 3616 874 3674 erqo
896 3601 935 3659 si·
983 3596 1025 3655 ltu
1038 3598 1111 3655 enim
1125 3608 1204 3671 porta
1218 3598 1357 3658 interioris
1371 3600 1435 3656 atrii
1448 3600 1539 3673 posita
1559 3600 1776 3669 monstrabatur,

136 3698 186 3748 eut
198 3689 278 3763 panis
295 3690 458 3760 comeditur,
482 3690 594 3763 quando
610 3692 717 3749 auctori
742 3707 795 3749 sun
808 3703 935 3766 peccator
984 3700 1017 3749 ut
1028 3702 1107 3765 porta
1117 3692 1256 3765 aquilonis
1266 3701 1294 3749 et
1304 3692 1419 3752 orientis
1433 3693 1555 3767 perlecto
1569 3696 1604 3751 ad
1626 3710 1688 3752 eam
1700 3694 1776 3752 aditu

136 3796 187 3854 per
206 3781 396 3853 penitentiam
418 3781 493 3841 sicut
514 3783 648 3842 innocens
670 3793 827 3842 renouatur.
851 3785 934 3844 Porta
984 3785 1117 3843 tenderet.
1132 3784 1203 3854 Quid
1222 3794 1263 3843 est
1277 3801 1343 3859 erqo
1355 3785 1429 3858 quod
1452 3795 1531 3859 porta
1554 3786 1694 3844 interioris
1712 3788 1776 3844 atrii

136 3874 222 3948 iqitur
234 3874 269 3932 ad
284 3875 444 3948 aquilonem
458 3876 542 3934 habet
554 3875 700 3947 fenestras,
714 3878 797 3935 habet
808 3880 934 3937 restibu-
983 3886 1061 3934 recto
1089 3876 1188 3934 itinere
1216 3876 1307 3949 posita
1334 3887 1430 3935 contra
1452 3886 1570 3949 portam.
1594 3877 1731 3950 aquilonis
1745 3887 1774 3935 ct

137 3965 207 4036 lum,
229 3967 312 4025 hahet
338 3975 367 4025 et
387 3968 556 4042 sculpturas,
581 3969 658 4042 quia,
670 3985 734 4028 eum
757 3978 885 4042 peccator
899 3969 934 4026 ad
984 3967 1099 4027 orientis
1115 3970 1279 4038 ostenditur,
1293 3968 1347 4027 nisi
1362 3969 1415 4027 hoc
1433 3971 1507 4042 quod
1521 3978 1615 4042 aperte
1634 3969 1717 4027 datur
1731 3970 1776 4027 in·

136 4056 223 4113 uitam
234 4065 297 4129 post
314 4057 411 4130 culpas
431 4059 584 4129 reducitur,
599 4074 673 4134 saepe
692 4060 785 4116 lumen
807 4069 933 4118 contem·
983 4059 1068 4132 teliiqi
1080 4061 1145 4133 quia
1159 4060 1219 4118 sine
1231 4059 1347 4118 ludaico
1359 4062 1460 4133 pupulo
1470 4072 1498 4119 et
1510 4062 1617 4134 qentili,
1633 4078 1682 4119 seu
1694 4061 1779 4133 justis

136 4148 393 4224 piationisaccipit;
408 4158 492 4223 atque
505 4151 540 4209 de
561 4151 767 4224 ipsamemoria
779 4151 933 4224 iniquitatis
983 4150 1224 4223 etpeccatorihus,
1248 4151 1297 4208 sed
1320 4161 1383 4224 post
1404 4160 1516 4224 peecata
1538 4152 1680 4211 conuersis
1699 4170 1778 4227 mque

136 4254 197 4305 suar
207 4239 325 4313 gratiam
340 4257 447 4314 mnquae
459 4241 635 4311 humilitatis,
647 4240 729 4300 bona
748 4257 859 4315 quoque
869 4259 935 4316 ope-
983 4240 1076 4298 aditus
1086 4239 1163 4312 requi
1177 4239 1298 4297 eoelestis
1316 4242 1457 4313 aperituri
1476 4241 1564 4315 Lnrqa
1576 4242 1651 4300 euim
1667 4253 1711 4301 est
1726 4245 1779 4300 mi·

138 4329 257 4390 rationis
271 4329 433 4401 efficaciam,
445 4340 477 4389 ut
490 4346 574 4390 omne
593 4332 667 4404 quod
692 4332 753 4392 beri
765 4334 933 4406 precipitur,
983 4330 1133 4389 sericordia
1153 4329 1294 4390 Creatoris
1313 4333 1413 4390 nostri.
1429 4331 1465 4390 Et
1480 4343 1561 4406 porta
1582 4332 1697 4391 biterior
1720 4350 1777 4393 nou

136 4415 168 4484 lp
182 4414 238 4473 vita
256 4415 318 4489 ejus
330 4418 411 4490 quasi
428 4417 565 4489 sculptum
578 4432 641 4476 esse
652 4417 788 4478 rideatur.
943 4421 1073 4487 Dsolum
1090 4432 1197 4494 portam
1209 4423 1453 4497 orientisrespicit,
1468 4424 1516 4483 sed
1529 4425 1613 4482 etiam
1626 4425 1776 4498 aquilonis,

173 4508 251 4582 (778)
265 4508 361 4568 Potest
379 4524 491 4583 quoque
506 4526 554 4584 per
568 4510 734 4571 uestibulum
749 4511 818 4570 ides
832 4511 935 4571 intelli·
985 4516 1050 4593 quia
1062 4517 1217 4576 uonsolum
1237 4516 1272 4575 iis
1299 4517 1348 4590 qui
1373 4516 1401 4574 in
1422 4517 1578 4575 innocentia
1599 4518 1777 4590 permanentss

131 4598 168 4673 ,qi
182 4618 190 4655 ι
202 4600 277 4659 uude
296 4600 367 4659 bene
382 4600 532 4660 subditur:
548 4599 862 4675 Septemmroqrodilrss
874 4613 935 4661 mot
981 4611 1033 4680 *sed
1045 4611 1129 4670 etiam
1147 4609 1337 4683 peceamribus
1350 4610 1778 4682 peceatasuapoenitendodam·

137 4691 346 4763 0111111111117
367 4691 469 4749 “illm
481 4701 567 4766 791113
580 4702 606 4750 et
621 4692 779 4773 milleium
799 4703 862 4752 oste
874 4712 935 4753 cons
984 4703 1115 4761 nantibus
1132 4701 1294 4774 aperiuntur
1305 4702 1447 4761 interioris
1460 4701 1523 4759 atrii
1537 4702 1647 4774 qaudia,
1663 4711 1693 4758 ut
1705 4698 1777 4758 inel-

140 4781 250 4856 (Eseci.
262 4799 308 4854 ιι,
323 4783 382 4857 11).
391 4784 503 4858 Septem
516 4784 627 4859 quidem
642 4786 772 4860 madibus
782 4787 818 4845 ad
827 4797 934 4861 portam
984 4793 1079 4853 labilia
1086 4795 1215 4869 mysteria
1226 4795 1322 4868 patriae
1328 4794 1780 4870 coetmusaqnoseat,apnosccndo

139 4875 309 4945 ascenditur,
333 4880 399 4949 quia
423 4892 473 4949 per
498 4878 587 4936 saneti
611 4878 727 4950 spiritns
744 4880 933 4953 septilormem
984 4888 1091 4955 sitiant,
1111 4888 1230 4945 sitiendo
1244 4898 1368 4956 currant,
1383 4890 1519 4948 currendo
1533 4885 1779 4962 perveniantllmc
1851 4961 1852 4964 Ἴ

139 4966 258 5041 qratiam
273 4967 366 5027 aditus
380 4969 460 5027 nohis
474 4971 551 5043 requi
564 4970 687 5030 coelestis
697 4972 836 5044 aperitnr;
850 4974 935 5034 resti·
984 4979 1080 5037 ameni
1092 4978 1185 5052 qaudii
1198 4993 1304 5037 secreta
1316 4988 1492 5052 coqnorerat,
1510 4979 1558 5052 qui
1570 4979 1678 5037 dicebat
1690 4997 1698 5035 ι
1710 4976 1780 5036 Siti·

139 5060 237 5130 bulum
248 5077 360 5137 990191
375 5074 440 5122 11119
449 5065 552 5139 91911111
563 5075 592 5124 91
611 5067 696 5143 586
706 5077 786 5142 perta
801 5079 854 5141 est,
868 5071 935 5145 quia
984 5076 1022 5132 oit
1033 5072 1125 5129 animo
1139 5087 1199 5128 mco
1211 5069 1247 5127 od
1268 5069 1355 5127 Deum
1371 5071 1470 5142 [onem
1483 5071 1571 5128 uirum
1582 5070 1597 5126 7
1608 5069 1717 5142 quondo
1732 5084 1778 5126 oe-

139 5153 220 5227 prlus
233 5155 268 5214 ad
277 5155 360 5215 fldem
372 5157 544 5229 rmimuset
554 5162 730 5231 postmodum
744 5176 793 5235 per
802 5163 931 5236 spiritua·
985 5167 1091 5224 monet
1101 5162 1662 5239 opporeioonmsocicnriiominilli'sotnr.
1672 5161 1777 5233 ιιιό.)

139 5245 358 5310 teutonorum
375 5251 495 5310 omlcstis
506 5251 570 5310 ritae
582 5252 688 5312 aditum
702 5254 850 5315 intramus.
872 5255 935 5315 lion
1020 5258 1091 5318 atrii
1102 5258 1213 5316 nomine
1225 5257 1341 5315 latitudo
1358 5256 1421 5315 vite
1439 5257 1582 5329 praesentis
1600 5256 1774 5329 designatur,

140 5337 291 5398 rumonus
308 5340 418 5398 renitor
431 5341 468 5399 ad
490 5341 584 5413 idem,
599 5344 649 5404 sed
667 5360 717 5417 per
733 5345 816 5403 iidem
828 5347 935 5420 pertin·
985 5350 1057 5411 sicut
1070 5366 1119 5424 per
1132 5348 1259 5408 eumdem
1274 5346 1444 5405 Ezechielem
1458 5348 1575 5405 dicitur:
1589 5344 1699 5402 Portam
1711 5360 1778 5417 quo-

144 5426 218 5500 qitur
241 5429 277 5487 ad
296 5430 422 5489 uirtutes.
440 5432 586 5491 Gemellus
612 5433 686 5493 enim
703 5437 935 5511 centesimosque
985 5458 1035 5514 que
1051 5455 1110 5513 (ω
1124 5440 1280 5513 respiciebat
1295 5438 1366 5494 mom
1380 5436 1512 5510 aquilonis
1532 5437 1598 5493 arrii
1616 5435 1775 5500 auriono,

135 5520 325 5610 „elemosyna
338 5535 402 5584 ante
412 5526 580 5600 baptismum
601 5530 700 5602 anqelu
711 5538 858 5589 attestante
873 5532 935 5590 lau·
986 5549 1090 5589 merosus
1111 5541 1151 5589 est
1174 5542 1230 5587 tom
1244 5532 1273 5586 in
1293 5530 1473 5604 lonqitudinc,
1493 5546 1573 5591 quoin
1588 5529 1617 5584 in
1633 5525 1779 5587 latitudine

182 5631 247 5698 (777
271 5633 310 5691 Er
325 5637 370 5694 ho.
386 5639 430 5706 19,
447 5641 475 5696 in
489 5640 589 5699 Erech.
604 5643 683 5716 lonqe
699 5643 734 5702 ab
745 5643 833 5702 initio.
1022 5645 1097 5720 (779)
1109 5644 1148 5700 Er
1163 5645 1210 5701 ho.
1225 5661 1285 5721 sup.

180 5701 244 5776 (778
268 5701 552 5792 Ethemsupcriori,
690 5753 695 5760 .
836 5725 847 5734 ·
