3817 6000
100 312 155 368 oto

543 317 822 377 coulllls'taltttiu
843 302 1066 379 irrisibiles.
1085 356 1121 366 —
1140 325 1229 382 PARS
1248 327 1269 383 l.

1676 334 1730 394 bii

101 427 214 483 aomina
239 442 348 492 corrrm,
370 437 399 482 nt
424 428 555 484 bonorem
573 431 606 486 de
622 432 775 488 ministerio
796 450 890 488 sume·
905 440 928 497 Λ
944 435 1131 504 recrearent.
1148 443 1219 509 rin.)
1233 440 1302 496 Cum
1320 441 1379 515 ipso
1393 450 1531 512 sperante,
1547 459 1598 501 nos
1617 458 1727 518 ononno

102 528 175 583 reat,
188 520 276 575 titulis
289 520 502 587 interseruntur,
516 524 634 579 maxime
651 540 700 595 per
713 525 890 595 signiticatio·

102 625 166 665 nent
180 626 282 664 rernm.
295 609 354 681 lpse
366 627 476 682 qnoque
498 612 581 668 David
604 630 666 670 cum
683 616 751 686 ipsis
771 618 890 671 cantori-

102 699 157 754 bus
170 701 313 771 cytharam
329 703 499 771 percutiebat
517 704 543 758 io
557 705 641 759 dnnro
657 705 776 774 Domini,
790 717 817 763 et
829 710 889 762 lan·

101 791 151 847 des
164 792 220 847 bea
234 795 358 857 currebat,
374 797 504 852 uormulla
523 797 711 855 interserendo
725 801 751 855 in
766 816 814 857 sua
828 817 891 872 pro·

102 885 163 956 pria
179 902 307 955 persona,
321 896 349 942 nt
370 895 413 942 cst
427 888 494 942 illud
511 906 518 943 ε
534 888 658 946 liirerere
680 894 741 956 orei,
756 892 837 959 licor,
850 910 892 948 se·

101 979 221 1032 cerarium
242 995 364 1049 mapaanr
386 980 595 1035 misericordiane
618 996 691 1038 tnanr
705 984 791 1054 (Prot.
808 1003 838 1051 ι,
853 987 889 1051 ll.

101 1068 232 1125 Psalmus
247 1086 314 1124 vero
325 1081 368 1125 est
383 1071 557 1128 instrumenti
569 1090 664 1130 sonus.
682 1076 825 1131 Canticum
839 1079 888 1132 ltu·

101 1174 194 1215 manae
204 1160 280 1215 racis
289 1172 386 1215 motus
395 1161 422 1214 in
434 1162 541 1217 laudem
557 1163 615 1219 Dei.
626 1163 728 1220 Psalmi
742 1168 890 1235 canticum,

100 1267 167 1307 eunt
187 1259 249 1321 post
266 1251 478 1308 instrumentum
493 1270 555 1309 rex.
570 1254 674 1313 Cantici
688 1260 891 1329 psalmus,cum

100 1352 168 1416 post
187 1358 281 1399 rocem
296 1344 520 1404 instrumentum.

140 1433 284 1490 Nonnullis
299 1443 389 1490 autem
413 1436 532 1505 ridetur,
544 1439 618 1510 qtrod
635 1440 787 1496 secundum
803 1443 893 1497 direr-

940 540 1081 598 spcrantes
1095 530 1238 587 dicamus:
1253 530 1286 587 ln
1309 542 1343 597 te,
1359 533 1481 601 belreim,
1499 537 1624 606 sperari?
1639 536 1727 595 rPrnl.

941 636 1019 687 xxx.)
1043 620 1124 677 Solius
1145 625 1217 679 enim
1242 626 1327 681 David
1352 629 1453 683 maritas
1481 628 1508 682 in
1534 645 1564 684 se
1586 645 1729 700 persciens,

941 714 1090 770 multarum
1118 732 1298 787 personarum
1324 718 1482 777 affectiones
1512 724 1727 792 repraesentavit,

941 804 1007 859 dnm
1025 808 1154 862 omnibus
1168 812 1261 865 omnia
1283 810 1381 879 lactus,
1398 813 1476 868 illurn
1491 830 1545 869 non
1558 816 1647 871 solnm
1659 832 1728 888 prae-

942 896 1040 964 cirron,
1053 901 1192 956 sedetiam
1206 903 1400 974 praefigurarit,
1416 907 1463 976 tpri
1476 923 1550 963 rrrrue
1565 909 1640 964 solus
1656 911 1729 981 psal-

942 986 974 1041 lit
999 989 1027 1042 in
1044 990 1113 1044 beno
1137 1005 1171 1046 ac
1197 992 1333 1062 sapienter
1359 994 1547 1063 psallentibus,
1561 996 1638 1064 insta
1655 998 1728 1068 quod

943 1078 1001 1148 ipse
1019 1078 1141 1151 loquitur
1152 1083 1185 1137 ad
1198 1083 1306 1139 Patrem
1323 1085 1494 1155 :Corrfitebor
1508 1088 1555 1141 tibi
1573 1090 1600 1142 iu
1611 1091 1726 1159 papulis,

943 1168 1064 1233 Donriue,
1078 1172 1193 1241 psallam
1204 1175 1252 1228 riti
1265 1176 1292 1229 in
1309 1177 1429 1246 perrtibna
1449 1177 1535 1248 (Psoi.
1551 1197 1604 1246 err,
1619 1181 1673 1252 to).

978 1260 1028 1316 llic
1043 1273 1085 1318 est
1096 1280 1176 1322 rcrus
1196 1265 1280 1321 David
1295 1268 1371 1324 solus
1382 1268 1527 1325 Psalnrista
1544 1273 1571 1325 in
1588 1274 1728 1339 omnibns,

943 1353 991 1423 qui
1007 1354 1127 1423 psallunt
1146 1357 1289 1427 sapienter,
1305 1359 1386 1415 idest
1402 1361 1534 1431 sapiendo
1560 1364 1726 1432 psalmorum

943 1445 1067 1503 adortus.
1084 1448 1155 1514 Quia
1170 1450 1255 1521 igitur
1270 1452 1296 1506 iu
1312 1452 1454 1508 affectibus
1470 1455 1578 1524 pietatis
1590 1457 1728 1511 estomnis

101 1540 153 1580 sos
168 1526 288 1595 psalmos
304 1526 363 1596 ipse
381 1528 480 1585 modus
497 1530 630 1585 tractandi
646 1531 775 1588 rarictur.
796 1530 893 1589 Ethoe
942 1539 1030 1593 rictus
1051 1539 1195 1610 psallendi,
1220 1549 1247 1596 et
1272 1545 1382 1608 orandi;
1404 1560 1597 1601 enumeremus
1625 1547 1729 1617 aliquot

101 1618 143 1672 ita
156 1617 229 1672 credi
244 1619 342 1673 suadet
363 1618 481 1675 rarietas
504 1622 683 1691 psalmorum.
704 1621 772 1679 Nam
797 1625 825 1679 iu
840 1626 892 1680 ali·
942 1644 976 1683 et
993 1629 1070 1698 ipsis,
1085 1638 1113 1685 et
1129 1630 1261 1700 exemplis
1282 1634 1512 1701 demonstremus,
1528 1645 1568 1700 nt,
1583 1638 1647 1706 atria
1659 1653 1728 1692 enn-

101 1710 205 1780 quibns
221 1710 429 1781 frequentantur
455 1713 561 1768 cantica
587 1713 729 1781 dramatis,
753 1731 815 1785 qna
828 1724 893 1771 sunt
943 1735 1050 1775 merare
1062 1736 1117 1775 non
1135 1736 1284 1792 possumus
1299 1725 1410 1795 (inlinitl
1425 1727 1499 1782 eninr
1520 1736 1585 1783 strnt
1605 1726 1729 1798 alicctns)

101 1802 216 1873 propria
231 1802 362 1873 nuptialis
386 1804 519 1860 carminis
534 1814 582 1860 ant
608 1806 820 1862 {adsentationis
837 1805 892 1861 Pro
908 1792 928 1847 Β
942 1812 1014 1882 qnod
1030 1823 1120 1868 tamen
1138 1814 1165 1869 in
1187 1817 1315 1872 omnibns
1334 1817 1470 1874 laudabile
1484 1820 1529 1885 sit,
1554 1828 1581 1875 et
1604 1819 1659 1875 lice
1681 1836 1728 1876 ae-

103 1895 236 1966 nnptialis
249 1895 380 1950 carolinis
398 1896 523 1966 exemplo
540 1907 582 1953 est
598 1899 738 1969 psalmus:
755 1898 891 1955 Eructavit
943 1913 1073 1974 ceptum,
1099 1922 1132 1962 ex
1152 1907 1318 1977 orribnsclam
1340 1909 1530 1981 conjiciamus.
1551 1910 1600 1967 Est
1617 1912 1731 1967 allectus

102 2003 150 2040 cor
163 2002 250 2040 meunt
264 1984 369 2040 rarinrt
388 1985 484 2039 bonnm
496 1984 582 2058 (Prat.
596 1987 680 2059 artri.
708 1988 779 2045 Solae
793 1991 892 2061 quippo
943 1993 1112 2062 dilectionis,
1131 2013 1194 2053 cum
1214 1998 1286 2055 lorte
1305 2015 1394 2060 mens.
1413 2002 1454 2057 rel
1471 2004 1576 2070 ridens,
1588 2005 1629 2060 rel
1649 2005 1731 2060 remi·

102 2079 267 2133 introductae
287 2077 484 2147 mesonailtia
506 2078 711 2148 torennense
729 2082 756 2136 in
785 2084 891 2152 sponsi,
943 2085 1054 2142 nisccns
1073 2087 1115 2151 io,
1136 2090 1210 2158 qttod
1229 2100 1321 2158 amat,
1349 2093 1442 2148 subito
1460 2095 1564 2150 autoris
1584 2094 1646 2166 igne
1668 2111 1732 2153 eor·

102 2187 138 2227 tc
150 2186 260 2241 sponsae
272 2169 400 2225 madibus
411 2170 497 2225 currit
510 2178 583 2226 totus
601 2173 735 2242 psalmus.
747 2171 893 2228 Lamenta·
943 2177 1050 2247 cipitur.
1071 2178 1120 2234 list
1135 2180 1462 2248 affeetnsaldnriratieair,
1482 2200 1545 2240 eum
1564 2187 1665 2258 aliquid
1680 2203 1731 2242 no-

105 2264 190 2319 tionis
209 2277 320 2319 carmen
340 2262 537 2333 estpsalmus:
555 2261 639 2334 Super
650 2264 762 2333 pamiae
776 2264 894 2336 Babylo-
942 2287 1008 2325 rnm
1027 2281 1055 2327 et
1081 2273 1243 2328 admirabile
1265 2276 1453 2345 connmplans
1472 2275 1499 2330 in
1522 2285 1662 2349 stuporem
1682 2293 1732 2334 ex·

104 2358 147 2410 nis
160 2356 220 2410 illic
233 2355 361 2417 redimar,
376 2364 400 2410 et
421 2356 541 2424 perimas
553 2354 641 2425 (Pani.
652 2357 774 2427 cxxxvi).
792 2356 820 2412 ln
837 2374 892 2429 quo
943 2363 1053 2418 citatur.
1067 2361 1116 2417 Est
1129 2362 1242 2420 affectus
1257 2363 1512 2436 Coapratnlationis,
1530 2382 1592 2422 ento
1603 2377 1730 2438 accepta·

103 2448 175 2503 nibil
188 2463 221 2503 er
234 2447 356 2502 auctoris
369 2461 485 2516 persona
509 2447 619 2514 dicitnr,
636 2449 683 2504 sed
709 2449 893 2506 lamentabilis
943 2453 997 2509 bile
1012 2453 1114 2523 aliquid
1125 2463 1152 2509 et
1166 2454 1366 2524 mtreplacitnm
1378 2456 1485 2524 valeus,
1501 2459 1619 2529 quadarn
1635 2458 1731 2513 irilari-

103 2539 228 2595 flentium
242 2539 402 2608 conquestio
416 2553 464 2609 per
478 2537 648 2594 introductas
662 2553 794 2609 personas
804 2542 894 2610 expri-
944 2554 1000 2601 tate
1013 2545 1194 2617 peritrnoitar.
1224 2547 1273 2604 Est
1298 2547 1410 2605 allectus
1425 2547 1605 2616 llanrititetis,
1620 2552 1729 2619 quando

103 2632 203 2687 mitur.
215 2629 249 2687 Et
260 2631 419 2702 hujusmodi
440 2631 539 2702 psalmi
563 2647 611 2701 per
628 2633 701 2689 solas
724 2633 893 2688 introductas
943 2653 977 2693 cx
996 2637 1218 2694 consideratione
1236 2639 1403 2695 infirmitatis
1420 2654 1478 2695 suae
1493 2641 1529 2695 ab
1549 2640 1665 2695 elatione
1678 2657 1750 2695 sua*

103 2736 240 2792 personas
254 2719 374 2775 contexti
393 2729 511 2790 possunt
530 2721 666 2793 assignari
681 2721 833 2778 dramatico
847 2739 894 2794 ge·
944 2740 1040 2801 sponte
1054 2730 1255 2800 comprimitur.
1270 2730 1319 2786 Est
1339 2732 1452 2788 affectus
1464 2731 1594 2799 literaria,
1619 2732 1729 2803 quando

104 2815 175 2869 neri.
191 2812 323 2881 lle-misto
336 2829 401 2869 vero
412 2828 510 2884 genere
528 2813 564 2868 sit
579 2813 733 2883 exemplum
749 2812 892 2870 Psalrnus:
943 2835 978 2875 ex
994 2820 1215 2877 consideratione
1243 2822 1378 2878 maloram
1397 2836 1510 2877 snorum
1526 2822 1731 2894 qrrodaromodo

105 2907 159 2973 Qeei
173 2905 275 2961 dabitat
289 2906 318 2959 in
330 2906 464 2975 adjutorio
475 2903 617 2973 ditissimi,
632 2907 660 2960 ia
673 2907 835 2975 protectione
845 2905 894 2960 oe·
944 2911 1141 2966 contabescens
1174 2911 1339 2968 luiirmatnr.
1372 2911 1422 2967 Est
1449 2911 1563 2969 allectus
1592 2913 1730 2980 Tinteris,

104 3000 164 3056 eoeti
177 2999 383 3054 commorabitur
394 2995 481 3068 (Prot.
498 3001 553 3067 rc).
568 2995 635 3053 Nam
650 3007 676 3053 et
695 2997 814 3068 primum
832 3015 894 3054 ren-
944 3004 1055 3073 quando
1072 3019 1106 3058 ex
1125 3004 1342 3060 consideratione
1365 3003 1566 3059 imminentium
1586 3019 1730 3075 poenarum

105 3107 168 3147 snm
183 3091 251 3147 dicit
261 3090 320 3159 ipse
330 3097 427 3144 auctor
438 3089 584 3160 Propheta.
600 3089 727 3145 ultimum
739 3106 804 3146 reto
821 3089 893 3146 Deus
906 3128 930 3194 c
944 3097 1108 3155 concentor.
1138 3094 1186 3152 Est
1202 3096 1315 3153 allectus
1339 3094 1544 3167 indignationis,
1571 3096 1681 3168 quando
1702 3096 1730 3152 io
1746 3119 1749 3126 ·

104 3183 197 3240 Pater.
212 3182 263 3238 Cui
283 3183 358 3238 enim
382 3183 435 3237 nisi
455 3179 512 3237 lieo
531 3181 605 3237 Petri
620 3183 779 3238 eorrreniret
802 3183 894 3238 dicere
945 3189 1039 3245 odium
1051 3188 1272 3244 adversariorum
1283 3204 1316 3243 es
1331 3189 1389 3258 ipsa
1403 3188 1556 3259 iniquitatis
1567 3203 1661 3244 eorum
1676 3203 1733 3244 uta·

104 3280 140 3334 da
151 3277 262 3332 tremine
275 3275 304 3331 ln
315 3291 345 3332 se
362 3285 510 3346 sperante:
528 3274 661 3342 oeream
674 3276 701 3329 in
713 3292 754 3329 me
765 3274 892 3346 merebit.
945 3282 1070 3353 lignitate
1086 3281 1281 3337 inflammatur.
1298 3279 1346 3336 lisa
1358 3279 1472 3337 admira
1486 3280 1554 3347 Zeti,
1573 3280 1683 3350 quando
1695 3294 1731 3335 er

104 3371 224 3427 liberabo
237 3386 308 3437 eum,
325 3378 352 3424 et
372 3380 507 3442 protepaot
531 3386 601 3436 eunt,
624 3371 749 3442 quoniam
774 3371 894 3441 rapuerit
945 3387 1064 3428 toturore
1079 3370 1198 3428 tristitiae
1210 3371 1244 3425 ad
1256 3370 1421 3427 desiderium
1432 3370 1546 3426 ultionis
1560 3370 1729 3427 accenditur.

105 3479 201 3517 nomen
221 3479 318 3517 arcum.
343 3461 477 3518 clamabit
503 3462 538 3516 ad
563 3479 613 3530 me,
638 3474 663 3517 et
681 3479 727 3535 epo
751 3463 893 3518 exaudiant
944 3465 995 3522 Est
1010 3465 1123 3522 edoctus
1140 3465 1214 3520 bona
1235 3461 1466 3534 Proesnmptlenir,
1485 3462 1597 3534 acardo
1612 3477 1645 3518 et
1661 3477 1731 3518 nora

104 3573 165 3611 enm
176 3572 187 3620 ,·
200 3572 261 3610 cam
274 3556 331 3628 ipso
341 3571 400 3610 snm
411 3555 440 3609 ia
463 3554 647 3623 tribulatione,
660 3555 772 3626 eripim
786 3571 856 3622 eaor,
867 3562 894 3609 et
944 3555 1036 3627 aliqua
1055 3565 1083 3611 et
1097 3555 1229 3626 singulari
1246 3551 1345 3608 liducia
1356 3551 1391 3607 ed
1402 3552 1595 3610 vurdicaudum
1606 3554 1668 3624 plus
1681 3567 1731 3608 so-

104 3649 262 3721 piorificcbo
282 3663 352 3702 eaor.
365 3646 543 3718 lonptadirre
554 3648 658 3701 dierum
674 3646 776 3717 repleta
786 3664 857 3715 eom,
869 3656 893 3702 et
944 3650 994 3707 lito
1004 3648 1143 3718 quispiam
1158 3648 1306 3704 animatur.

104 3741 245 3795 ostendam
258 3739 300 3793 itti
311 3739 430 3793 saturare
441 3756 527 3794 mercna
539 3738 639 3811 libid).
652 3737 681 3794 ln
690 3738 807 3795 Psalmis
817 3754 892 3807 vero,
980 3736 1020 3792 lle
1041 3738 1102 3792 istis
1126 3736 1269 3793 affectibus
1289 3738 1369 3808 primi
1391 3747 1449 3796 tres
1463 3738 1498 3794 ad
1513 3737 1578 3793 illud
1595 3737 1731 3808 praecipue

104 3835 250 3904 inquibus
265 3832 366 3888 texitur
381 3832 507 3896 historia,
523 3831 647 3887 detentio
661 3832 794 3888 tractandi
809 3832 893 3888 modo
944 3844 1032 3901 genus
1055 3827 1258 3900 seripturarum
1272 3831 1418 3899 pertinent,
1434 3830 1463 3884 in
1477 3846 1532 3901 quo
1549 3831 1580 3884 tit
1594 3829 1729 3897 tacuerim

104 3927 187 3981 nobis
203 3927 357 3982 ostenditur
372 3926 471 3991 torma,
483 3925 556 3981 sicut
571 3932 632 3979 est:
650 3922 819 3993 confitemini
838 3923 892 3978 oe-
944 3922 1009 3993 qnia
1025 3921 1129 3977 scilieet
1153 3937 1186 3977 ex
1212 3923 1475 3978 commemoratione
1489 3923 1619 3978 boniatis
1643 3923 1731 3992 scripit

105 4020 191 4080 atino,
203 4019 328 4087 qnoniam
351 4018 445 4085 bonas,
461 4017 586 4088 qnoniam
605 4017 633 4070 in
654 4027 782 4071 etonem
794 4016 895 4069 miseri·
945 4014 1058 4071 anctus
1072 4013 1241 4069 nuceriano.
1258 4014 1298 4069 Es
1321 4015 1583 4072 commemoratione
1602 4016 1732 4085 potentiae

106 4111 200 4163 cardia
211 4111 279 4180 ejus,
290 4120 343 4166 etc.
355 4109 529 4177 Quantalibet
543 4120 633 4165 antem
649 4110 779 4164 varietate
795 4109 893 4179 psalmi
944 4117 972 4163 et
984 4106 1150 4162 fortitudinis
1163 4107 1251 4178 surgit
1264 4106 1377 4161 allectus
1388 4106 1638 4161 Adarirationisllx
1652 4121 1730 4162 cernu

104 4200 151 4256 rel
162 4211 227 4256 tune
240 4210 414 4267 canerentur,
427 4201 468 4255 vel
480 4200 561 4255 inodo
573 4209 725 4267 canantur,
740 4201 890 4270 quomodo·
945 4198 1142 4256 memoratione
1154 4199 1270 4269 alienius
1285 4199 1407 4269 prosperi
1424 4206 1538 4254 arctatus
1559 4208 1584 4253 et
1605 4197 1668 4253 iacti
1689 4197 1729 4252 le·

107 4309 217 4363 carique
238 4293 304 4364 ipsae
318 4302 463 4357 canentis,
491 4301 538 4347 aut
562 4292 705 4363 loquentes
732 4294 759 4347 in
781 4294 894 4363 psalmis
944 4289 1004 4345 licis
1018 4289 1105 4360 surgit
1126 4288 1240 4344 affectus
1253 4286 1508 4360 Conpratnletiaaia.
1527 4285 1594 4343 Tres
1614 4303 1732 4357 seqnen·

106 4401 233 4455 personae
246 4385 397 4451 rarientnr,
413 4385 464 4440 lmc
480 4385 559 4441 nobis
573 4394 616 4441 est
633 4386 847 4452 obseruandum,
864 4393 895 4440 ut
945 4393 986 4438 tes
1000 4381 1034 4436 ad
1051 4382 1118 4436 illud
1137 4383 1385 4453 genuspertinent,
1401 4381 1428 4433 in
1443 4396 1499 4451 que
1514 4380 1543 4434 lit
1565 4395 1733 4434 cornrrremo-

107 4475 276 4547 psalmorum
299 4477 407 4533 affectui
423 4488 545 4532 nostrum
560 4479 586 4533 in
601 4478 895 4550 psallendojtmgamec
910 4474 1021 4540 oratio
1043 4472 1212 4528 intelieitatis
1232 4481 1261 4527 et
1278 4471 1421 4538 miseriae,
1441 4472 1506 4542 quia
1524 4470 1648 4527 uidelicet
1666 4472 1733 4526 asse.

107 4571 246 4626 affectum.
264 4569 293 4625 Si
302 4571 375 4626 enim
391 4571 444 4625 hoe
457 4571 484 4624 in
496 4571 640 4626 comoediis
654 4583 681 4626 et
694 4572 835 4642 tragoediis
844 4572 895 4626 ob-
945 4575 1006 4623 ctus
1021 4564 1287 4634 Humilitatitsurgit
1299 4579 1332 4618 ert
1344 4563 1602 4620 commemoratione
1616 4562 1732 4632 propriae

107 4672 246 4718 serratum
261 4663 419 4733 placuit,ut,
429 4664 474 4733 qni
491 4663 573 4718 rerba
587 4663 743 4733 gaudentis,
758 4665 800 4719 rel
812 4665 893 4719 ctiam

106 4754 227 4826 lugentis
240 4756 267 4809 in
283 4755 425 4811 tbeatricis
436 4756 516 4826 ringis
533 4765 746 4825 repraesentaret,
760 4756 818 4826 ipsc
829 4772 896 4827 gau·

106 4847 200 4902 dentis
218 4845 395 4917 autlugeotis
406 4845 532 4901 allectum
550 4845 707 4912 simularet;
724 4857 896 4917 qnarrtoma·

107 4940 151 5008 ais
177 4955 228 4995 nos
252 4939 279 4995 io
297 4941 353 4996 reri
375 4940 477 4997 Christi
494 4939 622 4996 laudibus
642 4955 695 4994 non
714 4939 893 5006 simulatorie,

107 5032 234 5088 scdrera
260 5032 405 5088 devotione
429 5030 595 5088 moiormari
626 5031 757 5086 debemm
786 5033 894 5086 illorum

108 5122 310 5189 allectionibus,
324 5137 442 5192 qnorum
460 5122 545 5178 rerba
560 5136 742 5187 resorramus;
763 5131 791 5176 ut
801 5122 896 5211 rideli-

108 5223 153 5268 cet
167 5230 231 5269 cum
260 5213 344 5269 David
371 5214 531 5285 poetritente,
558 5229 608 5269 nos
633 5229 742 5284 quoqne
765 5226 897 5270 veraciter

108 5297 407 5375 proniteotcsdicamus
422 5326 429 5360 ε
446 5306 570 5362 Miserere
585 5309 646 5372 arei,
660 5306 741 5370 Deris,
753 5308 895 5360 arandam

109 5412 233 5464 maenam
246 5398 455 5453 natenmrdiaot
467 5398 560 5454 tuem?
570 5397 657 5469 (Pral.
670 5401 708 5466 r..)
719 5398 787 5452 Corn
799 5396 895 5452 eodem

109 5490 313 5561 gaudertenos
327 5506 438 5560 quoque
449 5492 596 5562 gaudentes
611 5492 734 5546 dicamus
746 5509 753 5543 :
764 5488 895 5545 Ecattabo

110 5591 146 5645 tc,
162 5579 232 5636 Dent
255 5598 328 5638 mese
343 5585 411 5637 rea?
432 5582 519 5654 (Prot.
536 5588 638 5655 crate.)
650 5582 719 5642 Cum
733 5583 793 5653 ipso
807 5583 895 5638 adrni-

109 5683 200 5738 rante,
223 5674 391 5729 admiremur
406 5674 541 5730 dicendo:
557 5674 677 5740 Dantine,
703 5674 832 5728 Donrinur
846 5692 895 5728 no-

108 5778 266 5837 ster,qamn
289 5768 446 5824 adurirabiie
466 5779 503 5824 ert
519 5785 610 5824 rreumn
637 5778 710 5822 tunna
726 5769 753 5822 in
774 5770 894 5823 carricare

945 4657 1123 4713 infirmitatis.
1143 4656 1265 4712 Affectus
1281 4654 1386 4709 oetaeo
1408 4654 1543 4725 surgitur
1565 4669 1732 4708 enrrtmemo-

944 4749 1053 4806 ratione
1066 4748 1202 4803 malorum
1219 4747 1414 4818 praesentium,
1432 4746 1474 4801 rel
1489 4762 1522 4799 es
1546 4745 1732 4800 recordatione

945 4840 1159 4912 preteritorum.
1173 4838 1295 4894 Affectus
1310 4838 1466 4893 Tirnorisex
1486 4838 1646 4908 praecisione
1659 4836 1733 4891 luta·

946 4948 1051 4988 rerurn.
1067 4931 1135 4988 Tres
1147 4932 1234 4988 ultimi
1253 4931 1367 4987 affectus
1382 4932 1419 4985 illi
1433 4931 1521 5004 magis
1541 4930 1632 5002 gerrem
1658 4929 1732 4986 Scri·

945 5035 1090 5096 ptnrarum
1101 5031 1266 5095 eortgrunnt,
1282 5039 1339 5094 quo
1350 5023 1380 5078 ut
1400 5024 1528 5090 inrectio,
1543 5033 1571 5079 et
1594 5024 1731 5078 accusatio

946 5117 974 5170 in
996 5115 1182 5184 adversariesl,
1209 5114 1353 5181 videlicet,
1375 5129 1429 5186 qna
1454 5115 1602 5185 traquitam
1622 5113 1730 5166 illorum

946 5207 1130 5278 indignamur,
1150 5215 1245 5262 contra
1265 5207 1393 5278 iniuriam
1413 5207 1533 5261 zebinus
1548 5214 1655 5275 propter
1670 5219 1729 5256 tim·

946 5297 1031 5353 litium
1047 5313 1141 5353 eorum
1165 5298 1226 5369 plns
1243 5298 1277 5353 de
1301 5296 1349 5352 bei
1370 5297 1557 5353 misericordia
1588 5295 1730 5366 prraesnmi·

946 5406 1018 5445 ntus.
1041 5389 1170 5462 Exempla
1196 5391 1366 5462 singulorum
1390 5400 1455 5446 sunt
1473 5390 1553 5446 lraee:
1575 5387 1727 5460 trauecta

946 5481 1101 5538 Dilectionia
1120 5483 1228 5538 canitur
1255 5482 1401 5551 psalmus:
1424 5481 1539 5553 liitipcm
1564 5479 1729 5544 telamone

947 5579 1036 5650 (Ptol.
1052 5582 1131 5649 xrrr).
1147 5579 1187 5633 lix
1202 5578 1298 5635 ellectu
1312 5578 1505 5634 ddotirationir
1526 5577 1635 5632 canitur
1657 5576 1729 5647 psal·

946 5688 1009 5728 mrrs
1035 5673 1168 5727 :Domine
1186 5671 1313 5725 Daorirnrr
1338 5681 1435 5735 noster,
1454 5687 1534 5741 paam
1553 5671 1728 5735 adotirabiie,

946 5774 997 5823 etc.
1018 5764 1103 5838 (Pral.
1117 5766 1185 5836 rur).
1202 5764 1241 5820 Ea
1252 5765 1348 5820 ellectu
1364 5761 1606 5836 Conprotniuticais
1623 5764 1730 5826 curritur
