3817 6000
307 212 413 268 205

1229 212 1537 267 GARNERI
1571 211 1729 268 CAN.
1772 211 1930 268 ΠΕΟ.
1975 210 2032 268 S.
2077 211 2396 268 Vtc'roms
2433 211 2657 268 Palus.

3464 220 3572 279 2]AE

307 325 571 382 coelorum
605 321 810 378 scilicet
832 328 1059 376 vocatur
1083 318 1347 390 Ecclesia,
1367 324 1524 394 cujus
1549 324 1677 379 dnm
1705 337 1898 403 moress
1917 333 1965 388 Α
1991 323 2055 376 ab
2083 324 2157 377 eis
2182 322 2376 394 (Marc.
2402 341 2511 390 xiv,
2536 325 2624 390 51,
2645 322 2758 394 52).
2789 322 2892 392 Qui
2910 324 3011 380 etsi
3034 324 3179 396 post,
3210 335 3269 382 ut
3290 327 3455 384 verba
3483 333 3574 386 sui

309 418 575 473 Dominus
614 415 681 471 ad
730 428 965 484 superna
1026 413 1291 482 sublevat,
1349 417 1464 486 jam
1517 417 1634 472 haec
1676 417 1792 487 ipsa
1830 417 1904 478 in,

307 508 541 564 Domino
563 522 659 578 per
679 506 960 562 coelestem
992 507 1461 563 conversationem
1510 517 1718 580 regnat.
1754 508 1889 576 Quae

304 600 471 656 etiam
496 607 641 653 reete
674 613 888 669 sagenae
928 599 983 653 in
1020 613 1172 653 mare
1201 599 1383 655 missae
1405 583 1775 670 eomparatur,
1818 616 1886 657 ex

307 691 456 750 omni
489 704 687 761 genere
753 689 987 759 piscium
1031 692 1407 761 congreganti,
1456 692 1585 762 quia
1633 692 1803 747 missa
1832 692 1887 748 in

305 783 409 838 boc
438 780 757 854 gentilitatis
785 780 1044 836 saeeulum
1075 780 1284 837 nullum
1325 782 1555 853 respuit,
1595 782 1689 838 sed
1714 783 1888 839 malos

306 893 432 934 cum
496 878 679 942 bonis,
739 876 1005 946 superbos
1045 891 1169 932 cum
1223 876 1545 942 humilibus,
1596 877 1888 933 iracundos

304 986 432 1026 cum
459 969 704 1035 mitibuS‚
745 978 799 1024 et
852 968 1032 1025 fatuos
1085 984 1210 1025 cum
1264 969 1604 1039 sapientibus
1631 970 1795 1039 capit.
1828 968 1886 1023 ln

303 1062 445 1133 pelle
474 1076 604 1118 vero
654 1061 928 1116 leviathan
957 1061 1136 1128 istius,
1161 1061 1360 1116 stultos
1386 1060 1509 1131 ejus
1530 1061 1799 1131 corporis,
1830 1061 1887 1115 in

304 1154 482 1223 capite
512 1162 695 1209 autem
727 1153 1026 1224 prudentes
1061 1152 1381 1223 accipimus.
1413 1151 1509 1208 Vel
1550 1159 1697 1209 certe
1726 1151 1885 1223 pelle,

303 1260 427 1315 quae
447 1253 532 1301 est
550 1244 814 1310 emerim,
839 1244 1041 1300 subditi
1064 1243 1134 1299 ad
1160 1243 1277 1298 lnaec
1304 1251 1549 1299 extrema
1566 1243 1885 1310 servientes,

304 1338 481 1408 capite
505 1349 687 1393 autem
714 1336 989 1407 praepositi
1020 1336 1399 1406 designantur.
1426 1326 1493 1393 Et
1523 1337 1660 1392 bene
1695 1336 1884 1392 Domi-

305 1443 413 1485 nus
465 1435 684 1484 servato
742 1426 935 1482 ordine
982 1429 1083 1481 has
1133 1440 1365 1497 sagenas
1409 1427 1493 1484 ,vel
1544 1428 1888 1499 gurgustium

301 1521 558 1592 piscium,
590 1521 643 1575 id
687 1529 773 1575 est
819 1519 1120 1576 Ecclesiam
1162 1535 1341 1589 suam,
1390 1528 1444 1576 et
1476 1529 1598 1575 vota
1648 1520 1886 1577 lidelium

301 1615 457 1685 prius
486 1628 546 1669 se
564 1612 701 1683 pelle
720 1612 860 1683 ejuS‚
889 1621 943 1668 et
974 1621 1094 1683 post
1145 1613 1324 1683 capite
1367 1612 1589 1679 asserit,
1632 1611 1887 1683 impletu-

1991 413 2366 485 Redemptoris
2387 415 2619 482 audiret,
2665 415 2733 470 ad
2784 415 2975 470 horam
3003 417 3193 472 crucis
3209 418 3390 487 rediit,
3417 421 3573 490 prius

1990 512 2170 560 tamen
2202 506 2422 562 territus
2457 506 2612 579 sugit.
2635 507 2888 563 Mulieres
2915 515 3094 563 autem
3117 515 3229 564 n'on
3255 509 3437 567 solum
3459 528 3574 570 non

1990 595 2258 663 timuisse,
2290 612 2467 668 neque
2493 595 2744 666 fugisse;
2799 597 2896 655 sed
2940 597 3105 653 etiam
3159 615 3337 672 usque
3378 603 3448 657 ad
3483 617 3576 662 se-

1989 688 2239 759 pulcrum
2287 689 2507 746 stetisse
2557 699 2959 746 memorantur.
3000 691 3155 749 Dicat
3200 709 3332 764 ergo
3369 713 3382 750 :
3430 694 3577 752 Pelii

1992 797 2118 836 meoe
2146 784 2468 853 consumptis
2492 783 2741 838 carnibus
2773 783 2996 839 odhoesit
3025 800 3083 840 os
3112 801 3306 841 meum.
3346 785 3462 843 Hoc
3489 797 3576 844 est

1990 869 2046 924 hi
2093 870 2186 940 qui
2239 885 2375 927 meae
2422 870 2725 927 fortitudini
2764 872 3126 944 propinquius
3176 875 3444 935 inhaerere
3476 878 3574 934 de-

1990 960 2250 1026 buerunt,
2281 962 2553 1032 passionis
2591 977 2727 1018 meae
2752 970 2996 1032 tempore
3023 963 3226 1021 timore
3261 969 3575 1039 consumpti

1991 1062 2144 1120 sunt,
2162 1060 2218 1108 et
2246 1069 2360 1120 eas,
2385 1069 2524 1124 quas
2551 1054 2618 1110 ad
2665 1056 2938 1111 exteriora
2969 1057 3276 1114 ministeria
3306 1059 3484 1129 posui,
3514 1058 3575 1114 in

1989 1144 2246 1214 passione
2283 1160 2403 1201 mea
2433 1145 2550 1202 sine
2575 1144 2867 1203 formidine
2892 1148 3158 1207 inhaerere
3187 1151 3324 1206 mihi
3344 1150 3576 1207 fideliter

1989 1239 2193 1294 inveni.

2064 1330 2214 1400 (514)
2274 1328 2441 1387 Pellis
2484 1332 2729 1401 nomine,
2774 1334 2955 1389 carnis
3004 1344 3187 1392 motus
3233 1336 3572 1408 designatur,

1992 1421 2133 1477 sicut
2155 1436 2251 1491 per
2280 1422 2498 1479 beatum
2528 1422 2632 1479 Job
2679 1424 2878 1481 (licitur
2911 1444 2926 1481 ε
2962 1426 3109 1481 Pelle
3136 1438 3185 1483 et
3213 1428 3460 1485 carnibus
3490 1446 3578 1486 ve-

1991 1512 2133 1566 stisti
2161 1529 2261 1580 me,
2280 1513 2482 1569 ossibus
2508 1526 2560 1569 et
2587 1517 2759 1572 nervis
2799 1519 3102 1590 compegisti
3120 1536 3200 1574 me
3225 1519 3345 1591 (Iob
3371 1538 3427 1587 x,
3459 1521 3571 1592 Η).

1990 1601 2136 1659 Pelle
2183 1605 2384 1675 quippe
2427 1615 2482 1661 et
2534 1608 2796 1664 carnibus
2834 1608 3063 1667 interior
3093 1612 3263 1668 homo
3322 1613 3573 1680 vestitur,

302 1720 448 1770 mm,
477 1703 607 1776 quia
632 1703 787 1774 prffus
814 1703 977 1776 elegit
1025 1703 1265 1770 infirma,
1300 1712 1361 1757 ut
1388 1709 1513 1774 post
1529 1702 1889 1759 confunderet
1920 1693 1962 1747 B
1991 1696 2120 1764 qnia
2155 1696 2208 1750 in
2262 1713 2328 1753 eo
2383 1699 2530 1768 quod
2583 1699 2650 1754 ad
2699 1715 2936 1770 superna
2984 1702 3233 1774 erigitur,
3270 1706 3576 1762 carnalium

301 1793 486 1850 fortia.
523 1794 693 1866 Elegit
721 1794 924 1867 quippe
969 1793 1165 1850 stultos
1223 1793 1415 1849 mundi
1466 1802 1527 1848 nt
1582 1791 1888 1849 confunde-

301 1895 384 1941 ret
407 1871 699 1955 sapientes.
728 1884 891 1941 Prius
911 1900 1148 1957 namque
1195 1884 1414 1958 collegit
1443 1883 1715 1950 indoctoS‚
1742 1892 1891 1954 post-

302 1975 527 2029 modum
552 1974 929 2045 philosophos
963 1974 1029 2031 Et
1084 1990 1193 2030 non
1253 1990 1351 2046 per
1377 1984 1649 2040 oratores,
1704 1974 1891 2030 docuit

303 2066 607 2136 piscatores
632 2084 648 2134 ;
680 2068 776 2123 sed
813 2067 957 2122 mira
1004 2067 1247 2137 potentia
1276 2083 1375 2138 per
1402 2068 1705 2137 piscatores
1729 2067 1892 2122 sube-

303 2158 380 2228 git
401 2166 667 2216 oratores.
724 2159 875 2215 Dicat
900 2174 1030 2231 ergo
1056 2178 1069 2213 :
1123 2157 1177 2212 N
1185 2159 1385 2229 unquid
1408 2158 1646 2230 implebis
1668 2173 1889 2228 sagenas

302 2249 435 2319 pelle
472 2250 587 2321 ejus
612 2293 627 2319 ,
680 2260 775 2305 ant
822 2252 1154 2323 anqnstinm
1207 2251 1436 2320 piscium
1479 2251 1649 2320 capite
1690 2250 1838 2304 illins
1866 2250 1892 2303 2

305 2341 571 2412 Subaudi,
595 2354 653 2399 ut
682 2357 804 2416 ego,
837 2344 929 2415 qui
960 2345 1104 2398 intra
1126 2341 1429 2398 Ecclesiam
1448 2342 1709 2411 fidelium,
1735 2343 1890 2413 prius

301 2435 462 2503 quasi
483 2435 678 2504 pellem
709 2433 934 2502 diaboli,
961 2442 1238 2489 extremos
1266 2441 1433 2505 atque
1485 2433 1736 2490 infirmos
1775 2434 1889 2489 col-

304 2524 433 2594 ligo,
464 2533 519 2580 et
537 2525 889 2595 postmodum
917 2533 1083 2595 caput
1134 2524 1301 2592 iuius,
1354 2525 1408 2580 id
1465 2533 1550 2580 est
1596 2525 1889 2595 prudentes

302 2617 437 2676 mihi
469 2617 823 2687 adversarios·
843 2616 1037 2674 subdo.
1156 2682 1164 2690 Δ

377 2710 526 2781 (513)
565 2708 732 2766 Pellis
754 2709 980 2765 nomine
1005 2717 1208 2766 sanctae
1230 2709 1335 2764 illae
1370 2707 1606 2777 seminae,
1627 2725 1751 2781 quae
1779 2709 1888 2765 Do-

303 2799 453 2855 mino
476 2799 819 2855 adhaerentes
841 2799 1211 2855 exterioribus
1252 2800 1574 2855 ministeriis
1609 2801 1676 2855 ad
1704 2800 1887 2856 subsi-

301 2892 392 2948 dia
418 2893 670 2962 corporis
716 2893 1025 2948 serviebant
1050 2893 1427 2963 designantur,
1468 2894 1612 2950 sicut
1635 2910 1731 2964 per
1758 2894 1890 2950 bea-

302 2995 417 3040 tum
434 2982 538 3040 Job
567 2984 623 3039 in
648 2984 813 3056 269
850 3000 1081 3055 persona
1106 2983 1322 3041 Domini
1344 2985 1571 3042 dicitur:
1607 2985 1746 3041 Petu
1762 3003 1889 3042 meoe

302 3079 621 3148 consumptis
650 3076 897 3131 carnibus
926 3078 1150 3133 adhoesit
1194 3094 1251 3132 os
1277 3094 1448 3132 meum
1479 3077 1602 3150 (lob
1630 3096 1745 3148 xix,
1770 3079 1884 3150 20).

303 3166 363 3223 ln
397 3182 522 3224 osse
548 3168 749 3239 qnippe
768 3166 1056 3236 fortitudo,
1080 3169 1137 3223 in
1160 3170 1421 3226 carnibus
1448 3186 1578 3226 vero
1601 3170 1888 3227 infirmitas

303 3260 552 3330 eorporis
588 3259 925 3331 designatur.
960 3258 1100 3326 Quia
1144 3260 1312 3333 igitur
1336 3260 1591 3317 Christus
1614 3273 1667 3316 et
1703 3260 1890 3318 Eccle-

303 3353 385 3407 sia
412 3368 518 3407 una
547 3366 781 3421 persona
805 3359 909 3417 est,
937 3351 1070 3422 quid
1092 3366 1188 3421 per
1216 3366 1301 3418 os,
1336 3350 1445 3407 nisi
1475 3352 1592 3422 ipse
1623 3350 1888 3409 Dominus

304 3442 573 3512 figuratur
596 3441 619 3493 ζ’
641 3440 785 3507 Quid
809 3455 905 3510 per
927 3456 1148 3498 carnem
1189 3442 1294 3499 nisi
1316 3443 1590 3514 discipuli,
1622 3443 1716 3513 qui
1764 3459 1889 3514 pas-

303 3533 477 3589 sionis
503 3545 746 3602 tempore
771 3531 986 3587 infirma
1028 3533 1147 3604 ejus
1176 3544 1478 3604 sapuerunt
1504 3537 1527 3591 ⁸?
1563 3534 1668 3592 Per
1692 3536 1887 3606 pellem

305 3640 458 3690 vero,
484 3641 607 3697 quae
647 3626 892 3711 exterior
928 3643 1096 3684 carne
1124 3638 1308 3685 manet
1352 3629 1407 3684 in
1454 3645 1704 3701 corpore,
1753 3630 1887 3701 quid

302 3718 410 3776 nisi
440 3718 545 3774 iuae
572 3728 775 3777 sanctae
821 3721 1040 3778 reminae
1066 3720 1415 3793 figurantur3
1472 3738 1596 3794 quae
1638 3723 1706 3779 ad
1749 3738 1890 3793 prae-

300 3810 545 3882 paranda
569 3811 814 3868 subsidia
842 3814 1111 3885 corporES,
1136 3813 1502 3869 exterioribus
1528 3812 1764 3868 Domino
1787 3813 1888 3867 mi-

302 3904 547 3963 nisteriis
574 3905 887 3962 serviebant
913 3907 937 3961 ἵ
963 3904 1098 3961 Nam
1122 3921 1247 3962 cum
1271 3907 1392 3977 ejus
1413 3906 1889 3977 discipuli,quam-

301 3999 386 4055 vis
409 4000 641 4055 necdum
672 4000 818 4055 firmi
859 4001 1107 4057 veritatis
1152 4000 1315 4056 fidem
1367 3999 1584 4070 populis
1622 3999 1885 4069 praediea-

299 4100 445 4157 rent,
472 4090 711 4147 ossisuo
759 4090 1097 4146 inhaerebant
1144 4105 1359 4146 carnes·
1397 4088 1464 4145 Et
1508 4106 1632 4145 cum
1685 4100 1888 4147 sanetae

300 4184 562 4240 mulieres
595 4225 609 4250 ,
641 4198 705 4238 ea
735 4198 859 4253 quae
895 4182 1206 4238 necessaria
1247 4191 1423 4247 erant,
1452 4183 1725 4237 exteriora
1747 4199 1889 4254 prae·

302 4282 578 4346 pararent,
626 4273 786 4343 quasi
843 4272 1020 4344 pellis,
1065 4272 1309 4329 exterius
1347 4273 1641 4329 manebant
1677 4274 1733 4329 in
1762 4289 1887 4330 cor-

1994 1794 2241 1841 motuum
2295 1788 2585 1845 oisidione
2631 1789 2880 1846 vallatur.
2925 1792 3089 1862 270
3120 1792 3224 1849 Sed
3265 1794 3576 1850 tendentem

1992 1877 2058 1932 ad
2083 1878 2354 1949 justitiam
2400 1895 2748 1953 nequaquam
2777 1884 2833 1939 in
2881 1885 3180 1941 tentatione
3203 1887 3452 1942 conditor
3478 1887 3578 1942 de-

1992 1972 2144 2038 serit,
2168 1973 2296 2043 quia
2336 1988 2431 2043 per
2484 1973 2817 2032 infusionem
2848 1978 3037 2048 gratiae
3066 1977 3226 2033 etiam
3256 1986 3575 2047 peccantem

1990 2064 2267 2134 praevenit.
2301 2063 2405 2120 Sed
2435 2066 2773 2123 sublevatam
2826 2078 3062 2124 mentem
3111 2078 3166 2124 et
3196 2070 3263 2124 ad
3315 2070 3455 2126 bella
3477 2084 3578 2125 ex-

1991 2155 2162 2211 terius
2186 2154 2354 2223 laxat,
2379 2164 2434 2211 et
2457 2157 2689 2213 interius
2709 2158 2951 2214 roborat.
2981 2159 3132 2217 Unde
3161 2162 3303 2233 bene
3322 2163 3523 2218 dicitur
3557 2182 3575 2219 ε

1995 2245 2211 2301 Ossibus
2242 2256 2291 2301 et
2339 2248 2509 2302 nervis
2552 2250 2860 2320 compegisti
2907 2267 3008 2305 me.
3046 2250 3319 2309 Carnibus
3364 2263 3418 2308 et
3438 2254 3580 2324 pelle

1992 2338 2272 2406 vestimur,
2298 2339 2400 2403 sed
2431 2340 2655 2396 ossibus
2678 2348 2733 2396 et
2770 2341 2956 2397 nervis
2987 2343 3412 2414 compingimur,
3442 2344 3577 2416 quia

1990 2429 2092 2486 etsi
2120 2430 2419 2486 tentatione
2462 2431 2598 2487 soris
2627 2433 2867 2488 irruente
2906 2434 3271 2502 concutimur,
3302 2436 3456 2494 intus
3485 2446 3568 2493 ta-

1990 2535 2115 2577 men
2153 2536 2256 2576 nos
2283 2521 2584 2578 conditoris
2610 2538 2809 2579 manus
2853 2523 3098 2592 roborat,
3131 2541 3199 2581 ne
3225 2525 3571 2598 frangamur.

1988 2609 2184 2667 Carnis
2210 2611 2395 2684 itaque
2416 2628 2516 2668 nos
2537 2614 2773 2669 motibus
2811 2615 3061 2672 humiliat
3081 2618 3146 2673 ad
3168 2616 3335 2684 dona,
3354 2618 3448 2674 scd
3477 2635 3577 2689 per

1988 2718 2114 2760 ossa
2140 2705 2404 2759 virtutum
2436 2703 2657 2760 roborat
2679 2716 2868 2763 contra
2893 2717 3248 2765 tentamenta.
3276 2708 3368 2763 Ait
3396 2723 3529 2780 ergo
3553 2727 3570 2767 t

1989 2793 2136 2849 Pelle
2160 2803 2211 2848 et
2239 2793 2485 2849 carnibus
2515 2796 2713 2850 vestisti
2738 2814 2837 2863 me,
2869 2797 3073 2853 ossibus
3101 2807 3152 2852 et
3175 2799 3348 2853 nervis
3369 2815 3578 2870 compc-

1990 2886 2114 2956 9isti
2140 2902 2240 2940 me.
2267 2887 2347 2941 Ac
2373 2886 2419 2942 si
2450 2895 2636 2957 aperte
2663 2887 2849 2945 dicat:
2878 2888 3050 2946 Foras
3072 2905 3160 2946 me
3197 2894 3265 2946 ad
3293 2892 3575 2962 probatio-

1991 2993 2114 3034 nem
2140 2978 2370 3046 deseris,
2398 2979 2493 3035 sed
2517 2986 2697 3037 tamen
2718 2981 2889 3051 intus,
2919 2997 2988 3039 ne
3005 2996 3254 3054 peream,
3275 2982 3576 3042 virtutibus

1991 3071 2340 3143 astringendo
2368 3076 2635 3133 custodis·

2065 3164 2215 3235 (515)
2253 3163 2482 3224 Pellium
2516 3167 2757 3233 nomine,
2816 3180 3023 3238 grossae
3051 3169 3338 3225 hominum
3362 3178 3574 3226 mentes

1991 3255 2366 3328 designantur,
2401 3258 2545 3314 sicut
2588 3259 2656 3314 ad
2699 3258 2926 3331 Moysen
2964 3258 3150 3315 divina
3173 3275 3304 3316 voce
3326 3261 3576 3331 praecipi-

1994 3355 2100 3403 tur.
2139 3346 2208 3403 Ut
2237 3348 2306 3402 ad
2333 3350 2708 3420 protegendum
2747 3350 3143 3405 tabernaculum
3180 3351 3294 3406 vela
3333 3352 3574 3419 cilicina,

1989 3450 2041 3495 et
2076 3440 2235 3513 pelles
2266 3441 2563 3498 extenderet
2618 3441 2816 3514 (Exod.
2846 3460 2974 3510 xxv,
3000 3444 3076 3514 9).
3128 3443 3265 3511 Quia
3295 3445 3440 3500 enim
3472 3461 3577 3516 po-

1992 3540 2161 3588 testas
2193 3532 2473 3603 regiminZS
2520 3533 2820 3590 ministrari
2858 3550 2966 3591 non
3006 3543 3184 3606 potest
3225 3536 3344 3592 sine
3389 3535 3575 3593 studio

1990 3639 2137 3680 curae
2167 3624 2501 3695 temporalis,
2551 3626 2846 3696 aliquando
2872 3628 3220 3699 omnipotens
3254 3626 3400 3685 Deus
3431 3629 3575 3684 mira

1991 3717 2403 3787 dispensatione
2445 3717 2687 3789 pietatis,
2713 3727 2773 3775 ut
2799 3729 3000 3777 tenerae
3028 3722 3395 3792 spiritualium
3427 3738 3578 3781 men-

1992 3816 2073 3864 tes
2103 3825 2133 3864 a
2166 3820 2377 3865 terrena
2431 3826 2564 3867 cura
2617 3812 2904 3883 disjunctae
2945 3813 3076 3883 sint,
3119 3829 3262 3870 onus
3291 3814 3578 3887 regiminis

1991 3900 2144 3958 duris
2172 3917 2236 3957 ac
2261 3901 2553 3959 laboriosis
2603 3904 2865 3960 cordibus
2893 3904 3154 3977 injungit,
3197 3915 3256 3963 ut
3292 3906 3575 3963 tantoillae

1990 3993 2059 4048 ab
2086 3993 2191 4049 hoc
2218 3994 2423 4049 mundo
2449 3996 2702 4053 securius
2757 3997 2980 4066 lateant,
3013 4008 3222 4070 quanto
3247 3999 3364 4058 haec
3394 3999 3448 4053 in
3471 4010 3577 4057 ter-

1992 4086 2140 4149 renis
2180 4085 2642 4145 sollicitudinibus
2679 4088 2909 4145 libenter
2946 4091 3251 4148 elaborant.
3302 4091 3359 4147 ln
3409 4093 3571 4150 exhi-

1990 4177 2195 4234 bitione
2233 4180 2434 4251 quippe
2484 4182 2729 4254 suscepti
2776 4183 2962 4241 oneris
3016 4200 3118 4256 pro
3179 4184 3314 4256 ipsis
3351 4202 3574 4259 quoque

1990 4269 2315 4327 utilitatibus
2352 4272 2698 4330 subditorum
2762 4276 2862 4332 viae
2893 4278 3045 4334 durae
3099 4287 3228 4334 sunt
3280 4279 3573 4337 mundante

301 4380 454 4436 pore.
500 4362 607 4419 Sed
634 4378 759 4419 cuni
798 4364 867 4419 ad
908 4363 1093 4420 crucis
1144 4363 1338 4418 boram
1390 4372 1611 4419 ventum
1632 4373 1736 4433 est,
1764 4366 1885 4436 ejus
1917 4383 1963 4438 1)
1992 4363 2296 4420 servitutis.
2337 4363 2404 4419 Et
2441 4382 2585 4437 saepe
2608 4408 2625 4432 ‚
2681 4378 2743 4424 ut
2792 4368 2998 4425 dictum
3037 4380 3125 4426 est
3151 4412 3168 4439 ,
3218 4372 3572 4442 omnipotens

305 4456 626 4524 discipulas.
654 4456 830 4523 gratis
862 4471 928 4510 ex
975 4454 1359 4524 persecutione
1381 4452 1697 4523 Judaeorum
1724 4456 1885 4513 timor

305 4552 501 4604 iun‘asit
533 4567 545 4608 ;
581 4548 834 4616 fugerunt
890 4546 1110 4618 singuli,
1140 4545 1398 4603 mulieres
1428 4556 1611 4603 autem
1641 4547 1886 4604 adhaese-

305 4652 449 4696 runt.
485 4640 654 4704 Quasi
686 4656 810 4708 erga
850 4647 1170 4709 consumpta
1206 4653 1393 4705 carne,
1423 4653 1486 4694 os
1514 4638 1734 4695 Domini
1760 4639 1884 4711 pelli

301 4748 413 4789 fuae
441 4732 686 4793 :miliarisia
718 4732 838 4801 qnia
882 4731 1140 4786 fortitudo
1160 4732 1300 4800 ejus,
1334 4730 1606 4801 passionis
1643 4741 1886 4802 tempore

301 4825 638 4893 fugientibus
690 4825 971 4893 discipulis
1011 4825 1168 4895 juxta
1221 4840 1280 4881 se
1333 4826 1591 4882 mulieres
1655 4826 1880 4882 invenit.

305 4913 461 4973 Snjtit
493 4917 710 4985 quidem
752 4917 1065 4981 aliquandiu
1113 4916 1307 4972 Petrus
1341 4937 1356 4986 ;
1395 4920 1490 4974 sed
1526 4928 1706 4976 tamen
1760 4927 1886 4992 post

305 5009 525 5061 tri-ritus
553 5013 782 5077 nvp-anit.
842 5007 995 5063 &istit
1045 5017 1099 5063 et
1150 5007 1390 5065 loannes
1426 5011 1517 5066 cui
1550 5012 1672 5082 ipso
1704 5012 1883 5069 crucis

301 5109 545 5169 tempore
593 5098 797 5155 dictum
850 5107 976 5153 est:
1034 5096 1167 5153 Ecce
1208 5111 1379 5155 mater
1428 5110 1521 5157 tna
1549 5101 1731 5174 (Ioan.
1764 5120 1878 5171 xix,

299 5190 413 5263 27),
442 5191 533 5247 sed
572 5205 920 5261 perseverare
983 5191 1207 5247 minime
1236 5193 1432 5262 potuit,
1486 5196 1615 5267 quia
1655 5195 1723 5251 de
1762 5196 1881 5265 ipso

299 5297 518 5354 quoque
561 5284 821 5353 scriptum
866 5293 985 5338 est:
1019 5283 1171 5349 Quod
1217 5283 1517 5341 adolescens
1550 5287 1767 5357 qnidam
1795 5304 1878 5342 se-

300 5377 558 5444 quebatur
586 5376 736 5430 illum
779 5377 1003 5430 amictus
1059 5377 1279 5432 sindone
1310 5396 1465 5448 snper
1517 5380 1680 5445 nudo,
1713 5391 1761 5435 et
1804 5391 1881 5435 te-

302 5478 525 5522 nnerunt
546 5485 683 5523 enm.
717 5468 784 5522 Ae
810 5468 902 5522 itte
928 5468 1111 5523 relicta
1140 5470 1378 5539 sindone,
1423 5471 1596 5525 nudus
1644 5473 1879 5544 profugit

374 5581 522 5717 (5¹53
562 5582 637 5636 Ex
664 5600 712 5637 c.
746 5599 905 5649 xxm,
941 5584 977 5637 l.
1006 5600 1093 5638 xtv
1129 5583 1183 5637 in
1210 5582 1332 5637 Job.

374 5650 501 5719 (314
566 5650 641 5706 Ex
678 5669 729 5709 c.
785 5670 935 5722 xxix,
986 5654 1021 5707 Ι.
1070 5670 1099 5707 x
1152 5654 1205 5707 in
1238 5652 1360 5717 Job,
1408 5654 1550 5712 med,
1603 5657 1735 5714 circ.
1786 5656 1874 5712 57.

1989 4452 2135 4509 Deus
2178 4469 2318 4526 quos
2364 4462 2547 4511 tenere
2586 4457 2782 4529 diligit,
2821 4474 2918 4515 eos
2955 4460 3187 4516 sollicite
3223 4463 3294 4517 ab
3327 4465 3571 4520 externis

1986 4546 2298 4603 actionibus
2362 4549 2672 4606 abscondit.
2714 4550 2852 4607 Nam
2907 4561 2964 4608 et
3018 4554 3341 4625 plerumque
3386 4564 3571 4626 pater-

1988 4636 2224 4694 familias
2279 4639 2346 4695 ad
2400 4655 2528 4696 eum
2590 4641 2832 4699 laborem
2872 4659 3063 4700 servos
3123 4644 3348 4718 dirigit,
3389 4660 3419 4699 a
3454 4660 3571 4714 quo

1987 4729 2218 4785 subtiles
2255 4731 2399 4786 tilios
2452 4734 2780 4803 suspendit,
2836 4745 2896 4793 ut
2942 4736 3070 4793 inde
3118 4737 3214 4793 filii
3251 4738 3370 4794 sine
3403 4752 3574 4794 vexa-

1985 4825 2133 4879 tione
2169 4824 2353 4880 decori
2393 4825 2523 4881 sint.
2567 4825 2722 4883 Unde
2743 4830 2889 4884 servi
2927 4828 2983 4885 in
3018 4830 3238 4900 pulvere
3266 4829 3567 4887 l'oedantnr.

1985 4911 2142 4979 Quod
2203 4929 2368 4983 quam
2432 4923 2579 4972 recte
2627 4917 2681 4971 in
2727 4915 2972 4975 Ecclesia
3035 4919 3297 4977 divinitus
3339 4921 3521 4993 agitur
3549 4962 3569 4990 ,

1985 5008 2100 5080 ipsa
2141 5012 2476 5070 tabernaculi
2525 5019 2934 5075 constructione
2981 5020 3246 5092 signatur.
3287 5019 3374 5075 Ad
3409 5019 3564 5090 Moy-

1985 5114 2083 5156 sen
2119 5103 2320 5174 qnippe
2354 5106 2537 5163 divina
2577 5123 2709 5166 voce
2747 5111 3084 5182 praecipitur,
3124 5123 3185 5167 ut
3229 5111 3299 5169 ad
3338 5113 3568 5183 tegenda

1986 5193 2216 5252 interius
2255 5184 2455 5254 Sancta
2491 5210 2807 5258 sanctorum
2843 5219 2910 5260 ex
2947 5205 3150 5275 bysso,
3191 5219 3360 5261 cocco
3399 5212 3568 5273 atque

1983 5286 2279 5357 hyacintho
2319 5291 2436 5347 vela
2477 5301 2751 5362 texantur,
2791 5296 3117 5368 iussumque
3155 5306 3215 5353 ut
3266 5296 3336 5351 ad
3386 5308 3570 5365 prote—

1985 5380 2221 5453 gendum
2265 5383 2680 5443 tabernaculum
2723 5389 2996 5445 velamina
3029 5390 3252 5446 cilicina
3301 5400 3356 5445 et
3398 5388 3569 5458 pelles

1982 5471 2329 5540 extenderem
2368 5492 2489 5545 qnae
2527 5478 2786 5535 nimirum
2832 5480 3047 5550 pluvias
3077 5482 3164 5537 vel
3220 5488 3433 5545 ventoS,
3479 5480 3569 5536 vel

2056 5584 2204 5657 (5¹5)
2245 5586 2322 5642 Ex
2351 5605 2399 5645 c.
2432 5606 2544 5661 xvi,
2582 5592 2618 5648 l.
2639 5607 2766 5648 xxvt
2808 5592 2861 5649 in
2891 5592 3017 5662 Job,
3045 5594 3136 5650 22.
