3817 6000
160 197 214 255 (39
696 175 851 234 teutlottt
868 166 1065 229 Pttffiuosttt
1083 164 1358 227 uttctttttst‘btttt.
1740 173 1796 228 (380

160 305 411 386 pretermittimus,
425 298 650 375 qnoroleutibus
672 310 721 367 per
740 291 911 349 remeditari
925 291 952 346 in
968 298 1049 356 nest
1079 285 1371 358 incomprehensibile3
1410 284 1459 342 sed
1491 286 1640 357 gloriosam
1680 303 1799 347 summas

162 404 289 479 psalmis,
304 412 332 459 et
344 402 372 458 ln
385 399 518 471 expositis
529 393 678 453 meditandi
691 392 764 447 viam
784 389 953 461 aperiamus,
1009 380 1155 437 Trinitatis
1170 379 1280 446 faciem,
1304 388 1387 450 prout
1400 395 1430 437 se
1448 380 1509 451 ipsa
1528 380 1686 452 dignabitur
1707 383 1800 438 mani·

161 510 189 557 et
203 500 232 555 in
246 515 301 554 non
314 495 447 567 expositis
474 491 636 548 exercitium
658 487 856 557 relinquamus.
874 480 954 538 Sicut
1007 474 1120 544 iestare,
1134 475 1252 532 libenter
1271 476 1449 531 ostendemus
1468 475 1653 546 persirrqulos
1674 476 1801 547 psalmos

162 591 190 648 in
207 591 297 663 primo
307 589 413 659 psalmo
432 586 564 651 diximus,
591 580 745 654 quodlicet
761 575 954 648 principaliter
1007 568 1169 641 adglorians
1187 567 1287 639 ipsius,
1308 582 1362 623 non
1377 567 1453 639 quod
1473 566 1502 622 ln
1525 569 1656 625 onrnihus
1683 568 1801 640 psalmis

163 683 198 739 de
209 683 313 739 Christi
328 691 391 753 aqat
406 677 542 735 munditia
563 684 591 732 et
605 673 724 747 justitia,
742 680 833 726 tamen
848 668 957 724 canitur
1008 661 1153 719 manifeste
1167 662 1224 718 sint
1236 676 1375 731 expressae
1394 669 1451 717 tres
1466 669 1576 717 aeternae
1601 659 1717 717 Deitatis
1734 678 1801 732 per-

163 776 248 831 etiam
262 775 289 828 in
303 770 569 829 commemoratione
596 775 754 823 sanctorum
784 762 897 833 ipsius:
918 759 956 814 ita
1008 770 1095 811 soom.
1113 755 1190 812 Sicut
1216 756 1289 811 enim
1306 755 1334 810 in
1351 754 1467 828 hydriis,
1481 769 1544 826 quae
1565 754 1663 824 postue
1690 753 1802 810 fueraut

166 867 230 921 licet
241 867 268 920 in
280 864 408 937 praesenti
423 862 542 932 psalmo,
556 869 583 916 et
602 858 664 914 aliis
682 855 776 912 multis
789 852 903 925 psalmis
914 860 957 906 ta·
1008 847 1042 900 ad
1056 847 1274 916 purificationem
1287 844 1455 913 ludaeorum,
1476 845 1564 901 divisa
1589 844 1641 900 iult
1660 846 1803 916 capacitas

167 959 220 1014 lem
248 973 361 1013 sensum
386 954 548 1025 concipere,
570 952 618 1024 qui
649 960 746 1006 sanctu
772 947 885 1004 cuilibet
909 960 959 1000 va·
1008 948 1187 996 metretarum
1208 940 1381 1010 capientibus
1413 940 1530 1011 singulis
1554 950 1677 995 nntretoa
1710 938 1802 1008 binos,

165 1050 221 1106 leat
232 1049 470 1119 contenire,quod
484 1063 533 1117 per
555 1045 663 1116 singula
677 1044 796 1099 vitamus
807 1039 957 1112 assignare,
1009 1032 1147 1089 celtenses
1159 1033 1220 1105 (lob
1232 1050 1263 1101 n,
1278 1033 1306 1105 6)
1320 1052 1327 1089 ι
1344 1036 1382 1089 ita
1395 1034 1424 1090 in
1435 1033 1564 1101 Psalmis,
1578 1035 1624 1104 qui
1639 1033 1721 1104 positi
1733 1043 1802 1088 sunt

166 1144 295 1198 timentes
309 1140 419 1212 inligari
435 1140 564 1196 lectorem
585 1138 670 1193 nivnia
681 1135 846 1206 prolixitate.
1010 1128 1044 1183 ad
1061 1128 1278 1198 purificationem
1293 1128 1530 1195 Christianorum,
1555 1128 1663 1184 diversa
1684 1139 1727 1184 est
1740 1144 1803 1184 tna-

174 1218 176 1224 ’
203 1233 249 1290 llle
266 1242 369 1301 autem,
384 1233 431 1304 qui
443 1233 547 1287 clavem
563 1231 645 1285 babet
663 1227 760 1294 David,
774 1223 959 1296 quieumdcm
1010 1219 1152 1277 niiestatio
1176 1236 1370 1291 personarum,
1395 1236 1459 1277 oum
1475 1222 1503 1278 iu
1522 1219 1636 1292 psalmis
1658 1221 1802 1292 aliquibus

167 1324 255 1382 hacid
268 1325 353 1381 nirnia
374 1321 691 1388 obscuritatcclausum,
716 1319 761 1375 eui
775 1317 833 1374 vult
860 1315 958 1387 aperit,
1010 1310 1071 1367 duae
1087 1326 1223 1381 personae,
1253 1311 1281 1368 iu
1301 1312 1441 1383 aliquibus
1468 1327 1532 1401 vero
1556 1310 1731 1368 inveniantur
1744 1320 1803 1368 tres

166 1419 319 1485 metandis,
334 1427 361 1474 et
376 1431 457 1473 nemo
470 1416 567 1487 aperit,
584 1415 626 1471 sic
649 1415 777 1485 dignetur
800 1411 897 1467 adesse
909 1427 960 1465 no·
1009 1420 1134 1476 personae
1153 1403 1269 1462 Deitatis
1296 1407 1398 1473 unius,
1421 1406 1464 1461 vel
1488 1420 1537 1477 per
1552 1405 1677 1473 citemus,
1689 1407 1732 1462 rel
1750 1422 1801 1478 per

168 1522 235 1570 strae
247 1512 394 1584 diligentiae
418 1512 446 1565 in
461 1509 633 1581 expositione
651 1505 789 1578 prasenti,
804 1513 836 1559 ut
849 1503 960 1558 thesau·
1012 1499 1125 1555 uomina
1136 1514 1187 1555 sua
1202 1514 1350 1570 expressae,
1365 1515 1398 1556 ac
1410 1501 1569 1573 designatae.

169 1622 217 1661 ros
230 1604 439 1660 meditationum
452 1610 622 1667 sanctarum,
645 1613 762 1672 quarum
780 1607 823 1654 cst
836 1597 864 1652 iu
880 1595 960 1651 Psal·
1047 1591 1176 1648 llicamas
1199 1592 1309 1663 coquin
1331 1593 1385 1649 line
1406 1593 1549 1664 presentis
1570 1592 1669 1664 psalmi
1687 1591 1805 1648 :Gloria

167 1698 221 1753 mis
236 1697 354 1769 abyssus
371 1696 469 1763 multa,
486 1703 513 1750 et
524 1693 602 1763 copia
621 1690 796 1755 inexhausta,
810 1689 907 1744 saltem
918 1687 960 1744 sic
1013 1687 1105 1755 Patri,
1116 1686 1165 1759 qui
1178 1687 1302 1743 exaltans
1316 1694 1400 1757 caput
1417 1701 1519 1754 meunt,
1535 1686 1561 1742 id
1582 1695 1625 1743 est
1647 1685 1803 1753 Christum,

168 1790 404 1856 demonstremus,
424 1787 564 1860 quomodo
588 1786 615 1842 in
641 1800 710 1857 agro
733 1782 891 1854 evangelico
910 1781 961 1837 de·
1014 1783 1042 1839 in
1060 1797 1093 1838 eo
1108 1783 1168 1854 ipso
1180 1781 1358 1853 glorificatur,
1373 1782 1448 1852 quod
1461 1782 1497 1838 ab
1513 1796 1546 1837 eo
1558 1782 1612 1838 tale
1623 1791 1705 1852 caput
1718 1796 1806 1852 super

168 1893 341 1942 monstratur
355 1884 503 1941 thesaurus
515 1881 704 1938 absconditus.
718 1878 795 1935 Licet
809 1877 882 1932 onim
906 1890 962 1931 non
1015 1873 1108 1930 omnia
1122 1873 1269 1929 exaltatur.
1287 1871 1380 1929 Gloria
1394 1870 1477 1940 Filio,
1496 1873 1545 1944 qui
1567 1874 1704 1941 dormivit,
1721 1884 1747 1928 ct
1757 1890 1805 1929 so·

169 1985 244 2033 totus
257 1977 403 2032 thesaurus
419 1973 575 2040 effodiatur,
590 1972 655 2028 dom
675 1970 703 2025 in
730 1984 797 2040 agro
811 1967 961 2025 abscondi·
1015 1976 1125 2039 porotus
1138 1975 1189 2034 eat,
1196 1973 1224 2022 et
1234 1966 1397 2023 exsurrexit.
1409 1964 1501 2022 Gloria
1516 1963 1630 2037 Spiritui
1644 1965 1807 2037 anneto,qni

170 2077 216 2124 tus
228 2069 435 2124 demonstratur
450 2086 456 2123 :
474 2076 566 2123 tamen
578 2066 643 2120 ‹lurn
659 2064 686 2119 in
700 2077 768 2135 aqro
786 2062 872 2118 latere
898 2061 963 2117 tire·
1015 2060 1113 2117 estilla
1127 2058 1211 2125 aolus,
1237 2067 1264 2114 et
1287 2058 1332 2114 illa
1360 2057 1517 2124 benedictio,
1542 2059 1577 2114 de
1600 2073 1655 2129 qua
1676 2056 1805 2113 dieitur:

171 2177 272 2218 saurus
284 2162 470 2232 cognoscitur,
489 2176 546 2231 prae
560 2158 662 2228 qarrdio
675 2156 750 2211 illius
770 2171 835 2228 ager
849 2170 962 2226 compa-
1016 2150 1124 2207 bomini
1135 2161 1174 2207 cst
1190 2150 1309 2216 soluaet
1324 2166 1402 2221 super
1420 2149 1548 2221 populum
1569 2158 1643 2204 tuan
1658 2147 1808 2205 benedictio

169 2262 257 2308 ratur.
280 2251 327 2309 Sic
338 2253 478 2323 aspirante
493 2253 583 2308 sancti
603 2250 723 2321 Spiritus
742 2249 839 2321 gratia,
850 2255 964 2320 quaeest
1017 2255 1075 2301 tuo.
1088 2244 1157 2300 Nam
1172 2244 1300 2301 sieutilla
1315 2242 1363 2300 Ilei
1383 2243 1479 2310 dictio,
1494 2243 1559 2314 quia
1580 2242 1660 2310 dixit,
1690 2241 1808 2298 etlaeta

169 2346 258 2402 clavis
272 2344 369 2411 David,
384 2362 438 2402 non
454 2347 623 2403 intendimus
636 2356 722 2402 totum
737 2345 795 2416 agri
810 2343 892 2414 hujus
903 2343 962 2398 the·
1016 2346 1083 2395 suut
1094 2337 1199 2406 omnia,
1216 2335 1264 2393 llei
1285 2334 1404 2392 Verbum
1417 2335 1465 2391 Dei
1480 2334 1568 2392 Filius
1588 2342 1631 2391 est
1657 2353 1665 2390 z
1689 2332 1736 2390 sle
1758 2334 1808 2389 illa

170 2456 284 2497 sautum
296 2441 424 2508 eurrdere,
437 2442 501 2513 quia
516 2440 622 2496 honest
643 2438 823 2510 impossihile,
845 2446 874 2492 ut
889 2437 963 2491 clare
1015 2430 1064 2488 Dei
1080 2431 1236 2499 bendictio,
1248 2445 1304 2504 qua
1327 2428 1535 2486 sanctificantur
1563 2436 1666 2499 creata,
1686 2425 1808 2501 Spiritus

169 2532 296 2591 videatur
309 2532 382 2606 quod
396 2542 439 2590 est
464 2532 613 2599 invisibile,
624 2530 873 2604 comprehendatur
888 2527 961 2600 quod
1015 2533 1129 2582 mactus
1141 2532 1194 2581 est.

1162 2704 1800 2734 m.

794 2861 1060 2955 Pstttttts
1096 2863 1180 2958 tv.

981 3059 1018 3077 μ

211 3195 448 3254 Cumlneocorenr,
460 3189 647 3245 emuniuitrne
660 3188 743 3246 Deire.
759 3188 965 3264 Titulushulus
978 3198 1000 3259 c
1015 3192 1122 3262 psalmo
1150 3192 1184 3248 de
1208 3191 1366 3263 acceptione
1393 3190 1482 3250 sancti
1507 3191 1627 3267 Spiritus
1658 3197 1810 3268 apostolica

172 3264 272 3363 psalmi
286 3292 329 3342 est
348 3284 435 3356 (vers.
456 3282 484 3351 l)
503 3300 511 3338 r
1018 3287 1172 3360 gratulatur
1183 3284 1305 3343 Ecclesia
1316 3286 1433 3344 dicens:

288 3394 314 3434 ut
333 3393 426 3443 runnu,
445 3391 563 3432 assertus
581 3389 689 3432 canrrct
709 3392 789 3431 otvto
802 3376 872 3448 (26).
1055 3377 1175 3435 lensi.
1191 3378 1259 3436 Cum
1276 3378 1435 3447 invocarent,
1461 3382 1599 3437 exaudibit
1625 3399 1666 3439 rue
1680 3382 1750 3439 Deua
1761 3383 1814 3455 lu-

212 3468 290 3525 binis
301 3468 409 3524 duobus
424 3467 514 3524 modis
531 3467 634 3523 dicitur
651 3486 658 3521 :
674 3465 729 3522 Pro
744 3467 968 3538 consumptione,
1020 3472 1102 3527 stiriae
1115 3488 1189 3538 naec,
1203 3472 1232 3527 in
1245 3471 1417 3530 tribulatione
1430 3474 1553 3530 ditatoati
1564 3475 1639 3531 nttrt.
1652 3475 1749 3533 Nonne
1761 3493 1813 3534 ro·

175 3564 287 3634 qrrarnlo
299 3561 402 3633 aliquid
415 3560 516 3616 delicit.
525 3559 580 3616 Pro
595 3564 844 3632 consummatione,
858 3573 969 3636 quando
1020 3579 1065 3621 ces
1088 3565 1148 3620 istac
1169 3565 1337 3621 conveniunt
1359 3566 1398 3622 rei
1421 3577 1516 3639 gestae,
1531 3577 1559 3625 et
1579 3570 1640 3626 roei
1657 3568 1729 3625 illius
1740 3570 1810 3636 diei,

177 3653 446 3725 atiquirlperticimr.
468 3651 544 3709 Finis
564 3663 606 3709 est
631 3656 710 3725 patris
728 3658 885 3729 consumpti
911 3658 971 3727 ipse
1020 3672 1075 3728 quo
1093 3655 1212 3728 Spiritus
1240 3667 1352 3716 sanctus
1375 3659 1410 3715 de
1434 3660 1505 3717 coelo
1520 3662 1632 3719 veniens
1658 3662 1810 3734 discipulos

176 3746 301 3802 delectus
314 3744 387 3814 ejus.
405 3743 482 3801 Finis
502 3747 618 3802 estbelli
644 3751 828 3805 consmnmati
848 3750 970 3821 gloriosa
1020 3749 1129 3806 Domini
1142 3750 1290 3808 laetillcavlt
1303 3760 1424 3821 orantes,
1446 3752 1484 3807 ita
1508 3761 1539 3809 ut
1561 3755 1651 3810 dicere
1675 3765 1813 3827 congruat

178 3835 306 3892 victoria.
329 3835 375 3893 Sic
398 3838 425 3891 in
439 3837 524 3892 titulis
544 3837 717 3894 Psalruoronr
741 3841 874 3913 accipitur
896 3843 969 3898 bnis.
1021 3843 1168 3901 concentui
1185 3844 1235 3911 illi,
1248 3852 1276 3900 et
1286 3844 1363 3901 omni
1375 3843 1505 3902 Ecclesiae
1525 3847 1651 3915 sequenti
1679 3866 1686 3901 :
1707 3846 1740 3902 ln
1760 3857 1812 3902 trr-

178 3925 258 3984 Untle
273 3930 319 3985 ubi
334 3944 386 3985 uos
405 3930 551 3993 habemas,
567 3932 597 3985 iu
609 3932 699 4001 fiuent,
712 3931 739 3986 in
758 3930 871 3989 ttehraeo
884 3934 971 3991 lrahc-
1022 3936 1158 3992 dolatione
1174 3936 1298 3991 dilatasti
1320 3936 1396 4004 milri,
1420 3953 1481 3992 curn
1502 3936 1660 4006 invocarem,
1673 3955 1733 3993 cum
1745 3955 1811 3994 ova·

178 4029 225 4076 tur
238 4020 352 4077 lictori.
369 4021 495 4080 Psalmus
518 4039 585 4095 erqo
605 4025 657 4080 iste
671 4024 825 4082 attitulatur
838 4027 867 4081 in
880 4027 969 4097 finem,
1021 4031 1097 4085 remi
1115 4047 1125 4081 r
1144 4028 1272 4086 Omnes»
1289 4029 1388 4086 enimv
1407 4039 1486 4086 erant
1511 4041 1719 4101 perseverantes
1740 4048 1812 4087 urra-

179 4114 239 4169 sire
263 4115 291 4169 in
319 4114 475 4183 victoriam,
499 4116 614 4186 quiade
637 4117 797 4186 operatione
819 4117 972 4190 hicagitur
1022 4121 1149 4177 nimesln
1169 4121 1371 4177 orationeoum
1395 4121 1568 4188 mulieribus,
1588 4131 1615 4178 et
1645 4133 1732 4179 matre
1758 4123 1813 4179 llo·

182 4209 415 4274 consummativa,
430 4217 458 4264 et
484 4208 632 4265 victoriosa
655 4210 747 4281 magni
773 4210 846 4282 regis
874 4209 970 4277 David,
1023 4213 1092 4268 mini
1106 4211 1255 4282 lesuldet.
1280 4228 1299 4280 r,
1315 4214 1372 4283 li).
1389 4232 1399 4266 r
1417 4213 1513 4280 blaria,
1536 4223 1563 4270 et
1581 4214 1713 4272 iratribus
1741 4215 1811 4287 ejus.

89 4337 94 4350 ·
181 4302 230 4372 qui
249 4311 310 4371 post
327 4318 406 4357 suam
426 4303 454 4356 in
477 4303 562 4358 caelos
576 4303 764 4359 ascensionem
781 4303 810 4358 in
829 4304 972 4375 praemisso
1005 4305 1094 4378 ‚uicit
1105 4321 1171 4377 erqo
1187 4304 1311 4362 Ecclesia
1335 4306 1381 4362 illa
1396 4306 1537 4363 unanimis
1552 4325 1559 4362 :
1572 4304 1639 4363 Cum
1653 4309 1811 4376 invocarem,

179 4394 287 4464 psalmo
302 4402 445 4448 tractatam
470 4391 602 4462 Spiritum
622 4393 794 4450 Paracletum
810 4395 886 4451 dedit
904 4411 972 4467 apo·
1022 4398 1209 4454 ccoudloitrne
1221 4397 1304 4453 urar.
1319 4399 1489 4454 Accenderat
1502 4399 1530 4454 in
1544 4400 1656 4468 eoelum,
1668 4401 1815 4457 subtraxit·

180 4485 270 4551 stolis,
281 4502 337 4555 quo
352 4485 506 4541 conthmati
519 4495 594 4551 sunt,
607 4495 635 4543 et
646 4487 785 4544 laetiticati.
799 4486 877 4544 Unde
892 4488 973 4545 hodic
1024 4506 1078 4563 quc
1090 4491 1160 4548 mihi
1185 4492 1395 4549 desiderabilem
1416 4492 1460 4547 sui
1485 4492 1578 4549 vultus
1598 4495 1815 4565 repertionem

181 4577 283 4633 dicitur
298 4576 423 4633 Protrnus
438 4577 555 4634 Cantici.
567 4577 637 4635 Nam
651 4580 787 4651 psalmus,
805 4580 853 4652 qui
869 4580 898 4636 tu
912 4597 972 4636 nn)-
988 4547 1010 4605 D
1023 4586 1187 4656 promiserat
1212 4584 1346 4658 Spiritum
1365 4584 1557 4654 Paracletum,
1582 4597 1665 4660 atque
1689 4586 1761 4656 ideo,
1780 4597 1815 4647 ut

183 4670 257 4725 tibus
273 4669 434 4740 digitorum,
450 4672 644 4729 discretionem
672 4684 700 4729 et
722 4673 911 4745 operationem
933 4676 972 4729 si·
1021 4675 1222 4747 justificaretur
1241 4677 1269 4734 in
1293 4678 1469 4756 sermonibus
1488 4680 1557 4747 suis,
1588 4689 1715 4752 essetque
1744 4679 1813 4736 mihi

182 4760 293 4833 qrrillcat
307 4762 443 4818 donorum
469 4764 557 4820 sancti
578 4764 711 4836 Spiritus,
723 4766 771 4837 qui
799 4782 883 4837 super
907 4782 973 4838 apo-
1024 4767 1096 4823 Deua
1105 4767 1232 4837 justitio,
1247 4785 1330 4826 verax
1349 4770 1511 4841 promissor,
1525 4772 1660 4827 esosdirit
1682 4787 1734 4841 me,
1749 4787 1814 4830 cum

182 4851 269 4908 stolos
284 4854 421 4924 apparuit,
436 4856 728 4926 ecsqueconhrmavit.
741 4857 883 4915 Canticum
895 4875 972 4928 vero,
1026 4858 1103 4914 illum
1115 4871 1170 4915 non
1182 4860 1272 4916 solum
1283 4860 1363 4934 quasi
1376 4859 1518 4918 absentem
1534 4861 1696 4919 advocarem
1709 4864 1744 4920 ad
1758 4879 1814 4934 uus,

183 4941 258 5013 quod
272 4941 303 4998 lit
314 4946 624 5016 pervocem,signillcat
635 4948 736 5006 mentis
748 4951 973 5020 exsultationem,
1027 4952 1075 5009 scd
1102 4954 1250 5010 invocarem
1266 4956 1337 5012 intra
1363 4972 1408 5014 me
1422 4976 1429 5014 ι
1444 4966 1509 5013 tunc
1526 4958 1664 5014 exaudibit
1688 4957 1815 5015 melleus

184 5050 239 5106 qua
259 5036 376 5093 interius
395 5038 524 5096 latisseati
548 5050 614 5096 sunt
636 5042 685 5104 ita,
701 5050 732 5098 ut
753 5057 788 5098 ex
802 5051 869 5100 tone
892 5058 974 5102 nemo
1024 5047 1141 5118 justitie
1153 5064 1226 5106 nen.
1248 5046 1318 5106 Nam
1343 5051 1415 5109 inter
1441 5051 1532 5123 ipsum
1555 5054 1772 5123 promittentem,
1788 5062 1816 5110 et

185 5128 338 5185 tolleretah
356 5132 397 5187 eis
413 5133 544 5203 gaudium
559 5149 666 5190 eorum.
681 5132 782 5192 Tribus
800 5136 884 5209 igitur
895 5139 973 5209 psal·
1028 5156 1073 5197 me
1087 5141 1146 5198 suis
1159 5142 1304 5213 promissis
1320 5144 1476 5202 credentem
1493 5155 1620 5202 servatur
1635 5147 1741 5219 iustitia
1754 5163 1815 5216 suc,

186 5219 240 5275 mis
251 5220 400 5292 prioribus,
417 5223 463 5278 uhi
477 5239 527 5296 per
548 5226 673 5284 ordinem
686 5227 895 5299 lucarnationis,
907 5229 976 5287 Pas-
1028 5240 1145 5301 etmea;
1166 5233 1231 5290 dum
1243 5243 1271 5292 et
1289 5237 1348 5306 ipse
1368 5237 1395 5291 in
1412 5239 1585 5294 sermonibus
1610 5241 1669 5296 suis
1682 5239 1817 5311 justilica·

187 5309 286 5376 siouis,
300 5310 530 5384 Resurrectionis,
552 5325 580 5374 et
591 5316 769 5376 hsmnsionis
789 5320 892 5377 Christi
908 5337 975 5392 pro·
1028 5336 1074 5382 tor
1086 5328 1189 5396 dando,
1203 5329 1277 5399 quod
1289 5329 1417 5400 promisit
1431 5349 1438 5387 ε
1451 5341 1478 5389 ει
1493 5334 1558 5404 quia
1576 5335 1695 5406 «justus
1716 5350 1747 5390 ex
1763 5335 1817 5392 lide

187 5399 311 5470 photiana
329 5405 442 5488 spiritus
460 5410 621 5466 tastilieutus
633 5420 676 5467 est
689 5413 783 5482 tidem,
802 5424 902 5496 quarto
913 5414 973 5486 jam
1028 5417 1095 5475 vivit
1109 5417 1194 5492 (Rom.
1215 5433 1234 5486 t,
1248 5419 1306 5490 l'l),
1328 5439 1338 5473 r
1364 5422 1430 5478 milri
1454 5439 1566 5497 quoque
1593 5425 1715 5482 credenti
1745 5424 1819 5481 Deus

227 5515 283 5586 (26)
297 5516 377 5576 lrrxta
403 5519 547 5594 l'nlqetam
571 5524 626 5580 :lu
647 5527 726 5598 linem
752 5530 781 5582 in
799 5529 973 5596 carminibus,
1029 5529 1125 5587 Dauid.
1140 5529 1321 5603 Hieronymus
1335 5535 1434 5595 Victori
1451 5539 1480 5595 itt
1498 5537 1639 5598 canticis:
1654 5542 1819 5610 latericiis:

191 5582 315 5641 Patrne
327 5589 414 5645 Dauid
432 5594 505 5666 legit.
522 5595 634 5653 cincus
656 5614 720 5655 uero
732 5601 813 5655 lrabet
825 5618 831 5653 τ
845 5597 973 5656 Pertusa
1027 5604 1053 5657 lu
1065 5602 1151 5671 ὕμνοις
1161 5603 1261 5675 deripis
1272 5605 1308 5682 aa]
1323 5608 1411 5667 tenid.
