3817 6000
216 280 330 342 als

1633 270 2018 337 EPWAE.

3368 286 3473 343 GM

209 398 366 456 Deus
406 410 635 470 arguere
674 393 970 467 judicatur.
1022 393 1115 450 Sic
1140 391 1309 450 David
1358 409 1489 449 cum
1525 403 1677 450 esset
1700 410 1794 451 rex
1821 401 1871 459 Α
1897 394 2000 449 ari.
2039 391 2213 450 Omne
2258 408 2494 465 namque
2542 401 2824 465 peccatum
2854 401 3002 452 recte
3024 395 3225 454 dicitur
3252 400 3463 458 menda·

210 488 543 562 magn-licus
572 499 626 545 ct
655 487 909 559 inclytus,
938 484 1151 541 Nathan
1181 486 1501 558 propheram
1547 502 1801 542 reveren-

210 593 299 640 ter
327 583 556 650 audivit,
600 582 761 653 eique
787 590 1048 652 tanquam
1079 578 1195 634 Deo
1230 580 1509 635 humiliter
1536 580 1796 647 obedivit,

209 677 477 749 quoniam
506 675 563 731 in
593 674 712 747 ipso
739 673 1046 729 mittentem
1073 672 1382 728 bonoravit.
1413 670 1506 729 Sic
1528 672 1669 728 idem
1694 671 1803 729 Da-

209 769 307 826 vid
347 767 549 834 Semei‚
594 765 1009 821 maledicentem
1066 765 1170 822 sibi
1223 764 1490 836 patienter
1549 765 1794 833 audivit,

214 859 485 933 quoniam
515 858 671 912 illum
702 870 733 911 a
764 854 898 924 Deo,
927 865 987 912 ut
1014 855 1120 912 sibi
1167 856 1536 924 malediceret,
1568 856 1803 914 missum

234 950 529 1015 intellexit,
582 954 638 1003 et
684 947 805 1003 ideo
848 947 903 1001 in
952 945 1571 1017 misso,!quantumlibet
1612 947 1801 1018 impio,

215 1042 525 1097 mittentem
558 1037 935 1095 honorandum
960 1038 1245 1109 judicavit,
1270 1039 1489 1110 qnando
1508 1041 1648 1097 lilios
1676 1039 1806 1097 Sar-

217 1135 326 1190 viae
352 1150 453 1204 pro
477 1133 570 1188 illo
599 1131 919 1203 increpavit.
955 1129 1073 1186 Non
1103 1132 1174 1188 ita
1201 1131 1406 1188 fecerat
1432 1130 1564 1189 Saul
1585 1148 1679 1189 rex
1702 1133 1806 1188 im-

218 1225 351 1298 pius
402 1234 459 1282 et
502 1225 793 1295 superbuS,
828 1223 923 1294 qni
971 1238 1004 1278 a
1059 1221 1310 1279 Samuele
1353 1224 1683 1295 increpatus,
1739 1239 1807 1280 eo

222 1315 375 1388 quod
423 1332 531 1371 non
558 1315 861 1385 impleverit
886 1314 1110 1369 verbum
1137 1313 1374 1382 Domini,
1403 1315 1617 1371 rebellis
1640 1315 1809 1371 exsti-

224 1410 315 1477 tit,
358 1418 414 1464 et
464 1409 645 1479 ipsum
696 1407 1134 1478 redarguentem,
1184 1408 1294 1461 imo
1349 1407 1403 1460 in
1448 1407 1810 1478 redarguente

226 1500 400 1555 Deum
420 1497 710 1553 falsificare
726 1512 791 1553 ac
814 1511 873 1552 se
888 1496 1191 1567 justificare
1219 1496 1565 1566 praesumpsit
1580 1496 1766 1552 dicens
1790 1512 1804 1549 ε

235 1591 266 1647 1
274 1609 358 1646 mo
384 1591 591 1662 implevi
621 1588 830 1644 verbnm
858 1587 1094 1652 Domini,
1141 1595 1192 1641 et
1236 1585 1439 1641 adduxi
1468 1603 1637 1657 regem
1662 1586 1811 1657 Aqaq

245 1683 521 1751 Amalech,
545 1692 651 1738 etc.
679 1679 732 1754 (1
755 1679 884 1752 ch.
925 1679 1041 1752 xv.)
1062 1678 1223 1747 Puto,
1252 1678 1397 1751 quod
1422 1678 1523 1734 iste
1556 1677 1727 1733 Deum
1754 1678 1809 1733 in

1899 484 2048 541 cium
2078 493 2339 554 tanquam
2368 485 2585 541 veritati
2610 486 2943 557 oppositum.

1972 574 2108 632 Dico
2135 586 2318 633 autem
2344 593 2492 634 nunc
2525 579 2833 649 specialiter
2861 579 3010 635 illam
3039 581 3345 648 veritatem,
3367 599 3478 654 qua

1901 667 2049 725 Deus
2068 683 2235 724 verax
2259 670 2546 740 proposuit
2564 686 2630 727 ac
2659 671 3047 742 praeordinavit
3069 674 3358 729 hominum
3397 672 3477 731 se-

1903 759 2164 817 licitatem
2209 775 2319 817 non
2350 761 2528 818 solum
2562 763 2919 832 personaliter
2965 774 3023 821 ut
3071 765 3126 820 in
3158 763 3348 833 David,
3384 765 3479 822 sed

1902 854 2068 911 etiam
2092 855 2494 924 universaliter,
2524 865 2587 912 ut
2609 866 2834 928 apparet
2857 856 2912 912 in
2937 858 3176 915 bominis
3203 858 3481 916 creatione

1900 948 2116 1004 dicente
2139 948 2318 1004 veraci
2341 946 2454 1004 Deo
2484 967 2498 1003 :
2533 948 2824 1006 Faciamus
2851 950 3112 1005 hominem
3134 951 3203 1006 ad
3228 951 3484 1009 similitu·

1903 1041 2084 1094 dinem
2142 1050 2191 1095 et
2252 1040 2534 1112 imaginem
2568 1055 2807 1098 nostram
2859 1041 3011 1114 (Gen.
3068 1043 3132 1114 1).
3173 1041 3290 1100 Hoc
3331 1044 3482 1103 enim

1905 1131 2003 1188 Dei
2051 1132 2391 1204 propositum
2438 1134 2847 1207 comprehendit
2899 1150 3191 1191 numerum
3230 1136 3480 1192 omnium

1906 1223 2227 1291 electorum,
2243 1241 2383 1297 quos
2409 1226 2526 1296 ipse
2554 1226 2826 1296 praescivit
2851 1235 2905 1283 et
2925 1227 3328 1298 praedestinavit
3350 1243 3483 1284 con·

1907 1315 2115 1370 formes
2151 1317 2267 1371 lieri
2309 1316 2560 1387 imaginis
2593 1315 2709 1370 lilii
2745 1316 2845 1378 sni,
2885 1326 2937 1370 nt
2965 1317 3030 1370 :ait
3066 1316 3178 1386 ips-ir
3210 1317 3482 1386 prima-go-

1910 1410 2060 1462 nitus
2112 1409 2167 1463 in
2224 1409 2411 1465 multis
2457 1409 2741 1463 fratribus.
2805 1410 2857 1462 :eii
2921 1426 3050 1478 tl‘ssl}
3102 1414 3378 1478 111-1145131105
3434 1422 3486 1462 111

1908 1501 2305 1572 praeordinatos
2331 1510 2569 1568 vocaret,
2617 1502 2937 1570 justificat-ei
2991 1510 3038 1554 tl
3094 1506 3482 1570 .ln:'i;;nilit²:n·z·l.

1911 1593 2116 1648 nullius
2155 1593 2364 1664 peccati
2412 1593 3058 1658 118111111111111311011101110,
3110 1610 3234 1646 1011]
3286 1594 3486 1646 luceret

1914 1701 2129 1741 omnem
2156 1686 2433 1742 hominem
2468 1686 2534 1742 ad
2573 1690 2861 1754 innigimsm
2885 1698 2937 1738 01
2965 1690 3374 1742 similitudinem
3402 1690 3486 1742 111-

228 1777 455 1834 homine
481 1790 591 1830 ¹¹0st
615 1771 956 1845 dijudicavit,
983 1780 1040 1828 θ(
1074 1770 1195 1828 ideo
1228 1786 1337 1827 ¹¹0¹!
1365 1770 1419 1825 3¹¹
1451 1769 1807 1835 moverim&
1840 1762 1884 1818 B
1914 1779 2115 1846 vinam,
2143 1786 2199 1835 et
2235 1778 2498 1833 baberent
2528 1782 2685 1833 electi
2725 1778 3025 1830 divinarum
3058 1782 3482 1846 pmniifi'sinnfflu

230 1870 330 1926 sed
365 1867 731 1934 mendacium,
760 1865 812 1922 id
859 1873 944 1922 εει
982 1872 1263 1936 peccatum
1287 1863 1659 1934 triumphavit,
1682 1877 1813 1934 quo-

230 1960 381 2015 niam
406 1959 462 2013 in
493 1958 757 2029 propbeta
781 1971 841 2012 se
868 1956 1227 2027 redarguente
1247 1954 1418 2010 Deum
1444 1953 1809 2020 inhonoravit,

231 2054 366 2109 dum
391 2052 515 2122 eius
554 2048 915 2120 increpationi
945 2049 1252 2119 procaciter
1280 2045 1631 2103 contradixit.

303 2146 477 2218 Igitur
503 2141 886 2214 unusquisque
931 2150 1183 2197 nostrum
1216 2149 1269 2196 et
1309 2139 1379 2195 ab
1406 2137 1720 2194 adversario
1755 2137 1812 2193 in

241 2239 356 2305 via,
396 2236 448 2291 id
471 2243 557 2291 εει
596 2250 627 2290 3
674 2247 830 2290 sacra
873 2231 1175 2303 Scriptura,
1217 2239 1273 2286 ει
1292 2231 1361 2285 ab
1383 2228 1567 2300 aliquo
1595 2229 1816 2284 doctore

232 2341 293 2386 ct
321 2328 558 2400 benigno
587 2342 682 2384 seu
712 2326 876 2382 etiam
909 2324 1149 2396 maligno
1176 2323 1532 2394 redargutore
1567 2322 1816 2393 increpa-

238 2433 331 2478 tus
357 2421 426 2475 de
449 2419 632 2489 aliqua
660 2417 841 2488 culpa,
875 2423 1233 2488 recognoscat
1258 2423 1315 2470 ει
1344 2414 1577 2470 honoret
1609 2413 1816 2468 verita·

238 2521 377 2577 tem,
411 2520 468 2567 et
497 2510 579 2567 sic
622 2509 837 2565 emittat
868 2507 1129 2563 humilem
1157 2504 1577 2571 consessionem,
1610 2514 1671 2561 ut
1697 2504 1818 2561 vin·

240 2613 335 2659 cat
362 2602 581 2670 veritas,
610 2616 737 2657 cum
778 2599 1077 2668 judicatur,
1126 2607 1181 2654 et
1203 2596 1444 2667 judicata
1480 2595 1814 2665 bonoratur;

236 2696 496 2752 vincatur
521 2709 651 2751 vero
674 2702 730 2750 et
769 2692 1091 2750 excludatur
1121 2689 1487 2756 mendacium,
1522 2688 1670 2761 quod
1697 2704 1822 2760 pes-

236 2789 385 2846 sime
431 2802 497 2843 ac
543 2785 827 2858 potissime
853 2790 1047 2856 regnat
1075 2783 1129 2836 in
1176 2782 1533 2837 excusatione
1553 2781 1821 2838 etdel'en-

219 2878 403 2935 sione
425 2885 798 2948 peccatorum.
830 2872 1027 2930 Sensui
1082 2885 1271 2929 nostro
1316 2873 1614 2929 concordat
1661 2873 1817 2941 illud,

237 2969 388 3042 quod
423 2967 719 3040 Apostolus
752 2965 883 3023 dicit
913 2984 927 3021 :
963 2964 1067 3033 Qun·
1100 2965 1312 3038 indique
1343 2964 1646 3035 inanducat,
1663 2966 1820 3039 judi-

236 3063 386 3117 cium
411 3064 516 3118 sion
547 3061 857 3127 montaneae,
909 3076 1011 3114 non
1035 3057 1337 3129 dijudicans
1367 3074 1556 3130 corpas
1599 3059 1818 3115 Domini

240 3152 304 3227 (1
332 3153 457 3212 Cor.
482 3154 585 3224 tt).
619 3152 773 3209 Sicut
795 3152 939 3207 enim
964 3166 1166 3222 corpus
1189 3151 1403 3207 Domini
1429 3168 1538 3208 non
1563 3152 1817 3220 salutem,
1845 3133 1887 3191 C

242 3247 344 3305 sed
366 3246 772 3303 damnationem
814 3244 1136 3316 percipienti
1164 3255 1443 3315 operatur,
1484 3261 1607 3301 cum
1638 3245 1819 3317 ipsum

238 3360 448 3415 corpus
478 3342 695 3400 Domini
724 3357 833 3399 non
864 3341 1200 3412 dijudicatur
1220 3383 1237 3411 ,
1281 3341 1337 3395 id
1369 3349 1454 3395 est
1481 3354 1588 3394 non
1615 3337 1821 3394 discer-

246 3636 361 3692 tnr,
388 3626 486 3681 sed
517 3624 675 3696 quasi
704 3624 909 3695 patitur
939 3638 1000 3679 se
1026 3621 1190 3689 vinci,
1224 3632 1285 3678 ut
1331 3636 1498 3692 supra
1540 3620 1607 3677 de
1646 3620 1821 3675 Adam

242 3715 400 3773 etde
431 3715 596 3773 Saule
619 3715 1035 3788 exemplificavi,
1084 3730 1318 3786 quornm
1371 3725 1600 3785 uterquc
1623 3712 1691 3768 ad
1723 3727 1821 3767 ex-

247 3809 526 3866 cusandas
555 3810 936 3867 excusationes
977 3810 1030 3863 in
1063 3808 1302 3880 peccatis
1343 3814 1685 3876 contemptor
1723 3819 1822 3859 ex·

250 3899 394 3954 stitit
417 3914 477 3956 se
498 3900 833 3971 increpantis
868 3898 1134 3955 veritatis.
1159 3897 1226 3954 Et
1248 3897 1371 3953 ideo
1398 3905 1542 3953 recte
1570 3904 1691 3950 orat
1720 3893 1825 3949 Da-

246 3994 344 4051 vid
370 3993 558 4051 dicens
585 4010 599 4046 ε
630 3992 756 4048 Non
778 3992 1003 4048 declines
1025 4009 1116 4046 cor
1142 4007 1311 4046 meum
1340 3991 1396 4045 in
1423 3988 1576 4046 verba
1605 3987 1824 4042 malitiae

249 4086 323 4140 ad
359 4087 727 4141 excusationes
766 4085 824 4139 in
870 4084 1100 4156 peccatis
1137 4081 1310 4155 (Psal.
1346 4084 1494 4151 ext).
1546 4079 1825 4137 Imitemur

251 4192 359 4233 nos
384 4176 552 4233 istum
599 4174 771 4232 David
824 4174 1103 4230 humiliter
1156 4173 1489 4244 poenitendo,
1520 4181 1573 4228 et
1608 4173 1824 4244 culpam

250 4278 503 4326 nostram
534 4284 644 4325 non
668 4268 802 4337 Deo,
828 4267 923 4325 scd
965 4268 1369 4339 nobismetipsis
1408 4266 1717 4331 tribuendo,
1742 4273 1826 4321 at·

210 4493 215 4498 -
252 4463 344 4511 cat
366 4454 420 4509 in
451 4454 610 4509 nobis
628 4454 745 4525 ipsa
773 4454 973 4509 veritas
998 4454 1406 4524 impugnantem
1428 4467 1530 4508 nos
1554 4448 1820 4506 mendacii

256 4547 534 4611 nebulam,
586 4546 730 4603 sicut
774 4546 859 4602 sol
914 4546 1017 4604 iste
1062 4545 1296 4602 visibilis
1333 4544 1502 4601 vincit
1544 4543 1819 4610 nebulam,

254 4640 477 4712 quando
510 4640 679 4696 radiis
699 4640 817 4697 suis
855 4640 1144 4711 perfringit
1188 4654 1252 4695 ac
1301 4638 1532 4710 dissipat
1557 4652 1699 4694 eatn.
1735 4634 1827 4691 Sic

256 4733 462 4788 Iactum
495 4740 578 4788 est
627 4732 681 4787 in
727 4729 915 4788 David.
947 4732 1072 4787 Fuit
1096 4731 1241 4788 enim
1280 4729 1424 4787 Deus
1467 4729 1637 4786 David
1682 4730 1824 4785 bona

257 4825 582 4897 promittens
623 4826 784 4896 quasi
827 4825 911 4880 sol
951 4826 1168 4891 oriens,
1204 4822 1370 4893 cujus
1415 4822 1586 4879 radiis
1618 4829 1830 4894 poterat

251 4919 653 4992 jucundissime
675 4920 804 4987 l'rui,
832 4920 879 4977 si
903 4919 1106 4975 nullius
1127 4917 1336 4990 peccati
1365 4916 1564 4974 nebula
1592 4917 1829 4974 interve-

254 5012 450 5080 nisset,
492 5027 615 5083 quae
660 5012 792 5068 illud
842 5010 1174 5082 promissum
1216 5009 1501 5066 videbatur
1541 5010 1826 5081 impedire,

252 5118 369 5177 quo
390 5104 598 5161 dictum
622 5114 776 5161 erat:
808 5102 884 5158 De
906 5103 1083 5174 [ructu
1116 5104 1310 5158 ventris
1343 5103 1425 5158 tui
1452 5119 1642 5173 ponam
1671 5118 1829 5173 saper

255 5202 431 5253 sedem
473 5205 619 5251 tuam
674 5195 850 5268 (Psal.
878 5197 1094 5269 (ωαψς
1134 5207 1189 5252 ct
1226 5197 1355 5252 alibi
1387 5215 1400 5252 ε
1436 5194 1626 5252 laram·
1659 5196 1828 5253 David

255 5304 405 5343 servo
427 5305 560 5354 mco,
583 5305 745 5359 usque
773 5290 830 5343 in
851 5298 1106 5344 αισι-1111111
1132 5287 1442 5359 praeparabo
1464 5287 1639 5345 sedem
1659 5299 1826 5357 taam,

264 5390 317 5439 et
346 5380 621 5451 «edificabo
667 5383 724 5435 in
760 5382 1142 5452 qenerationem
1166 5390 1218 5436 et
1245 5381 1629 5453 generationem
1656 5380 1830 5436 sedem

258 5482 413 5529 snam
460 5472 614 5543 (ibid.
668 5475 953 5543 cxxxviii).
1009 5471 1401 5530 interveniente
1445 5487 1575 5529 vero
1620 5475 1829 5545 peccati

261 5565 461 5623 nebula
519 5566 797 5637 splendida
844 5565 1053 5623 veracis
1099 5565 1196 5623 Dei
1246 5565 1541 5638 promissio
1572 5567 1831 5640 impedita

273 5659 494 5727 fnisset,
521 5658 625 5716 nisi
652 5659 796 5731 quod
823 5657 993 5715 Deum
1020 5658 1202 5715 decuit
1229 5658 1305 5716 ita
1328 5660 1385 5716 111
1413 5659 1532 5717 suis
1560 5661 1829 5718 sermoni-

261 5752 369 5812 bus
390 5752 702 5823 justificari,
722 5763 908 5810 utnon
932 5761 1115 5822 posset
1142 5767 1240 5824 per
1265 5753 1609 5812 mendacium
1633 5770 1828 5829 super·

1910 1871 2055 1928 diem
2081 1871 2466 1938 clarissimam,
2505 1871 2821 1941 splendenti!
2869 1875 2917 1923 in
2961 1875 3218 1927 omnihus
3254 1875 3486 1927 111111111ιί-

1911 1965 2018 2021 11115
2045 1963 2244 2019 divinae
2272 1963 2528 2035 imaginis
2552 1975 2601 2019 01
2637 1967 3013 2019 z-itnilitullinis
3033 1967 3302 2019 claritate.
3334 1963 3490 2019 Nunc„

1914 2065 2098 2113 31110111
2141 2057 2270 2128 quia
2316 2057 2524 2127 peccati
2557 2059 2833 2119 rwlffllum,
2877 2067 3042 2111 tumui
3078 2067 3274 2111 [rtrum
3310 2067 3490 2127 legem

1914 2155 2021 2204 tem
2071 2146 2404 2216 soliuslitiae
2430 2145 2511 2202 Sic
2537 2151 2905 2211 abominatur,
2957 2159 3013 2203 ul·-
3058 2147 3202 2215 jusit:
3246 2147 3490 2203 videatur

1914 2239 2259 2312 splendorem
2309 2254 2470 2296 suum
2505 2239 2701 2296 dehere
2765 2243 3070 2307 detrahere,
3122 2243 3382 2311 1111111113111
3438 2243 3490 2295 in

1915 2331 2152 2402 speculis
2201 2335 2565 2387 bumanorum
2601 2335 2869 2395 1011110111,
2921 2335 3074 2387 wluin
3130 2335 3490 2395 hanelantium,

1916 2439 2026 2478 non
2063 2431 2276 2495 poterat
2326 2422 2581 2494 imaginis
2619 2437 2734 2478 suae
2788 2422 3202 2478 similitudinem
3254 2422 3496 2479 formare

1919 2517 2022 2573 nisi
2057 2516 2310 2588 primitus
2334 2515 2548 2573 detersa
2566 2515 2745 2584 sorde,
2777 2531 2898 2587 quae
2923 2523 3071 2572 tanta
3099 2526 3182 2572 est
3222 2524 3282 2572 ut
3316 2515 3496 2571 videa·

1919 2617 2010 2665 tur
2055 2609 2390 2681 diligentiam
2441 2609 2772 2680 detergentis
2826 2623 2986 2679 posse
3020 2623 3304 2679 superare,
3346 2616 3495 2663 recte

1917 2700 2053 2758 dicit
2099 2709 2355 2772 peccator
2405 2709 2460 2757 et
2501 2700 2773 2772 poenitens
2810 2700 2975 2756 1101110
3009 2717 3024 2754 1
3055 2697 3314 2754 Misciere
3359 2699 3492 2765 mei,

1921 2792 2085 2861 Deus,
2136 2791 2468 2865 detergendo
2511 2789 2704 2847 sordes
2758 2806 2930 2847 meas.
2997 2789 3211 2858 Quibus
3259 2790 3495 2845 detersis

1919 2886 2046 2942 llam
2073 2901 2244 2957 capax
2292 2893 2397 2941 tuae
2430 2882 2803 2942 similitudinis
2832 2903 2845 2939 ε
2875 2892 2931 2940 et
2981 2883 3063 2940 sic
3097 2891 3153 2938 tu
3175 2882 3493 2953 justificeris

1921 2976 1978 3031 in
2017 2974 2343 3032 sermonibus
2394 2977 2521 3044 tuis,
2559 2975 2762 3048 quibus
2807 2973 2993 3031 dixisti
3028 2989 3042 3028 :
3079 2971 3372 3029 Faciamus
3395 2973 3492 3028 110-

1922 3068 2114 3123 minem
2142 3068 2211 3121 ad
2237 3067 2519 3139 imaginem
2549 3076 2600 3121 et
2632 3064 3037 3121 similitudinem
3062 3076 3334 3131 nostram;
3371 3074 3425 3120 et
3447 3064 3496 3122 si

1922 3169 2142 3232 peccata
2192 3161 2247 3215 in
2277 3175 2366 3216 me
2395 3167 2693 3230 operantur
2741 3160 2821 3215 tui
2854 3158 3379 3228 dissimilitudinem,
3435 3167 3496 3214 tu

1922 3253 2202 3324 operando
2233 3253 2650 3309 similitudinem
2678 3254 2834 3309 vince
2867 3262 3217 3324 peccatorum
3243 3267 3495 3309 meorum

1860 3397 1875 3426 ,ἶ
1921 3354 1978 3401 ει
2009 3344 2438 3418 magnitudinem
2484 3353 2541 3401 et
2590 3344 3016 3402 multitudinem.
3069 3343 3238 3401 Vince
3272 3355 3496 3417 peccata

243 3438 399 3494 nitur
420 3445 516 3493 aut
540 3437 872 3504 bonoratur,
928 3436 1008 3491 sic
1054 3442 1108 3490 et
1130 3435 1249 3504 ipsa
1289 3433 1507 3500 veritas,
1536 3446 1659 3503 quae
1678 3430 1820 3487 Dens

241 3542 353 3601 est,
377 3548 505 3589 cum
532 3547 643 3587 non
671 3531 1035 3603 diiudicatur,
1065 3545 1204 3600 opus
1230 3528 1470 3585 victoriae
1494 3542 1603 3583 non
1628 3542 1821 3598 opera-
1868 3521 1874 3525 ’

1922 3453 2045 3495 11103
2074 3440 2219 3496 sicut
2257 3439 2430 3495 vincit
2457 3453 2550 3494 rex
2585 3447 2899 3511 tyrannum.
2936 3438 3103 3495 Vince
3137 3438 3283 3495 sicut
3326 3438 3500 3493 vincit

1924 3532 2007 3589 sol
2026 3531 2351 3589 densitatem
2381 3531 2722 3587 nebularum.
2750 3529 2920 3588 Vince
2944 3531 3088 3589 sicut
3117 3531 3364 3588 medicus
3390 3529 3500 3587 101·-
3569 3522 3572 3526 ’

1924 3625 2156 3682 titudine
2184 3625 2605 3681 medicinarum.
2649 3624 2816 3681 Vince
2843 3625 2988 3682 sicut
3030 3625 3203 3682 vincit
3238 3625 3497 3697 spissitu-

1923 3717 2105 3772 dinem
2130 3716 2397 3781 sordium,
2433 3714 2529 3786 qui
2560 3714 2748 3770 crebra
2779 3714 3016 3771 tersione
3042 3714 3111 3771 de
3134 3716 3359 3771 materia
3388 3714 3498 3771 101·-

1925 3810 2185 3880 ruginosa
2241 3807 2372 3863 facit
2411 3805 2714 3877 speculum.
2781 3805 2971 3874 Vince,
3035 3823 3160 3863 cum
3209 3806 3494 3878 judicaria.

1925 3900 2197 3969 Quoniam
2227 3910 2284 3957 tu
2324 3898 2447 3956 talis
2488 3897 2633 3954 Deus
2681 3913 2712 3953 a
2758 3914 2847 3954 me
2890 3898 3211 3968 dijudicaris
3250 3913 3391 3964 esse,
3438 3906 3499 3953 ut

1927 3993 2047 4061 tibi,
2083 4009 2208 4049 cum
2252 3990 2513 4057 volueriS,
2554 3988 2696 4045 adsit
2740 3996 2852 4043 tam
2910 3988 3257 4059 omnipotens
3311 4004 3494 4059 posse,

1926 4084 2074 4156 quod
2110 4083 2254 4139 vinci
2302 4097 2411 4138 non
2465 4080 2642 4152 possit
2689 4090 3001 4137 nostrorum
3048 4090 3398 4152 peccatorum
3442 4089 3500 4135 et

1928 4178 2296 4249 magnitudine
2316 4185 2371 4233 ει
2399 4176 2763 4242 multitudine,
2788 4176 2919 4249 quin
2948 4176 3162 4231 tandem
3194 4174 3496 4229 constituas

1871 4319 1878 4349 Ξ
1927 4270 2177 4327 homines
2193 4284 2385 4325 omnes
2409 4269 2610 4326 electos
2629 4270 2684 4324 in
2701 4267 3071 4339 tnaeimaginis
3093 4265 3494 4332 conlormitate,

251 4378 364 4435 qne
388 4363 674 4418 veritatem
702 4377 805 4419 nos
844 4361 1261 4442 redarguentem
1305 4358 1597 4431 diligendo,
1622 4366 1682 4413 ut
1702 4356 1824 4412 vin·
1866 4363 1877 4385 ²

1927 4362 2068 4417 sicut
2095 4361 2451 4432 proposuisti,
2473 4378 2597 4418 cum
2627 4362 2886 4419 dicebas:
2917 4358 3207 4415 Faciamus
3233 4359 3497 4415 hominem

1928 4456 1998 4511 ad
2024 4456 2305 4528 imaqinem
2326 4455 2800 4529 etffimililudinem
2836 4465 3096 4510 nicenam.
3135 4452 3330 4512 Amen.

2402 4568 2737 4628 EPISTOLA
2775 4568 3013 4622 :tt-tvm.

1930 4664 2077 4720 Idem
2099 4666 2169 4721 ad
2191 4664 2449 4736 quasdam
2479 4664 2925 4722 sanctimoniales„
2961 4662 3093 4730 forst*
3118 4662 3497 4718 Arlsnnnlrnm

1997 4740 2060 4792 de
2104 4737 2228 4807 fidei
2264 4736 2445 4791 robore
2467 4770 2476 4778 ·
2499 4751 2563 4790 ac
2615 4738 2845 4805 parituli·
2893 4742 3126 4802 &reliqna
3182 4733 3497 4786 centurionis

1997 4808 2301 4881 evavtqelici.

1997 4922 2351 4981 charissimis
2374 4922 2430 4978 in
2457 4921 2680 4979 Christo
2709 4922 3013 4987 sororibus,
3041 4918 3134 4975 Fr.
3166 4918 3498 4987 0.,110111111

1929 5017 2225 5073 orationes.

1995 5108 2306 5179 Aliquando
2333 5107 2491 5164 vobis
2538 5107 2765 5179 loquens
2797 5119 2849 5162 131
2891 5107 3138 5163 scribens
3190 5103 3414 5159 sni-ninii
3446 5111 3500 5156 et

1930 5200 2174 5272 suggessi
2197 5200 2375 5268 vobis,
2409 5210 2673 5272 quantum
2701 5199 2845 5255 Deus
2873 5203 3126 5267 dignatus
3158 5207 3238 5251 051
3272 5207 3462 5263 praesta
3486 5221 3500 5234 ο

1928 5309 2010 5361 re,
2035 5293 2199 5349 verba
2225 5301 2281 5349 et
2303 5308 2524 5350 sensum
2548 5293 2873 5361 orationum,
2907 5307 3041 5362 quas
3069 5291 3134 5343 ad
3178 5291 3342 5339 111-,11111
3374 5287 3501 5339 mit-

1930 5386 2118 5443 teretis
2167 5395 2428 5458 tanquam
2459 5370 2744 5444 incensum
2792 5383 3105 5442 suavissimi
3139 5380 3347 5438 odoris.
3390 5377 3499 5436 Sed

1930 5491 2118 5549 postea
2149 5480 2343 5537 nolens
2376 5495 2476 5537 vos
2525 5494 2649 5535 csse
2678 5477 2892 5551 pusillae
2915 5477 3061 5544 lldei,
3088 5473 3347 5548 qnoniam
3390 5490 3496 5546 pu-

1884 5614 1894 5618 ,
1931 5569 2125 5626 ε111113ε
2151 5570 2275 5627 111101
2321 5571 2553 5627 multum
2578 5570 2798 5627 obsistit
2841 5568 3106 5626 orationis
3135 5565 3495 5629 exauditioni,

1930 5666 2071 5736 coepi
2108 5664 2346 5720 donante
2371 5663 2480 5721 Deo
2502 5678 2602 5721 vos
2628 5663 2695 5719 ad
2716 5677 2969 5735 magnam
2992 5660 3154 5718 fidem
3176 5657 3496 5726 informare,

1931 5756 2020 5814 cui
2051 5770 2233 5833 omne,
2261 5754 2409 5830 quod
2450 5763 2597 5814 recte
2638 5763 2881 5831 optatur,
2912 5762 2999 5816 est
3032 5769 3219 5814 coram
3249 5750 3360 5834 Deo
3393 5752 3498 5810 1111·
