3817 6000
101 229 170 289 litu
411 227 688 286 cormuntdntdtt
711 227 745 281 tx
762 227 930 286 usatites.
951 265 986 274 ›-
1005 236 1098 292 PARS
1113 234 1157 291 l‘l.
1175 264 1211 278 -·
1228 236 1326 293 usit.
1349 238 1417 294 th.
1657 240 1728 297 triu

103 343 195 399 dixit:
214 361 223 395 r
239 341 290 410 Qui
309 342 447 413 inprimis
463 342 629 414 percusserit
645 339 810 402 leliusmum,
835 341 1016 411 erudires,
1034 355 1058 400 et
1078 349 1209 417 percussit
1225 346 1310 401 Edem
1322 349 1349 401 iu
1360 348 1428 403 nolle
1449 348 1604 405 Solinorrrm
1627 351 1746 425 duom-p

101 437 238 508 princeps.
263 433 305 490 ttr-
318 434 442 491 ascendit
462 436 568 505 primus
589 433 669 494 inab.
692 443 718 488 et
741 433 830 489 laetus
846 442 889 487 cst
940 438 991 490 cim
1013 438 1109 494 millio.
1132 438 1245 510 Propter
1264 441 1317 496 lroc
1332 441 1370 495 ait
1384 460 1389 495 :
1404 442 1645 509 coarmatoiumur,
1664 444 1748 515 quia⁴

101 531 229 602 princeps
252 528 279 600 (l
291 527 386 583 Porci.
403 543 442 592 rr,
456 527 494 597 6).
515 547 524 580 r
543 527 590 582 llel
604 527 689 597 quod,
714 543 777 582 curn
796 526 888 580 renis·
940 541 1121 600 susceperuut
1136 531 1287 587 doctrinam
1306 532 1378 603 ejus,
1403 534 1467 603 qrria
1482 534 1551 590 liene
1566 535 1682 591 rireudn
1702 544 1730 592 et

103 630 164 675 seut
177 620 212 674 dc
222 617 292 674 luda
307 618 340 673 ad
355 617 452 684 Dauid,
468 620 559 673 timuit
571 634 618 675 eos
633 617 730 673 David.
746 637 755 668 r
772 615 890 686 Spiritus
939 622 1009 676 bene
1028 622 1165 693 loquendo
1180 622 1268 679 educti
1283 633 1347 680 suut
1371 624 1523 681 imitatores
1537 627 1606 695 eius.
1624 625 1656 683 lit
1678 628 1730 684 lroc

103 721 193 768 autern
208 712 295 768 induit
308 710 401 768 Abisai
417 709 650 767 iratrcmioabet
665 711 755 767 dixit:
770 710 821 765 Tui
844 725 891 765 su·
941 729 995 768 non
1013 730 1027 766 a
1046 729 1085 780 se,
1100 714 1173 769 seda
1193 713 1258 779 Deo,
1285 716 1331 786 qui
1347 717 1480 771 succendit
1495 733 1544 774 eos
1565 720 1651 774 suncti
1669 717 1731 792 Spi-

102 817 176 868 mus,
190 817 207 857 o
220 801 319 866 David:
335 817 386 871 par
401 802 448 857 tihi
466 801 543 872 (inid.
560 817 609 867 an,
628 801 672 871 18)
689 820 696 855 :
716 820 725 853 r
741 800 890 855 dttenden·
942 806 1013 860 ritus
1026 806 1088 876 igne
1102 806 1227 862 iaciendo
1238 823 1286 863 eos
1303 808 1520 878 Mesopotamiam
1537 808 1633 883 Sprio’,
1647 812 1674 868 id
1688 822 1728 870 est

104 896 168 953 dum
182 905 225 951 cst
238 895 321 951 etiam
337 896 410 966 quod
423 895 450 950 in
465 895 620 964 supradicta
636 904 726 965 strage
749 893 891 966 Syriarum
941 899 1066 953 rorando
1097 908 1124 954 et
1154 900 1285 956 elevando
1314 902 1341 957 in
1373 903 1499 957 sublime.
1534 902 1729 974 Mesopotamia

104 987 171 1043 nilril
184 1004 247 1045 eum
262 986 378 1059 legimus
398 987 585 1044 succendisse.
603 984 681 1043 Unde
695 987 767 1043 sicut
788 988 814 1042 in
830 987 891 1042 aliis
942 989 1043 1059 quippe
1067 989 1166 1045 eierato
1183 993 1295 1059 roratio,
1311 991 1387 1065 Syria
1402 994 1552 1049 sulrlr'mites
1569 995 1731 1065 interpreta-

103 1081 171 1137 locis
191 1081 227 1135 ita
244 1080 289 1137 lric
303 1095 413 1151 quoque
429 1094 477 1149 pro
500 1079 699 1151 significatione
724 1080 758 1135 ab
777 1079 891 1136 historia
943 1090 998 1136 tur.
1015 1080 1072 1136 lloc
1091 1080 1153 1137 lecit
1168 1084 1218 1147 eis,
1235 1099 1297 1139 cum
1316 1084 1392 1154 prius
1414 1085 1515 1142 loru-int
1537 1084 1616 1157 Sprio
1638 1086 1730 1155 Sobel,

103 1178 206 1235 recedit
221 1179 316 1235 dicens
331 1198 337 1232 :
353 1176 498 1241 succendit,
511 1186 538 1231 et
556 1176 678 1247 psalmus
701 1176 753 1233 istc
769 1177 853 1232 mittit
865 1179 893 1232 in
944 1173 971 1228 id
985 1184 1026 1229 cst
1039 1174 1193 1231 sublimitas
1207 1191 1283 1232 ranae
1302 1179 1455 1234 uetustatis.
1470 1177 1503 1233 stt
1526 1179 1662 1245 corruertit,
1687 1178 1731 1233 irr-

103 1271 182 1340 finem
204 1268 343 1325 Christum
366 1284 450 1337 agens
465 1283 515 1339 pro
537 1268 591 1332 iris,
607 1267 634 1322 id
655 1276 697 1323 est
709 1268 742 1324 ad
759 1269 892 1324 honorem
943 1265 1014 1335 quit,
1026 1264 1106 1320 doci.
1128 1264 1196 1322 toan
1210 1267 1402 1338 interpretatur
1413 1270 1547 1335 irrirniras,
1569 1272 1642 1342 quod
1657 1270 1733 1327 rides

104 1362 214 1424 huram,
230 1362 275 1433 qui
286 1362 518 1416 comarutaiantur
531 1362 564 1417 de
577 1361 660 1417 reteri
673 1361 729 1416 rita
742 1362 769 1416 in
780 1377 891 1428 noram,
943 1357 1007 1412 llcet
1033 1373 1083 1413 nos
1102 1373 1199 1414 omnes
1214 1356 1318 1413 luimus
1340 1378 1346 1412 ε
1372 1359 1418 1414 sed
1441 1361 1566 1415 corrrcrsi
1589 1376 1685 1417 sumus
1703 1361 1730 1416 in

103 1455 131 1509 in
144 1453 216 1508 tituli
226 1455 398 1523 inscriptione
411 1455 479 1511 lacta
495 1456 545 1523 ipsi
561 1453 657 1522 Dorici,
673 1454 752 1512 idest
766 1465 892 1526 suscepta
944 1450 1059 1517 dmiffls,
1073 1451 1137 1522 ‘1⁰5³
1151 1465 1200 1521 per
1217 1448 1358 1505 Chilslfflss
1379 1451 1547 1507 idc⁰ssci¹l³ss
1572 1468 1678 1509 8⁰¹1]ssss-
1696 1450 1731 1507 Et

104 1546 156 1602 ude
171 1546 246 1618 regni
262 1544 374 1612 curisti,
386 1547 894 1619 aequaturusritotomsrrperposutt
942 1543 1085 1614 percussit,
1106 1543 1155 1606 sit.
1179 1541 1265 1597 Edem
1285 1544 1312 1598 in
1336 1543 1404 1598 cette
1419 1542 1575 1599 Salinarum
1594 1546 1732 1601 duodecim

103 1638 177 1693 cruci
191 1656 198 1703 ;
212 1638 252 1692 rel
267 1647 310 1692 est
324 1637 392 1692 ordo
412 1657 418 1693 :
435 1639 667 1692 commutabantur
689 1654 743 1694 non
763 1639 825 1705 sibi,
844 1640 892 1695 sed
944 1634 1278 1707 miliiu.Edomouor1uc,
1303 1636 1386 1692 idest
1412 1638 1512 1693 terreni
1535 1650 1561 1693 et
1584 1640 1733 1709 saugrrino·

102 1731 154 1800 ipsi
174 1729 270 1793 uasta,
286 1738 316 1785 ut
329 1729 353 1785 ei
379 1730 472 1785 ritant
492 1731 583 1785 eundo
607 1733 635 1784 iu
656 1731 817 1798 doctrinam,
837 1748 890 1802 qua
907 1704 929 1759 B
945 1728 1011 1783 lenti
1029 1745 1080 1785 uos
1095 1726 1214 1795 luimus3
1230 1728 1276 1785 sed
1292 1729 1419 1798 percussit
1438 1744 1488 1785 nos
1501 1730 1527 1783 in
1543 1730 1610 1784 uelle
1624 1729 1732 1785 Saline-

103 1821 172 1878 dirit
195 1832 202 1875 τ’
228 1822 378 1890 «Regnum
406 1838 497 1878 uncum
523 1839 578 1877 uon
603 1834 645 1879 est
667 1823 700 1879 dc
724 1823 776 1880 lroc
790 1824 894 1880 mundo
944 1837 1002 1875 rum
1026 1818 1218 1876 mortificando
1243 1835 1294 1876 nus
1315 1820 1389 1875 uitiis
1413 1836 1460 1890 per
1482 1821 1629 1891 ancipitem
1657 1825 1731 1878 rcrlri

104 1914 194 1985 (lours.
212 1931 289 1980 arnt,
304 1916 360 1977 att.
384 1937 394 1968 r
943 1921 987 1976 sui
1001 1920 1121 1991 gladium
1138 1920 1165 1975 in
1181 1919 1336 1976 humilitate
1351 1927 1378 1974 et
1399 1919 1574 1974 condimento
1590 1920 1730 1983 uirtutum,

139 2007 220 2064 Facta
237 2019 279 2065 est
293 2019 385 2065 autem
403 2010 460 2065 lrac
485 2010 650 2074 immutatio,
666 2027 729 2067 cum
752 2011 894 2068 succendit
943 2025 1094 2081 sumusque
1107 2009 1186 2081 quasi
1209 2024 1324 2065 numero
1345 2009 1483 2063 duodecim
1498 2007 1594 2073 odilia,
1611 2010 1657 2079 qni
1682 2027 1732 2063 nu-

104 2099 323 2172 liesopotomiom
350 2100 437 2171 Spric
456 2112 509 2158 etc.
540 2102 734 2173 Mesopotamia
759 2105 892 2176 interprr·
943 2118 1037 2159 merus
1050 2117 1098 2173 per
1113 2112 1204 2173 partes
1223 2101 1381 2174 septenarii,
1397 2100 1424 2157 id
1440 2112 1482 2158 est
1502 2103 1553 2156 tria
1567 2112 1594 2156 rt
1615 2113 1733 2173 spiratum

103 2201 177 2249 tatur
196 2192 297 2248 cleonte
315 2195 432 2261 socessor
456 2192 537 2251 Suria
562 2194 697 2261 trudlinda
719 2194 801 2252 Sobel
825 2212 894 2252 reno
944 2198 1083 2270 impletur.
1100 2198 1153 2254 Ter
1175 2200 1249 2255 enim
1273 2206 1403 2269 quatuor,
1421 2198 1463 2253 uel
1489 2208 1585 2268 quater
1599 2200 1651 2253 tria
1670 2209 1734 2254 sunt

103 2283 324 2351 oeconomicon
343 2285 895 2349 mimicusrlidomterrenus.ilisomni·
944 2290 1099 2347 duodecim.
1126 2290 1202 2346 Dona
1226 2291 1327 2361 quippe
1355 2289 1522 2360 septiformis
1543 2290 1660 2360 Spiritus
1683 2292 1734 2346 ira·

103 2376 157 2433 ltus
172 2377 363 2449 signillcantur
380 2378 443 2434 clati
458 2379 493 2434 alr
510 2378 653 2435 altitudine
668 2380 808 2449 vanitatis,
823 2398 894 2454 quos
944 2384 1039 2441 benus
1052 2399 1101 2455 per
1114 2393 1234 2455 quatuor
1247 2382 1342 2438 mundi
1358 2392 1449 2453 partes
1463 2384 1542 2438 tidem
1557 2393 1658 2439 sanctae
1670 2383 1734 2438 Tri-

103 2469 231 2526 Christus
244 2471 306 2543 igne
316 2471 470 2539 charitatis,
486 2488 567 2543 quern
585 2473 612 2526 in
629 2482 730 2528 terram
746 2476 820 2530 uenit
832 2478 896 2532 mit·
945 2475 1040 2533 nitatis
1052 2476 1215 2533 conlitemur
1232 2484 1259 2531 et
1276 2474 1467 2546 predicamus.
1482 2475 1514 2529 lit
1523 2472 1612 2546 primo
1625 2475 1734 2546 quidem

105 2571 170 2628 tere,
187 2562 380 2630 succenditur
406 2573 561 2620 noventur:
586 2564 668 2620 etsie
683 2567 818 2623 conuertit
843 2569 895 2624 ini·
945 2568 1063 2627 adventu
1085 2567 1227 2625 credentes
1241 2568 1383 2625 succendit
1402 2569 1464 2640 igne
1478 2568 1673 2639 poeniteotiali;
1689 2583 1734 2623 se-

104 2655 216 2724 nticum,
233 2656 275 2711 vrl
290 2655 317 2711 ia
332 2657 425 2730 lugani
439 2657 597 2723 diabolum,
610 2656 652 2712 nel
671 2658 705 2714 ad
723 2659 803 2716 iidem
815 2662 895 2717 Cirri-
945 2662 1036 2720 eundo
1063 2672 1154 2719 autem
1175 2677 1239 2718 cunr
1263 2662 1385 2729 venerit,
1411 2662 1559 2718 succendet
1582 2660 1735 2719 incredulus

103 2748 233 2804 stiauum.
256 2748 391 2806 Percussit
408 2750 503 2818 Edem,
526 2752 552 2808 id
576 2762 618 2811 est
641 2763 773 2810 terrenum
784 2757 897 2823 occidit,
946 2755 1009 2827 igne
1022 2755 1121 2826 poenali
1138 2769 1210 2826 :pro
1233 2753 1339 2810 meliori
1355 2755 1475 2825 partein
1496 2756 1548 2810 lroc
1561 2755 1675 2827 ,psalmo
1693 2752 1735 2808 di·

104 2850 136 2897 ut
147 2842 249 2898 uiueret
263 2842 351 2900 lactus
365 2844 494 2902 ccelesiis.
512 2845 648 2905 Percussit
662 2860 751 2904 cirtem
762 2851 794 2905 de
808 2848 894 2905 lidom
945 2846 1035 2904 cintus
1057 2866 1064 2903 ε
1088 2846 1194 2902 Dedisti
1214 2847 1389 2902 metuentibus
1408 2857 1432 2902 te
1455 2847 1684 2919 sipiritieotiouem,
1705 2854 1735 2901 ut

103 2933 242 2989 duodecim
259 2934 359 3004 stillio,
386 2938 433 3009 qui
456 2947 499 2994 cst
521 2937 659 3011 perlectus
680 2956 822 3008 uumerus,
850 2939 894 2996 cui
946 2939 1053 3012 sapiunt
1070 2955 1085 2992 o
1100 2938 1170 3009 iocis
1184 2954 1274 3005 ersus,
1296 2946 1325 2992 ut
1348 2938 1491 2993 liberentur
1509 2939 1601 2993 dilecti
1611 2939 1660 3005 tui,
1679 2946 1734 2994 etc.

104 3025 250 3096 deputatur
270 3043 401 3086 nanterus
424 3032 623 3102 apostoloram,
648 3034 695 3104 qui
721 3035 754 3090 de
777 3044 932 3126 qtrntuorc
982 3031 1031 3088 llis
1044 3031 1079 3087 dc
1097 3046 1179 3087 sensu
1206 3032 1289 3088 totius
1309 3031 1407 3102 psalmi
1425 3032 1564 3088 succincte
1576 3032 1733 3104 praelibatis,

104 3117 199 3171 mundi
217 3118 343 3187 partibus
360 3121 468 3176 vocarit
488 3122 615 3180 lronriues
636 3125 669 3179 ad
691 3123 833 3182 Trinitatis
859 3125 892 3179 li·
945 3127 1072 3183 eumdem
1087 3124 1194 3181 larente
1208 3124 1262 3182 ileo
1273 3126 1381 3197 plenius
1395 3127 1563 3197 perspecturi
1578 3127 1612 3182 alr
1622 3126 1736 3183 exordio

105 3208 179 3264 deru.
194 3207 275 3265 liade
297 3226 347 3281 per
369 3214 443 3269 hunc
464 3230 609 3271 mimeram
629 3217 798 3289 significatur
820 3227 894 3273 totus
944 3216 1118 3286 incipiamus.

104 3303 226 3360 mundos
244 3319 402 3375 percussus.
420 3306 453 3361 ln
472 3308 540 3363 aelle
556 3307 721 3368 Salinarum.
740 3309 825 3366 Vallis
842 3313 893 3365 lru·
981 3306 1064 3365 Vens.
1078 3306 1406 3379 acascomarcos«
1420 3305 1737 3373 tosrosesmonnneor

106 3394 208 3451 militas
221 3395 320 3453 Salinae
331 3398 468 3469 sapientire
479 3416 569 3470 tepor.
595 3398 665 3472 Ergo
689 3401 810 3471 percussi
830 3410 895 3455 sunt
936 3409 1051 3455 rectum
1058 3398 1193 3468 judicium
1204 3398 1735 3455 tuumetomuesriaetuaemiserieordia

108 3485 136 3541 in
150 3486 220 3544 salle
248 3486 416 3553 Salinarum,
444 3490 491 3560 qui
508 3505 562 3545 nou
586 3506 656 3545 rane
680 3491 753 3560 passi
778 3500 842 3546 suut
856 3502 896 3557 ,ut
945 3491 1082 3548 etrcritas
1096 3490 1182 3564 (Psoi.
1195 3507 1270 3559 serr,
1286 3492 1336 3557 103
1355 3507 1450 3556 curru,
1463 3492 1564 3546 ista.»
1582 3488 1649 3545 Nam
1660 3490 1736 3560 iusto

105 3581 184 3638 multi
209 3598 260 3653 pro
291 3583 406 3639 terrenis
428 3583 561 3652 haretici,
577 3583 625 3640 sed
652 3599 701 3653 pro
717 3581 834 3641 Domino
849 3600 897 3641 sa·
944 3582 1049 3654 judicio
1062 3594 1110 3639 tuo
1124 3583 1246 3654 repulisti
1260 3597 1311 3639 nos
1324 3582 1415 3638 altilia
1428 3583 1534 3638 interna
1550 3583 1644 3652 requie
1657 3598 1737 3653 para·

107 3673 216 3747 picoto
232 3675 379 3732 lrunriliati.
946 3675 1010 3742 disi,
1034 3691 1116 3747 quam
1130 3677 1158 3732 in
1173 3677 1262 3747 primo
1277 3685 1389 3747 parente
1410 3676 1566 3741 habuimus,
1582 3685 1610 3731 et
1627 3676 1653 3729 in
1677 3675 1737 3745 ipso

143 3764 181 3822 lle
203 3765 247 3821 lris
262 3765 300 3821 ita
322 3768 498 3824 commutatis
515 3768 572 3840 agit
594 3767 742 3838 Proplreta,
759 3778 787 3825 ct
807 3771 898 3842 primo
947 3769 1118 3840 perdidimus
1141 3771 1266 3841 erigente
1284 3767 1562 3841 pretermissas
1581 3768 1738 3824 destruxisti

108 3860 191 3916 reiert
204 3862 394 3931 percussiones
409 3861 495 3917 lactas
512 3877 562 3932 pro
583 3862 702 3918 vitandis
716 3863 805 3933 preuis
818 3873 897 3920 aetcr-
948 3877 995 3916 nos
1008 3860 1253 3918 inlcrcndomortis
1262 3861 1433 3928 sententiam,
1446 3877 1500 3931 qua
1510 3860 1602 3917 dixisti
1613 3879 1620 3915 ι
1632 3881 1641 3910 c
1652 3858 1736 3916 Terra

108 3953 161 4010 nis.
189 3954 316 4009 Secundo
333 3955 521 4011 liberationem
543 3965 680 4027 precatur,
705 3965 733 4011 et
754 3955 898 4014 conlirmat
947 3969 989 4021 es,
1015 3963 1042 4010 et
1065 3955 1093 4010 in
1119 3963 1221 4011 terram
1243 3954 1297 4012 itis
1311 3954 1387 4026 (Gen.
1405 3971 1446 4018 nt,
1462 3956 1518 4025 id).
1541 3953 1632 4010 sltem
1649 3973 1683 4009 :c
1706 3952 1736 4008 ln

108 4047 142 4102 ad
168 4049 323 4106 tolerandas
344 4053 551 4120 persecutiones
570 4051 768 4108 intercessione
790 4050 898 4107 conlor·
949 4046 1052 4104 sudore
1065 4047 1158 4105 uultus
1173 4048 1214 4103 tui
1229 4047 1347 4104 vesceris
1360 4062 1430 4118 pane
1444 4056 1502 4103 tuo.
1523 4046 1592 4102 Cam
1608 4055 1736 4118 operatus

109 4146 170 4193 tans
184 4139 242 4194 ilii:
261 4139 295 4195 Ut
307 4141 451 4196 liberentur
470 4142 561 4198 dilecti
572 4144 622 4198 tui.
644 4142 701 4199 liae
712 4142 795 4216 igitur
808 4151 899 4214 strage
949 4138 1035 4195 lucris
1050 4146 1162 4204 terram,
1179 4153 1233 4193 non
1255 4138 1330 4194 dabit
1346 4136 1451 4195 irrretus
1469 4153 1545 4203 suos,
1564 4138 1610 4194 sed
1633 4137 1729 4208 spinas

110 4229 171 4300 igue
192 4232 346 4299 charitatis,
370 4244 397 4289 et
420 4234 510 4306 glarlio
531 4234 612 4292 Verbi
638 4236 685 4292 uei
712 4246 832 4308 peracta,
845 4238 898 4309 ipsi
948 4238 976 4285 ei
999 4228 1114 4286 tribulos
1128 4229 1291 4303 terminabit
1312 4229 1360 4284 lilii
1376 4229 1465 4301 (idid,
1479 4230 1533 4299 Ι8)·
1553 4250 1563 4283 r
1580 4229 1685 4297 0¹11de
1707 4230 1736 4284 ld

109 4325 270 4380 commutati
297 4325 323 4380 irr
341 4326 439 4383 melius
459 4326 550 4383 dicent
572 4346 579 4384 r
598 4326 680 4395 Drus,
696 4329 818 4399 repulisti
840 4346 893 4387 noa
948 4323 1039 4381 verbis
1057 4325 1143 4379 iratus
1154 4340 1192 4392 ss,
1207 4333 1231 4379 et
1243 4326 1367 4379 misertus
1380 4340 1407 4378 es
1420 4324 1517 4407 nobis,⁸
1529 4325 1614 4378 iratus
1625 4340 1651 4378 es
1670 4337 1735 4394 pru·

109 4411 198 4470 Finita
229 4418 318 4485 prima
350 4417 479 4488 periocha
510 4420 624 4476 secundi
649 4421 897 4493 quinquagenarii,
914 4454 935 4508 D
950 4423 1010 4485 pter
1025 4423 1184 4487 moratum,
1199 4414 1734 4485 sedmiserturosproptertemetsspsum.

109 4507 157 4579 qui
174 4507 208 4563 ad
220 4524 308 4577 spem,
324 4509 397 4564 sicut
410 4524 492 4580 supra
505 4509 635 4577 diximus,
651 4510 777 4577 aedificat,
792 4511 897 4582 psalmo
951 4506 1042 4562 lrotus
1053 4524 1079 4563 es
1095 4515 1206 4578 propter
1219 4517 1341 4562 nostram
1357 4507 1535 4578 impietatem,
1551 4505 1598 4562 sed
1613 4505 1735 4561 ruirertut

110 4596 164 4653 isto
185 4598 290 4653 reditur
308 4599 340 4655 ad
362 4600 419 4670 spei
433 4615 583 4667 summam,
602 4617 664 4657 cum
681 4601 801 4659 dicitur:
818 4600 897 4669 Deus,
948 4620 976 4657 es
999 4609 1109 4672 propter
1133 4608 1207 4655 tuam
1228 4598 1388 4655 bonitatem.
1405 4599 1482 4655 Sicut
1495 4598 1631 4668 irascitur
1654 4598 1736 4654 simul

110 4687 232 4758 repulisti
256 4707 313 4758 nor,
336 4693 420 4746 iratus
441 4708 480 4760 ss,
498 4702 523 4746 et
548 4694 670 4748 misertus
690 4709 717 4748 es
737 4692 821 4747 nolis.
842 4691 899 4750 lloc
948 4704 977 4750 et
991 4694 1136 4749 miseretur
1149 4691 1273 4748 medicus
1290 4701 1402 4763 egroto,
1432 4692 1550 4748 secando
1570 4702 1597 4748 et
1611 4692 1735 4748 sanando

110 4780 183 4836 enirn
208 4780 325 4839 dicimus
353 4784 504 4840 secundum
528 4786 728 4855 prospicientes
751 4785 898 4840 adventurn
951 4785 1062 4840 uulnera
1079 4785 1150 4855 ejas,
1165 4794 1193 4840 et
1215 4782 1286 4841 sieut
1307 4784 1435 4840 irascitur
1453 4793 1480 4838 et
1497 4784 1640 4840 miseretur
1660 4793 1737 4853 pater

110 4873 296 4944 Christique
320 4892 416 4933 sumus
433 4877 459 4932 in
484 4878 714 4932 inmortalitatem
740 4887 821 4949 atquc
844 4877 899 4933 irn-
951 4876 1019 4941 lilio,
1033 4876 1204 4932 rerlrcrando
1232 4885 1260 4931 et
1284 4874 1484 4946 disciplinando
1507 4875 1620 4945 ipsum:
1642 4873 1683 4930 sie
1705 4883 1736 4929 tu

111 4965 319 5036 passibilitatem
340 4968 538 5034 commutandi,
552 4968 630 5038 jutta
644 4970 717 5024 lrunc
730 4971 841 5026 modurn
864 4970 900 5025 ti·
951 4969 1024 5025 licus
1040 4971 1136 5035 iratus,
1152 4979 1177 5028 tt
1198 4970 1321 5023 misertus
1342 4985 1369 5023 cs
1391 4967 1475 5022 nolis.
1500 4965 1605 5020 Etenim
1630 4964 1653 5020 si
1675 4976 1738 5035 post

112 5058 161 5112 tuli
175 5076 182 5112 ι
197 5057 231 5112 lrr
249 5058 452 5129 limmiswiler,
470 5061 514 5133 qui
535 5060 767 5116 conrmutuiuruur
786 5061 900 5116 intituli
950 5071 1092 5134 peccatum
1106 5076 1159 5117 non
1176 5060 1323 5118 luissernus
1345 5058 1501 5131 prolrilritia
1519 5057 1593 5127 liguo
1606 5057 1667 5111 vitae
1680 5055 1738 5112 iru-

111 5151 283 5221 inscriptione
304 5151 354 5221 ipsi
381 5150 488 5207 Daord:
499 5170 547 5224 pro
566 5152 618 5220 iiis,
640 5153 743 5224 inquit,
764 5153 813 5224 qui
836 5162 901 5209 sunt
950 5162 1051 5224 cunque
1064 5152 1138 5208 illius
1153 5151 1437 5225 gustaturireremus
1461 5147 1488 5201 in
1511 5154 1641 5201 eternum
1667 5146 1738 5202 sicut

111 5243 300 5299 commutandi
325 5244 353 5297 in
381 5244 470 5311 prtem,
494 5244 521 5300 id
548 5253 590 5300 est
615 5244 644 5300 in
667 5243 899 5301 immortalitatem
951 5243 1050 5315 augeli,
1074 5243 1239 5300 essetnolris
1260 5255 1336 5311 reque
1352 5247 1382 5293 ut
1398 5234 1738 5307 arigelispeecantilrusae·

111 5342 196 5405 atque
214 5335 241 5390 in
266 5334 513 5405 impassibilitatem
540 5345 650 5407 propter
675 5347 830 5407 susceptam
855 5336 899 5390 in·
952 5336 1066 5391 manitas
1078 5336 1177 5391 misera
1190 5344 1217 5390 et
1229 5331 1340 5388 miseria
1351 5337 1461 5385 aeterua.
1476 5326 1554 5382 Nune
1566 5336 1657 5382 autent
1672 5326 1737 5398 quia

112 5429 290 5500 scriptionem
307 5427 379 5483 tituli
392 5443 464 5499 supe
482 5431 557 5497 dieti,
580 5446 642 5501 quae
663 5429 807 5500 inscriptio
829 5428 900 5486 lacta
950 5430 1023 5500 juste
1037 5428 1181 5484 irascendo
1194 5435 1222 5480 et
1235 5426 1279 5495 pie
1300 5420 1456 5478 miserendo
1473 5418 1595 5490 repulisti
1613 5435 1660 5473 nos
1673 5434 1689 5473 a
1703 5417 1737 5473 li-

112 5519 164 5578 luit
176 5521 226 5590 ipsi
239 5520 338 5578 Dauid.
951 5537 1006 5592 gno
1024 5521 1096 5586 vitu,
1113 5534 1146 5576 ne
1163 5517 1226 5574 inde
1248 5514 1382 5571 sumendo
1395 5512 1549 5569 rireremus
1563 5512 1590 5567 iu
1605 5520 1737 5568 arternum

150 5612 279 5684 Sequitur
302 5612 414 5669 ndlruc:
442 5611 474 5666 ln
496 5613 656 5681 doctrinam,
685 5631 745 5669 crim
768 5613 901 5668 succendit
951 5622 1015 5684 post
1036 5611 1187 5667 admissum
1207 5603 1522 5678 peccatum,sicutririt
1544 5601 1737 5674 prreraricutut·

116 5706 334 5777 Mesopotamiam
348 5704 444 5777 Spriu,
458 5716 483 5761 ct
495 5706 607 5777 ,Suriam
627 5706 718 5778 Soloi
732 5716 758 5763 ct
775 5706 901 5762 corrrurtit
953 5704 1065 5778 angelus
1079 5703 1138 5776 qui,
1156 5701 1220 5758 licet
1232 5699 1311 5756 lralrct
1323 5699 1430 5771 plagam
1444 5695 1537 5770 gladii,
1555 5705 1645 5754 umen
1657 5692 1737 5762 virtu
