3817 6000
157 149 229 210 leot
633 137 785 199 uennottt
803 135 999 197 PRAEPOSlTl
1019 134 1294 194 uetenenseete.
1725 133 1808 192 lm

157 258 262 331 lapides
269 255 375 317 babens
402 253 431 312 in
447 268 512 327 pera
522 269 584 320 sua,
592 252 627 310 de
634 267 690 309 troo
701 261 864 310 tentatorem
878 260 950 309 stra·
964 256 986 313 Α
1002 249 1051 305 tibi
1065 248 1121 306 beo
1133 248 1198 305 lorti
1219 248 1293 316 rino,
1306 262 1389 320 mem
1403 249 1432 304 iu
1445 249 1499 306 boe
1511 247 1621 321 psalmo
1632 245 1707 314 sitio,
1734 246 1809 305 dieo

156 349 605 422 nit,quoniamouinquesensus
624 346 817 403 incarnesua
833 345 951 399 mundos
1002 341 1139 399 assidue:
1164 340 1367 397 Fiatroluntas
1384 348 1430 397 tua
1460 340 1534 397 sieut
1560 340 1589 396 in
1616 338 1699 405 coelo,
1727 338 1807 393 etta

158 443 193 499 ab
208 442 283 499 omni
295 440 408 497 libidine
425 440 530 495 babens
543 437 627 494 rerba
648 436 760 509 quidem
784 435 885 492 diaboli
901 450 952 491 au·
1003 444 1086 492 terra.
1100 435 1190 502 Quare
1200 450 1262 507 erno
1274 434 1361 490 tristis
1374 449 1413 500 er,
1424 434 1515 487 anima
1527 448 1594 497 ntea,
1607 440 1632 485 et
1641 447 1726 502 quere
1740 444 1809 485 en»

164 536 225 591 ditu
244 532 362 604 simplici
378 531 514 602 percepit,
540 529 588 587 sed
609 528 702 585 verbis
723 528 784 600 eius
798 525 952 599 deceptoris
1003 530 1095 586 torius
1106 545 1158 597 me,
1171 529 1237 586 dum
1256 526 1337 600 quasi
1349 527 1500 597 desperans
1513 534 1539 580 te
1553 539 1636 595 posse
1648 523 1808 580 ascendere

158 626 242 682 verba
263 623 387 679 ueritatis
413 619 564 693 respondit,
592 620 675 677 etsie
697 634 780 675 verus
791 616 875 674 David
891 633 952 672 ma·
1003 631 1066 694 post
1084 637 1128 679 nne
1140 623 1175 678 eol
1191 619 1457 678 condelectationem
1470 618 1538 689 legis
1554 616 1614 683 bei,
1626 616 1670 671 vis
1683 632 1730 671 me
1745 625 1755 669 t
1771 630 1809 669 a·

160 732 245 789 gnum
260 715 367 772 Goliam
381 713 488 769 stravit.
500 712 571 780 Quid
587 711 660 767 enim
684 717 782 767 contra
794 708 877 765 istum
896 707 952 763 vir·
1004 712 1069 768 here
1084 711 1119 768 ad
1145 711 1239 767 intima
1253 718 1317 783 post
1335 716 1374 776 te,
1402 717 1434 765 ut
1450 708 1589 780 montedo
1602 716 1630 763 tu
1653 706 1808 763 delectaris

160 807 233 878 ginis
248 805 347 861 Filium
363 804 473 859 virtutis
488 803 601 859 baberet
611 802 656 857 ille
670 799 817 873 malignus,
833 799 879 871 oui
892 814 953 853 mn·
1004 803 1031 859 in
1051 804 1134 861 rebus
1144 802 1312 871 visibilibus,
1335 802 1374 858 ita
1384 815 1435 872 ego
1445 800 1560 871 spiritus
1570 798 1689 856 delecter
1705 799 1734 852 ln
1753 812 1808 855 ea-

160 897 253 954 lierem
267 896 384 967 primam
405 893 432 948 in
448 899 575 963 serpente
588 892 744 962 deceperat,
771 904 854 960 ornam
867 902 951 959 pomo
1004 911 1065 951 rum
1079 894 1256 968 imaginibus,
1267 909 1330 950 meo
1341 893 1436 950 sensui
1449 892 1594 948 occultem
1609 889 1807 962 ingerentibus

158 991 244 1046 retito
258 996 409 1044 monstrato
420 984 530 1042 ridendi
544 991 572 1039 et
590 983 719 1056 gustandi
744 982 859 1039 libidine
878 974 952 1036 lule·
1005 987 1092 1043 unulto
1103 986 1298 1058 importunius,
1314 1000 1397 1057 quam
1409 984 1529 1041 visibilia
1545 982 1604 1055 ipsa
1620 998 1649 1038 se
1675 982 1808 1053 ingerant

160 1082 254 1140 cetat?
290 1080 362 1137 Vidit
378 1080 463 1146 enim,
480 1077 519 1133 ait
541 1076 693 1148 Scriptum,
720 1075 816 1130 multer
839 1074 952 1146 liquam,
1005 1080 1130 1150 quinque
1147 1079 1274 1135 sensibus
1290 1077 1367 1133 tuis?
1391 1076 1480 1143 Quare
1507 1091 1556 1147 per
1572 1075 1640 1131 tales
1653 1074 1806 1145 imagines,

159 1176 231 1249 qnod
250 1185 316 1231 esset
330 1172 472 1244 potitiorum
490 1170 558 1238 uisu,
574 1176 734 1240 aspectuque
743 1164 909 1232 delectabile,
927 1174 953 1220 et
1005 1171 1125 1227 maxime
1135 1171 1163 1226 ln
1176 1170 1300 1227 oratione
1310 1168 1453 1224 contortae
1468 1170 1533 1223 nne?
1550 1168 1698 1238 Antenore
1713 1166 1807 1222 tristis

160 1265 362 1324 aduescentem
376 1261 545 1334 suouelden.
569 1276 612 1328 m,
634 1260 672 1330 6).
689 1258 736 1314 Sic
755 1257 954 1315 delectabiliter
1003 1279 1030 1318 es
1039 1263 1119 1333 quasi
1129 1262 1404 1334 desperansteposse
1412 1260 1560 1318 ascendere
1570 1268 1634 1331 post
1643 1259 1704 1315 mel
1715 1256 1807 1330 Spera

159 1357 267 1423 videns,
281 1355 411 1421 audiens,
426 1361 553 1425 gristans,
579 1350 714 1406 olfaciens
725 1358 752 1404 et
769 1356 883 1419 tangetis
897 1345 955 1401 lrn·
1003 1355 1032 1409 ln
1049 1355 1115 1412 lton,

160 1459 236 1505 etum
255 1447 321 1519 ligni
335 1445 412 1501 vetiti
438 1460 471 1500 ex
501 1451 559 1500 toto
583 1449 713 1514 eorrttpta
738 1449 766 1497 et
788 1438 953 1496 conturbata
1040 1446 1174 1513 Qnontom
1186 1447 1274 1503 nonno
1301 1446 1446 1517 confitetor
1463 1445 1534 1501 llll:
1560 1444 1684 1501 onerare
1710 1443 1808 1500 celtu

160 1556 209 1598 seu
238 1538 401 1598 constristata
424 1544 477 1603 est,
503 1535 662 1607 pariterque
683 1534 773 1588 virum
799 1531 951 1601 eorrumpi,
1003 1543 1055 1597 mn
1077 1551 1102 1597 en
1114 1540 1185 1596 pm
1196 1558 1281 1597 mele,
1311 1539 1371 1597 lam
1384 1539 1528 1610 confitebor
1550 1553 1613 1594 enm
1627 1537 1807 1593 sonnonem

160 1631 319 1688 conturbari
348 1640 376 1687 et
390 1628 548 1686 contristari
564 1626 639 1695 lecit,
655 1627 743 1682 utillc
764 1625 868 1696 pariter
887 1638 952 1680 eum
968 1609 989 1664 B
1005 1652 1110 1704 menon,
1130 1635 1196 1706 qnia
1218 1649 1266 1705 spe
1282 1634 1377 1692 solens
1392 1632 1482 1690 laetos
1499 1647 1561 1688 snm
1592 1646 1643 1703 ego
1671 1630 1807 1702 spiritus,

159 1724 206 1780 ¹¹¹⁸
223 1723 387 1781 leniendam
403 1720 500 1778 mimis
519 1721 666 1792 0¹⁰¹l0i⁰b
682 1734 744 1790 ‹1¹¹ae
764 1717 799 1773 id
825 1727 953 1790 posteros
1002 1729 1059 1801 jam
1075 1743 1108 1784 ex
1130 1735 1207 1797 parte
1221 1726 1249 1781 in
1261 1725 1437 1782 resalvatus.
1465 1724 1564 1780 Adbuc
1584 1729 1672 1778 restat
1686 1721 1728 1777 illi
1750 1722 1805 1776 de-

160 1833 259 1875 m·
277 1815 435 1873 'fllffiffl
452 1810 771 1886 wltfflfifflssissiffllis
794 1817 951 1880 ⁰⁰¹¹0fli³¹082
1005 1817 1197 1876 truoeouiteri
1222 1817 1306 1874 etiam
1333 1830 1384 1887 pru
1403 1823 1450 1872 tua
1466 1814 1630 1881 salvatione,
1663 1827 1682 1868 o
1706 1812 1808 1867 anima

159 1922 188 1968 et
203 1911 232 1966 in
247 1909 346 1966 ‹lelm
367 1907 641 1981 guitum
659 1904 830 1962 Νι-
849 1902 880 1959 iu
899 1902 957 1959 isan
1005 1924 1208 1982 emptoque
1220 1925 1278 1966 nou
1294 1909 1368 1976 dieo,
1381 1907 1511 1980 quiajam
1525 1907 1670 1973 confiteor,
1690 1904 1742 1963 sed
1759 1905 1808 1958 ad·

161 2005 228 2063 Cere
246 2006 352 2068 habuit,
366 2004 442 2077 quia,
459 2002 511 2060 etsi
524 2001 652 2074 spiritum
667 2008 694 2056 et
707 1997 827 2054 nltimam
841 2003 869 2053 et
892 2010 956 2052 eur·
1005 2000 1223 2072 iueoenfitebnr,
1235 2000 1305 2074 epla
1318 1998 1621 2065 tusculanum,
1640 1998 1749 2069 dequo
1761 1997 1807 2052 lo·

160 2115 213 2172 pus
227 2098 472 2154 nattrraelrumauae
486 2093 679 2166 assumpserit,
693 2091 791 2148 vitiosa
807 2100 899 2156 tannen
924 2088 955 2142 li·
1005 2108 1086 2168 quon,
1102 2093 1228 2151 videlieet
1252 2093 1330 2150 enlns
1344 2091 1447 2149 nni-
1467 2105 1540 2147 ..
1559 2104 1624 2147 e.
1636 2103 1724 2146 me
1750 2087 1806 2145 ellel

162 2191 228 2250 bido
243 2192 367 2263 quinque
379 2204 513 2247 sensuum
524 2188 606 2260 longe
620 2186 655 2243 ab
671 2185 718 2242 illo
730 2182 791 2239 luit.
808 2182 879 2252 Quid
888 2195 953 2253 ergo
1005 2190 1172 2248 oonaerenne,
1184 2187 1252 2257 Qoae
1262 2188 1355 2255 soloe,
1370 2187 1436 2243 nom
1457 2185 1592 2257 completa
1602 2183 1700 2250 loni,
1722 2183 1810 2255 μ

160 2284 307 2357 llf⁰s¹⁰⁰fet
328 2282 356 2339 5¹¹
374 2282 422 2338 ‘¹¹¹⁰
437 2281 551 2353 Sillim-⁶>
574 2277 712 2349 millibus
737 2274 867 2333 lenwssd‘l
891 2272 967 2331 ⁸5¹¹ss-
1005 2284 1086 2341 laude
1102 2281 1249 2351 confitebor
1266 2280 1322 2348 illi,
1347 2277 1422 2348 oum
1436 2277 1549 2350 ipseest
1570 2276 1691 2332 salutare
1712 2274 1807 2330 uultu

161 2392 214 2435 suu
231 2376 428 2442 instrumento,
440 2373 500 2430 sine
511 2370 624 2428 libidine
635 2370 741 2426 scilieet
754 2368 877 2447 quinque
895 2382 956 2422 scn-
1006 2375 1058 2430 ,ηιξ
1083 2372 1175 2429 londo
1196 2371 1313 2428 salntem
1337 2368 1457 2442 plenem,
1484 2382 1546 2440 qnnae
1570 2381 1626 2422 nou
1639 2365 1694 2423 erit
1706 2380 1744 2422 eo
1757 2366 1806 2421 ab·

160 2483 254 2534 sunm,
275 2482 325 2537 per
349 2479 433 2536 quam
447 2463 532 2520 veluti
560 2476 610 2533 per
635 2469 789 2531 serpentem
818 2457 953 2515 lubricum
1007 2475 1094 2531 sente,
1106 2480 1139 2520 no
1154 2479 1202 2535 pen
1214 2462 1356 2534 speculum
1371 2471 1399 2519 ee
1413 2462 1442 2518 tn
1455 2461 1765 2532 aenlgmeeegppmne
1776 2458 1805 2515 e.

161 2557 307 2628 decimi
328 2554 447 2627 primam
474 2551 618 2608 mulierem
647 2550 824 2621 primumque
838 2548 955 2603 ilium?
1007 2556 1187 2614 tabernaculo
1198 2555 1252 2613 isto
1271 2554 1438 2620 admirabili,
1451 2552 1500 2610 scd
1514 2567 1549 2609 eo
1561 2557 1699 2624 preesente
1711 2559 1742 2607 et
1761 2547 1806 2607 la·

160 2648 264 2720 Nempe
288 2648 315 2703 in
334 2648 386 2703 iste
413 2644 563 2703 tentatione
578 2643 693 2715 spiritus
708 2643 851 2699 rationulis
875 2640 955 2713 ottasi
1007 2650 1049 2707 oie
1071 2651 1105 2707 nd
1119 2649 1229 2717 sociem,
1244 2649 1322 2706 voltu
1337 2647 1372 2705 nd
1386 2647 1491 2704 uoltum
1515 2660 1546 2702 se
1559 2644 1744 2716 conspicuum
1759 2659 1806 2702 no·

160 2745 214 2812 vir,
230 2741 395 2800 sensualitas
421 2739 521 2796 anime
545 2737 769 2809 quiniquepartita
795 2735 874 2807 onesi
898 2750 957 2789 mu·
1007 2740 1051 2797 bis
1065 2741 1213 2797 exhibente
1227 2758 1234 2795 :
1250 2740 1331 2796 nobis
1354 2738 1426 2805 dieo,
1439 2739 1467 2796 id
1480 2748 1524 2796 est
1546 2738 1616 2794 mibi
1630 2737 1760 2810 spiritui,
1774 2745 1802 2792 et

163 2840 214 2896 lier
228 2839 286 2895 viru
301 2835 411 2895 subdita
423 2835 452 2891 in
464 2847 548 2890 earne
561 2830 743 2888 mundissima
755 2829 868 2885 velutin
883 2839 955 2883 terra
1007 2832 1116 2898 nnlnnae,
1140 2840 1168 2889 et
1181 2832 1269 2889 enom.
1288 2831 1359 2888 cnm
1386 2831 1440 2887 noe
1462 2829 1555 2898 luerit,
1579 2838 1645 2885 tone
1657 2828 1805 2897 confitetor

163 2930 336 3005 paradisiaca
359 2926 423 2982 lull·
451 2923 506 2981 Sed
530 2937 644 2995 sellem
661 2920 759 2987 deluit,
787 2919 852 2991 ‘luia
871 2918 990 3010 libidoc
1007 2925 1066 2981 illi:
1078 2925 1199 2980 solutore
1215 2923 1304 2980 nultus
1324 2923 1386 2991 anei,
1415 2932 1440 2979 et
1462 2922 1532 2979 Deua
1548 2938 1633 2988 oreas,
1648 2920 1714 2992 quia
1740 2928 1807 2975 tune

163 3023 282 3081 earnalis
298 3023 326 3077 ln
341 3034 425 3076 corne
441 3018 515 3074 illine
529 3030 584 3072 non
610 3014 671 3070 linit.
703 3012 738 3070 Ut
752 3027 818 3085 ergo
841 3026 954 3084 serpetr-
1006 3016 1260 3089 nultusejusvultui
1269 3031 1331 3072 mco
1338 3014 1529 3088 quasimundo
1536 3013 1648 3085 speculo
1655 3011 1807 3084 insignitus

163 3127 218 3171 tem
229 3120 354 3169 nostrum
369 3108 536 3166 interficeret
551 3122 601 3178 lter
612 3120 722 3162 erucem
744 3103 772 3159 5¹¹
796 3119 879 3160 celle
894 3118 955 3171 θυι,
1008 3111 1060 3168 erit
1067 3109 1134 3165 mibi
1148 3106 1389 3176 saluteris,dundo
1398 3106 1485 3162 uultui
1496 3121 1558 3161 meo
1568 3105 1686 3162 salutent
1694 3104 1805 3175 menam

161 3212 241 3260 nctus
253 3203 338 3260 homo
352 3209 447 3260 noster
458 3200 542 3258 simul
553 3213 616 3256 eum
634 3197 682 3253 illo
696 3195 846 3253 erueilixns
862 3204 915 3260 est,
930 3203 958 3251 et
1008 3204 1038 3259 ln
1050 3201 1133 3258 donno
1145 3199 1193 3257 bei
1210 3208 1332 3256 ennon:
1349 3198 1423 3270 qood
1443 3198 1471 3253 in
1485 3197 1663 3253 tabernaculo
1679 3194 1806 3266 peregri·

163 3297 210 3352 ille
226 3297 302 3353 reiut
325 3309 439 3366 serpens
453 3308 546 3350 aeneus
574 3291 610 3347 ab
624 3289 701 3345 omni
714 3302 820 3344 venenu
835 3286 958 3345 libidinis
1008 3293 1100 3350 nentis
1111 3291 1241 3349 Ecclesiae
1254 3306 1309 3346 noo
1322 3290 1504 3361 complebitur
1518 3289 1546 3345 in
1559 3304 1599 3356 re,
1619 3287 1651 3344 lit
1663 3297 1760 3344 umen
1777 3289 1806 3342 in

163 3387 271 3443 alienus
299 3386 327 3442 in
340 3386 419 3456 ligno·
433 3396 594 3454 suspensus,
607 3379 737 3437 nunninus
752 3379 797 3449 pia
812 3379 865 3435 lide
880 3379 957 3435 illum
1010 3386 1119 3458 spirito.
1146 3384 1211 3440 luen
1238 3400 1315 3454 spere
1341 3384 1369 3437 in
1384 3381 1451 3448 Deo,
1471 3383 1563 3438 anima
1578 3396 1650 3448 mea,
1675 3395 1759 3451 spera
1777 3389 1807 3434 ct

164 3477 364 3550 aspicientibus
375 3486 403 3532 et
416 3475 444 3532 in
460 3476 520 3547 ipso
545 3471 732 3546 sperantibus,
758 3470 804 3528 dat
816 3472 959 3528 medicinae
1009 3478 1146 3550 sperando
1169 3477 1274 3534 semiim
1292 3476 1374 3532 modo
1389 3475 1418 3532 in
1433 3473 1622 3542 tabernaculo,
1652 3472 1728 3545 quod
1744 3488 1804 3526 me·

165 3569 296 3640 solutmis
315 3567 454 3626 ellectum.
1009 3578 1052 3628 tas
1068 3578 1096 3626 et
1108 3568 1238 3625 eomedas
1249 3567 1278 3624 in
1294 3567 1387 3634 domo,
1404 3565 1613 3637 presentialiter
1625 3565 1695 3621 laeic
1714 3563 1750 3620 ad
1762 3564 1803 3619 ia·

200 3657 280 3717 llum
294 3660 389 3731 aspexi
407 3673 459 3733 ego
478 3657 623 3716 rationalis
636 3658 751 3731 spiritus
768 3656 904 3716 eredendo
930 3656 958 3712 in
1010 3663 1079 3719 ciem
1105 3669 1264 3733 apparente,
1290 3659 1367 3714 uultu
1384 3657 1417 3713 ad
1432 3658 1537 3713 nultum
1552 3656 1690 3713 arridente
1704 3653 1802 3711 Salm-

165 3765 241 3819 eum,
265 3757 292 3806 et
312 3749 444 3806 liberatus
457 3762 519 3804 eum
532 3764 581 3821 per
594 3763 658 3806 eum
677 3748 821 3821 partimin
839 3763 878 3814 re,
895 3762 961 3817 par·
1010 3762 1069 3809 tore
1083 3766 1144 3807 meo
1165 3759 1193 3806 et
1204 3760 1264 3817 tuo,
1281 3749 1397 3822 depulsa
1414 3749 1535 3818 tristitia,
1549 3748 1577 3805 in
1592 3762 1646 3820 qua
1657 3753 1805 3802 nunetur-

165 3841 217 3900 tint
231 3841 259 3899 iu
276 3856 336 3914 spe,
352 3842 390 3898 ita
405 3851 436 3897 ut
463 3842 639 3899 condelecter
659 3841 714 3918 legi
730 3839 780 3897 Dei
797 3839 960 3896 liberatusa
1010 3845 1085 3902 baris
1112 3850 1140 3901 ct
1162 3843 1250 3900 tristis
1272 3858 1303 3900 es
1326 3842 1419 3898 anima
1446 3857 1517 3898 mea.
1550 3839 1627 3897 lune
1642 3838 1805 3911 implebitur

166 3934 347 3993 delectatione
359 3936 475 4007 peceati,
491 3944 644 3993 etaversus
665 3935 700 3991 ab
717 3933 793 3991 omui
813 3932 959 3988 mertilera
1010 3935 1083 4006 quod
1093 3933 1228 4006 ipsedicit
1242 3953 1249 3990 ι
1265 3933 1352 4001 ilenti,
1364 3934 1410 4006 orci
1421 3949 1490 3988 nnnc
1504 3933 1594 4003 detis,
1615 3933 1662 4003 qni
1681 3931 1803 3986 mittitis

166 4028 309 4087 voluntate
321 4028 573 4101 peccandi,doleus
594 4030 753 4099 depeccato
768 4027 916 4099 preterito,
932 4034 961 4081 et
1011 4028 1094 4100 (Luc.
1108 4045 1147 4097 m,
1162 4028 1220 4100 21).
1234 4026 1329 4100 ltaque
1341 4026 1445 4085 tristari
1457 4027 1567 4098 anidcm
1591 4037 1618 4081 te
1643 4025 1802 4098 dissuadeo.

167 4120 286 4178 libenter
300 4121 444 4179 earensde
457 4120 560 4179 luturo.
577 4121 636 4177 Erit
653 4128 745 4176 autem
760 4118 881 4192 perlecta
891 4116 960 4172 milti
1011 4121 1132 4178 seldene
1143 4121 1276 4190 concedo,
1287 4122 1353 4177 dnm
1365 4118 1543 4178 diciturmilti
1554 4128 1582 4174 et
1595 4116 1644 4173 tibi
1656 4118 1802 4189 quotidie:

168 4211 281 4269 libellas
291 4226 307 4267 ι
318 4220 441 4283 lectam.
466 4210 700 4268 consummabit
714 4224 759 4266 ¹¹¹0
779 4224 863 4281 ¹08⁰ss
875 4207 960 4277 justi·
1011 4213 1062 4271 Ubi
1079 4223 1120 4271 est
1136 4211 1209 4269 Deus
1223 4213 1306 4270 tuus?
1321 4212 1443 4269 Tristitia
1464 4225 1582 4283 namque
1597 4219 1644 4266 tua
1658 4224 1703 4265 me
1727 4209 1804 4264 une·

167 4302 223 4371 blae,
232 4303 305 4375 quod
319 4318 370 4359 0ῐο
380 4301 628 4361 diuenstrldoeuiut
645 4318 753 4375 repetunt
765 4309 840 4356 hilm
849 4298 958 4372 (flabili.
976 4302 998 4358 D
1012 4310 1086 4379 fecit,
1102 4308 1150 4366 sed
1161 4308 1240 4365 fletus
1252 4317 1316 4366 [uus
1345 4307 1497 4381 aliqublless
1521 4306 1628 4379 quales
1641 4321 1686 4362 me
1697 4305 1802 4372 lebedi,

168 4410 209 4461 n,
227 4394 283 4463 ¹⁰)-
309 4393 417 4465 utnon
433 4403 460 4451 te
474 4395 684 4466 normannum
698 4393 841 4449 mulierem
858 4406 959 4458 nean,
1012 4397 1077 4469 nuta
1089 4397 1195 4469 lunum
1216 4399 1283 4454 noto
1299 4398 1427 4471 taernnoe
1440 4413 1506 4454 noe
1528 4397 1571 4455 vet
1588 4407 1642 4454 tue
1655 4413 1736 4468 nana
1761 4397 1803 4451 en

168 4494 196 4544 et
206 4499 317 4543 earnem
338 4483 419 4556 quasi
443 4496 545 4541 terram
563 4483 591 4541 in
605 4484 693 4556 spinis
711 4492 739 4541 et
759 4483 868 4541 tribulis
880 4481 961 4541 doleo
1014 4507 1046 4545 oc
1059 4501 1150 4559 tenete,
1166 4490 1229 4546 nnn
1244 4491 1343 4546 dicitur
1359 4490 1426 4546 mibi
1451 4491 1568 4563 qnotidie
1583 4505 1593 4544 .·
1608 4487 1659 4545 dot
1673 4497 1713 4544 est
1733 4488 1802 4544 besu

169 4591 232 4635 esse
244 4576 297 4634 sub
316 4577 462 4635 maledieto
479 4593 528 4650 per
549 4586 704 4649 serpentem
729 4577 816 4646 illato,
840 4576 961 4650 adjungo
1016 4583 1100 4637 tuns?
1119 4580 1201 4637 Plora
1215 4596 1292 4654 ergo,
1317 4582 1366 4639 sed
1393 4583 1498 4654 absque
1514 4581 1637 4638 mordaci
1662 4589 1691 4638 et
1710 4581 1802 4638 saeeuli

169 4684 204 4725 ex
219 4668 343 4726 doctrina
354 4668 421 4726 Cere
434 4671 461 4725 in
472 4670 645 4741 quotidiana,
656 4678 684 4727 et
692 4668 804 4727 assidua
814 4670 939 4727 oratione
952 4689 960 4726 r
1012 4672 1096 4744 hujus
1106 4673 1217 4731 tristitia
1232 4684 1350 4731 mortem
1363 4683 1507 4745 operante,
1533 4684 1616 4746 atque
1630 4674 1801 4745 desperatio·

170 4759 236 4818 Fiet
255 4759 376 4817 uoluntas
393 4770 440 4816 tue
462 4763 532 4817 sient
553 4763 582 4818 in
596 4762 671 4830 coelo,
684 4772 711 4817 et
728 4763 757 4817 in
776 4771 847 4818 terre
871 4762 960 4836 (idid).
1012 4780 1075 4822 nem
1088 4765 1187 4824 salutis
1198 4775 1355 4839 generante.
1367 4765 1459 4835 Plora,
1487 4766 1577 4823 sedin
1592 4782 1641 4838 spe
1655 4766 1801 4838 garrdeudi,

170 4852 230 4911 llue
241 4859 333 4910 autem
343 4852 405 4909 dieo
413 4854 588 4909 veliementer
607 4854 688 4924 quasi
708 4868 807 4911 eernus
821 4855 854 4910 ad
871 4854 962 4911 lenus
1013 4855 1124 4927 quando
1136 4855 1280 4927 apparebit
1299 4853 1377 4924 Gore,
1399 4856 1499 4927 quiesi
1512 4855 1803 4922 solutorerultrrtmci,

171 4959 309 5021 aquarum
322 4944 479 5002 sitibundus
502 4943 673 5013 desiderans,
698 4953 728 5001 ut
749 4946 889 5018 quomodo
910 4962 962 5020 eno
1013 4956 1037 5002 et
1050 4947 1120 5003 Deus
1133 4965 1218 5005 meus.
1230 4947 1271 5004 Ex
1283 4963 1317 5020 eo
1343 4948 1417 5004 enirn
1432 4948 1505 5019 qrtod
1519 4947 1625 5002 ruitum
1644 4948 1800 5007 menmri·

170 5040 285 5113 spiritus
303 5037 467 5096 liberatusa
487 5046 601 5110 peccato
626 5054 778 5109 servusque
802 5037 892 5095 lactus
907 5038 962 5096 lieo
1012 5038 1111 5096 delicet
1124 5038 1241 5096 lormam
1265 5038 1336 5097 serni
1360 5039 1477 5112 accepit,
1504 5038 1621 5095 salutem
1644 5037 1803 5094 rultuimeo

171 5131 346 5188 eontleleetor
371 5129 424 5203 legi
441 5128 491 5186 bet
515 5129 666 5187 seeundum
693 5130 809 5187 rationis
831 5131 961 5186 virtutem
1012 5132 1119 5201 tribuit,
1130 5140 1158 5187 et
1172 5131 1230 5204 ipse
1244 5140 1288 5188 est
1302 5131 1432 5200 amariore,
1447 5131 1488 5187 rel
1501 5130 1621 5186 salrator
1633 5129 1722 5186 odius
1736 5130 1801 5196 ιιάς

172 5222 333 5278 interiorem
352 5237 358 5275 :
377 5221 418 5277 sic
445 5220 527 5276 etiam
555 5228 584 5276 tu
611 5219 787 5288 sensualitas,
804 5228 831 5275 et
854 5228 883 5275 tu
897 5234 963 5276 caro
1013 5239 1091 5280 exeo
1106 5232 1197 5280 autem
1213 5224 1287 5295 quod
1310 5224 1368 5294 ipse
1386 5223 1457 5279 idem
1469 5232 1667 5280 ereaturmeus
1686 5222 1803 5292 inspira·

172 5326 244 5379 mea,
254 5309 406 5367 libererisa
421 5319 544 5382 peceato,
556 5321 585 5367 et
595 5312 718 5369 servieus
732 5312 788 5369 lieo
802 5314 904 5369 sentias
915 5328 964 5369 so-
1013 5319 1054 5372 rlt
1065 5314 1198 5373 inlaeiem
1214 5331 1303 5372 meam
1318 5316 1425 5372 uultum
1436 5330 1539 5382 meum,
1549 5314 1717 5386 spiraculum
1731 5314 1802 5378 rite,

173 5399 305 5456 luntatem
332 5400 453 5457 din-inam
479 5401 539 5459 lieri
566 5403 595 5459 in
620 5410 657 5468 te,
687 5402 760 5462 sicut
780 5419 831 5477 ego
849 5406 963 5477 spiritus
1014 5421 1112 5465 ereans
1135 5419 1181 5464 me
1205 5406 1233 5462 in
1252 5406 1341 5478 primo
1364 5416 1488 5479 parente,
1511 5405 1644 5462 confiteor
1664 5405 1738 5476 quod
1763 5415 1804 5461 est

173 5504 233 5545 earu
247 5493 336 5549 sentio
355 5492 415 5550 lieri
429 5493 526 5565 inme,
544 5495 691 5567 adimpleto
703 5497 841 5568 petitionis
853 5498 962 5568 ellectu,
1015 5499 1087 5556 bens
1099 5513 1187 5555 meus.

174 5594 257 5659 quern
271 5583 343 5642 sieut
361 5600 460 5644 cervus
488 5588 650 5647 desiderans
670 5590 705 5649 ed
724 5589 814 5648 lentes
828 5606 963 5664 aquatum
1049 5589 1133 5648 Vens.
1150 5590 1176 5645 l.
1194 5589 1365 5661 venemens,
1384 5593 1450 5665 qnia
1463 5592 1567 5651 meavit
1583 5606 1651 5648 nte:
1675 5589 1801 5649 Maure
