3817 6000
205 217 277 275 1315
684 210 837 271 GEllllOlll
854 211 1051 272 PRAEPOSlTl
1070 213 1346 272 uttctttsttsurttu.
1763 217 1834 276 istd

204 345 268 387 curn
282 329 397 386 dixisset
412 328 510 386 Petrus
523 326 657 384 Doruino:
671 329 739 384 luno
750 338 785 394 ta,
800 325 905 384 audlrit
927 343 995 385 eou-
1009 336 1031 391 Λ
1046 343 1120 384 rruuc
1130 329 1228 386 multis
1244 329 1333 388 dicit:
1352 327 1472 386 l'irilr'tcr
1485 331 1566 402 rpite,
1577 338 1602 386 et
1615 331 1838 404 confortatorem

204 431 366 494 sequenter:
382 418 466 475 Pasce
480 436 561 492 equor
575 436 645 474 meos
662 417 754 490 (locri.
769 435 826 484 xxr,
842 419 897 489 lli).
916 417 994 473 Sicut
1044 427 1171 486 oestrum,
1191 435 1279 474 omnes
1290 421 1335 491 qai
1349 421 1462 491 rporalir
1474 420 1502 476 iu
1514 420 1640 488 Domino,
1662 432 1745 492 atque
1760 421 1788 475 iu
1801 436 1835 478 eu

203 530 269 586 ergo
286 511 384 569 Petrus
395 510 541 568 Dominum
553 509 669 568 lidcliter
682 509 786 578 dilexit,
799 517 826 566 ct
837 511 865 565 in
879 525 994 581 paseeu·
1044 509 1232 581 speeautatis:
1244 507 1279 564 ln
1290 521 1326 577 te,
1341 510 1470 579 Domine,
1485 513 1598 581 sperari,
1618 507 1671 566 aaa
1686 511 1837 582 confundar

204 603 248 661 dis
262 602 482 659 oribusririliter
493 601 558 674 egit,
576 602 616 659 sic
627 610 654 658 ct
673 616 723 657 rus
738 600 845 673 gemina
859 600 994 657 charitate
1044 601 1074 655 ia
1086 609 1225 668 aeternum,
1238 610 1291 658 etc.
1308 599 1354 658 Sir
1377 602 1441 658 linis
1464 603 1562 673 psalmi
1573 602 1836 673 coonemiturprin-

204 697 351 765 terrentes,
375 694 423 751 liei
444 694 569 752 videlicet
581 704 608 751 et
635 694 765 767 proximi,
793 692 883 764 ipsum
901 678 994 747 Dumi-
1043 690 1124 762 cipio,
1137 700 1167 746 ut
1181 690 1326 762 istaquasi
1351 691 1455 748 circula
1470 692 1498 748 iu
1521 692 1634 748 naribus
1653 693 1727 766 regis
1746 693 1836 749 saar

204 804 270 844 uum
283 803 317 845 ex
333 787 497 854 totocorde,
523 797 599 842 etex
615 796 670 843 tota
684 786 798 854 anima,
825 793 853 841 ct
877 799 910 840 cx
935 792 993 840 totu
1043 784 1132 854 posito
1143 782 1237 838 latuus
1255 783 1389 849 trahatur,
1405 795 1433 839 et
1459 793 1533 840 retro
1549 793 1646 856 captus
1666 784 1786 840 dueatur
1799 783 1834 840 alr

203 879 303 936 virtute
318 878 433 950 diligite,
449 885 532 950 atque
543 876 699 950 proximum
724 876 797 932 sicut
810 875 993 947 vosmetipsos
1043 887 1138 930 eurum
1157 873 1341 943 intestatione,
1357 877 1404 947 qui
1417 883 1528 947 sperant
1538 875 1701 944 lullomino,
1716 885 1748 933 et
1759 875 1836 950 pse!-

202 970 340 1043 diligendo
350 970 383 1025 ad
396 969 457 1041 eius
467 968 689 1036 edificationem,
709 967 824 1022 uiriliter
847 967 929 1038 cpite,
944 982 992 1022 ar·
1043 966 1104 1023 litut
1121 983 1183 1023 curu
1207 966 1329 1036 Christo,
1353 976 1381 1024 et
1403 966 1431 1024 in
1443 968 1565 1036 Christo,
1590 969 1712 1026 dicentes
1726 988 1735 1024 ε
1749 968 1785 1025 la
1797 980 1832 1038 te,

203 1063 320 1136 quenda,
334 1058 514 1128 obsecrando,
531 1059 697 1131 increpando
707 1073 825 1130 eumque
837 1058 863 1113 in
876 1059 933 1115 suis
944 1074 993 1114 ne·
1043 1055 1166 1125 llomirre,
1177 1059 1289 1128 sperari.
1298 1056 1382 1114 ltem:
1396 1056 1532 1114 laurarum
1542 1068 1613 1126 taaa,
1627 1057 1748 1128 Damius,
1761 1076 1834 1116 coar·

202 1152 377 1210 cessitatibus
404 1150 557 1223 adjurando
573 1167 622 1222 pro
637 1151 752 1218 viribus,
771 1159 799 1207 ct
825 1150 898 1206 ultra
920 1150 992 1208 uires
1042 1150 1137 1205 aurudo
1150 1151 1274 1221 spiritum
1286 1166 1382 1205 meum.
1396 1149 1485 1207 ltem:
1508 1148 1733 1208 illustralacr'rrn
1757 1162 1832 1208 trram

202 1244 332 1317 adjurare
353 1243 498 1315 cupiendo,
515 1253 597 1313 atque
614 1257 664 1314 pro
679 1239 767 1298 salute
789 1239 850 1313 ejus
876 1240 990 1297 orando.
1042 1257 1121 1312 saper
1134 1250 1401 1311 sementemque.

202 1336 283 1394 lnlris
294 1337 421 1393 omnibus
435 1351 469 1392 ac
483 1335 589 1392 ceteris
600 1333 730 1391 officiosis
756 1333 884 1406 negotiis,
911 1342 993 1404 prout
1078 1327 1172 1388 Gloria
1184 1330 1274 1400 Patri,
1289 1331 1466 1403 capraritias
1479 1332 1546 1390 dicit
1557 1333 1586 1390 in
1598 1333 1651 1390 hoc
1664 1334 1832 1405 psalmorlrr

203 1428 290 1497 loeus,
297 1437 403 1502 tempus
412 1435 439 1485 ct
445 1425 634 1500 opportunitas
646 1425 775 1493 admittit,
787 1424 900 1480 viriiiter
910 1424 991 1497 cpite,
1054 1437 1148 1478 manat
1159 1432 1232 1492 tuas,
1246 1423 1368 1494 dominc,
1383 1424 1536 1481 counucndo
1552 1425 1677 1497 spiritam
1686 1443 1785 1482 meam.

202 1529 227 1575 ct
247 1518 473 1593 interagendum
501 1520 525 1576 si
550 1527 700 1576 occurrunt
719 1516 830 1573 adversa
864 1514 991 1586 superius
1077 1514 1170 1572 Gloria
1185 1516 1269 1586 Filio,
1284 1517 1332 1590 qui
1357 1517 1410 1574 iruc
1427 1517 1494 1574 dicit
1506 1518 1630 1590 :quique
1654 1518 1831 1591 Redemptio·

202 1621 366 1684 memorata,
378 1611 416 1667 ita
428 1601 459 1666 ut
471 1608 589 1666 audiatis
600 1608 826 1681 vituperationem
841 1606 990 1662 multorum
1042 1625 1105 1666 nem
1119 1610 1194 1667 illam
1207 1608 1330 1682 perfecit,
1342 1610 1376 1667 de
1386 1623 1441 1682 qua
1452 1610 1520 1668 dicit
1533 1611 1655 1669 Ecclesia
1668 1629 1676 1666 τ
1687 1610 1833 1669 lledaaiati

201 1703 430 1762 commorantium
453 1703 482 1759 iu
498 1702 625 1769 circuitu,
638 1703 666 1756 ia
678 1718 719 1769 eo,
736 1701 801 1755 doru
824 1700 991 1755 conuenirent
1007 1683 1093 1767 lime,
1109 1701 1302 1758 dominentur
1315 1703 1444 1760 veritatis.

201 1795 282 1850 simul
293 1796 496 1864 adversaretur,
509 1794 537 1850 iu
553 1792 670 1850 Domino
683 1791 824 1860 confidite,
836 1800 861 1846 et
882 1791 990 1861 consor·
1078 1792 1171 1849 Gloria
1186 1793 1300 1865 Spiritui
1312 1804 1415 1864 sancto,
1424 1796 1471 1866 qui
1484 1804 1528 1852 est
1540 1794 1753 1865 illadilectio,et
1766 1812 1830 1852 sau·

202 1897 272 1942 retur
288 1903 334 1941 cor
348 1896 473 1953 uestram,
490 1885 633 1941 utbonum
644 1891 789 1956 operantes
803 1885 862 1939 siue
882 1880 987 1938 delectu
1042 1885 1134 1953 clitus,
1146 1885 1180 1940 dc
1205 1900 1258 1956 qua
1280 1885 1388 1948 dilectis
1401 1895 1429 1942 et
1449 1885 1552 1943 sanetis
1576 1886 1678 1943 dicitur
1695 1905 1703 1942 :
1718 1885 1830 1959 lliliqite

200 1987 324 2048 tempore
339 1992 389 2033 suo
402 1977 510 2032 ructatis
523 1993 611 2032 omres
629 1975 675 2048 qai
689 1974 801 2045 sperarit
817 1974 844 2028 iu
862 1972 988 2039 llouriuo,
1041 1974 1195 2042 Dominam,
1207 1991 1295 2030 omrter
1308 1977 1396 2031 aaarlr·
1405 1975 1461 2046 ejas
1473 1992 1483 2031 .·
1496 1976 1612 2033 ctetiam
1625 1977 1670 2032 illa
1682 1976 1828 2045 fortitude,

199 2083 231 2123 ea
243 2083 301 2137 spe,
316 2082 399 2138 quarn
411 2067 438 2122 in
450 2065 586 2138 principio
606 2065 705 2138 psalmi
720 2064 847 2131 audistis,
872 2063 919 2119 ubi
945 2061 989 2118 di·
1040 2065 1074 2122 de
1088 2082 1142 2138 qua
1159 2066 1260 2124 dicitur
1276 2064 1524 2137 rGoulortetarcor
1541 2076 1666 2134 restrum,
1678 2084 1770 2123 amaea
1783 2070 1830 2140 qui

200 2171 274 2217 ctum
286 2168 343 2217 cst:
359 2158 393 2215 lu
405 2170 439 2227 te,
465 2159 587 2229 Domine,
602 2159 716 2230 sperari.
741 2156 922 2228 singulariter
944 2153 988 2210 di·
1040 2158 1152 2228 speratir
1167 2159 1195 2212 ia
1208 2156 1333 2213 licutino.
1359 2156 1401 2213 Sit
1412 2155 1504 2213 Gloria
1516 2156 1594 2214 Patri
1609 2157 1783 2231 gloriticautc
1796 2158 1830 2215 il·

200 2261 274 2308 cturn
289 2260 330 2307 est
342 2267 349 2303 ι
362 2248 396 2305 lrr
415 2260 455 2319 ta,
472 2250 594 2317 Domine,
618 2248 737 2320 eperari:
753 2244 895 2318 pluraliter
912 2258 987 2300 nunc
1039 2250 1097 2306 lum
1111 2249 1208 2322 spiritu
1222 2248 1324 2306 Cirristi
1338 2250 1367 2304 in
1386 2266 1482 2305 aranas
1494 2250 1555 2322 eius
1571 2251 1774 2307 commendato.
1787 2250 1829 2307 Sit

199 2342 314 2398 dicitur:
328 2340 479 2414 omnesqui
492 2342 604 2412 speratis
615 2341 643 2397 la
656 2339 779 2408 Domino,
791 2338 855 2410 quia
872 2350 986 2409 granum
1041 2338 1133 2396 Gloria
1145 2339 1219 2396 Filio
1234 2340 1403 2412 glorificante
1415 2339 1492 2397 illurn
1505 2341 1605 2413 populo
1618 2341 1769 2412 redempto,
1781 2344 1827 2413 qui

199 2434 340 2503 trumenti,
352 2435 427 2507 quod
442 2436 470 2490 in
486 2450 534 2506 spe
544 2433 642 2491 messis
656 2432 749 2490 multe
761 2430 986 2496 seminatumest,
1040 2432 1105 2489 dicit
1120 2452 1127 2487 :
1145 2431 1287 2488 Redemirti
1301 2432 1471 2498 mellentino
1484 2432 1694 2489 daurreritatia.
1711 2431 1828 2489 sucta

199 2528 245 2584 ulti
260 2526 366 2583 dicebat
375 2545 392 2604 ²,
401 2524 434 2580 lrr
445 2541 538 2581 marrae
550 2535 621 2594 tuas,
634 2523 755 2591 Domine,
770 2521 921 2578 comprenda
931 2518 987 2589 rpi-
1040 2524 1083 2578 ria
1094 2523 1207 2594 Spiritui
1220 2531 1322 2590 soracte,
1338 2521 1554 2594 glorificantibus
1575 2523 1652 2580 illum
1666 2523 1786 2591 dilectis,
1801 2532 1830 2579 ct

199 2620 281 2674 ritum
294 2636 389 2688 meror,
400 2633 474 2675 nunc
494 2617 614 2675 iruetum
629 2618 746 2675 multum
759 2615 859 2683 attulit,
884 2620 911 2669 ct
925 2612 987 2667 ideo
1041 2615 1156 2682 sanctis,
1172 2627 1205 2668 ac
1218 2611 1380 2669 coulortatis
1392 2613 1421 2668 iu
1437 2613 1617 2685 ipsaniam.

203 2747 1810 2786 mm&

749 2917 926 3035 PARS
981 2913 1309 3053 Tertia„

389 3142 585 3238 Britomarti
602 3139 909 3223 augustodunensis
927 3137 1169 3203 Commentario
1185 3138 1331 3205 nondam
1357 3139 1444 3204 edito
1459 3127 1619 3220 supplete,

994 3301 1031 3332 i·

765 3507 1029 3600 PSALMUS
1063 3511 1244 3600 XXXI.

979 3695 1017 3723 b

226 3885 309 3943 leus.
326 3887 351 3942 1.
364 3886 496 3957 -lleati,
514 3904 624 3960 quaram
640 3890 757 3945 rerrriasa
770 3900 832 3945 rant
847 3891 1014 3962 iniquita-c
1066 3889 1155 3947 Verba
1166 3899 1275 3962 sumpta
1290 3891 1417 3951 ridentur
1428 3892 1462 3950 de
1484 3895 1644 3966 penitentia
1659 3897 1759 3966 uariu,
1776 3908 1822 3961 cui

191 3989 239 4038 res,
254 3988 306 4034 etr.
322 3976 371 4035 llic
381 3979 504 4050 psalmus
515 3989 557 4036 est
571 3982 708 4037 secundus
721 3982 755 4037 de
768 3991 871 4053 septem
883 3981 977 4038 l'oeni·
1031 3976 1165 4036 Dominus
1186 3990 1329 4051 peccatum
1341 3996 1392 4053 pro
1403 3996 1488 4039 uxore
1505 3981 1577 4041 lirim
1590 4002 1644 4042 uon
1661 3988 1821 4061 imputare,

190 4070 366 4139 teutiulilrus,
387 4079 416 4127 et
438 4081 614 4144 repraesentat
632 4072 758 4143 spiritum
782 4073 909 4143 pietatis,
929 4073 977 4144 qui
1028 4072 1091 4145 quia
1104 4073 1248 4130 adversum
1260 4088 1291 4130 se
1301 4073 1462 4145 injustitiam
1475 4091 1553 4133 suum
1565 4076 1683 4135 Domino
1697 4097 1822 4152 pronun-

188 4170 231 4217 ost
243 4160 382 4217 secundus
401 4162 502 4233 gradus
524 4163 558 4219 de
580 4173 684 4233 septem
699 4164 850 4234 spiritibus.
866 4164 977 4222 Primus
1028 4162 1114 4218 tiarit.
1131 4161 1276 4218 Dominum
1287 4163 1422 4237 retugium
1437 4168 1539 4236 posuit,
1554 4171 1665 4240 quaudo
1676 4174 1821 4232 tribulatio

189 4267 308 4324 iramque
322 4253 446 4325 psalmus
468 4264 570 4325 septem
596 4253 825 4310 Ptenitentialium
840 4264 883 4310 cst
895 4256 929 4311 de
942 4257 976 4311 ti·
1026 4254 1061 4311 dc
1075 4253 1195 4309 Absalon
1208 4255 1399 4312 circumdedit.
1415 4255 1500 4316 llulta
1517 4258 1621 4332 flagella
1637 4279 1757 4333 precans
1771 4286 1821 4322 su·

187 4356 274 4409 more,
289 4350 317 4398 et
338 4342 464 4412 spiritum
482 4342 734 4412 timorisiusiuuat,
751 4361 894 4416 perquem
912 4362 976 4418 pcc·
1026 4340 1141 4415 stirruit;
1166 4347 1349 4418 poenitentem⁴
1371 4361 1461 4407 nutem
1494 4354 1683 4415 misericordia
1705 4360 1818 4419 lionuai

186 4441 295 4488 catara
313 4433 386 4519 malo
397 4433 524 4499 declinat.
538 4432 588 4490 llic
605 4442 695 4489 autem
713 4436 976 4508 secundus,quiest
1026 4436 1215 4494 circumdedit.
1242 4439 1383 4509 Sipuillcat
1405 4452 1495 4498 autern
1518 4446 1693 4514 poenitentem
1729 4468 1820 4524 papu-

185 4521 220 4577 dc
237 4520 421 4590 confessione,
436 4523 562 4594 spiritum
579 4524 688 4601 pietatis
703 4524 802 4592 innuit,
820 4541 869 4597 per
890 4542 973 4599 quem
1024 4525 1092 4593 lum,
1107 4526 1152 4581 cui
1166 4525 1299 4585 Dominus
1309 4539 1451 4599 peccatum
1461 4547 1525 4588 curn
1537 4548 1621 4592 carne
1631 4541 1817 4598 commissura

186 4611 322 4682 poeuitens
336 4613 438 4670 bonum
454 4612 528 4670 iacit.
1025 4632 1079 4675 non
1099 4617 1225 4688 imputat,
1242 4618 1266 4675 si
1280 4620 1339 4691 ipse
1356 4636 1404 4693 per
1419 4621 1621 4682 conlectionem
1649 4629 1816 4700 injustitiam
1905 4664 1906 4673 =

219 4702 345 4761 Psalmus
359 4704 405 4762 iric
419 4706 447 4762 in
462 4706 559 4764 ordine
574 4706 730 4765 tricesimus
744 4709 849 4780 primus
859 4724 973 4781 compu-
1024 4725 1102 4765 suam
1118 4709 1264 4773 adversum
1286 4727 1316 4768 se
1330 4717 1502 4785 pronuntiat,
1518 4727 1546 4776 et
1562 4720 1587 4776 si
1604 4719 1710 4794 lapella
1726 4729 1816 4781 susti-
1905 4718 1906 4757 ἕ

184 4804 269 4862 tatur,
280 4797 327 4867 qui
340 4812 389 4868 per
404 4798 543 4855 senarium
553 4808 580 4855 et
594 4799 750 4871 quinarium
762 4801 971 4874 multiplicatur,
1024 4810 1082 4868 net,
1092 4800 1308 4858 misericordiam
1320 4820 1335 4859 a
1346 4801 1464 4863 Domino
1475 4807 1604 4866 inveniet.
1618 4808 1726 4871 litatae
1737 4813 1818 4872 Psat-

184 4886 242 4943 sirc
258 4888 330 4943 cuim
344 4888 434 4945 series
447 4890 536 4960 quini,
552 4902 602 4947 seu
613 4891 759 4963 quinquies
774 4894 843 4963 seui,
861 4895 971 4968 triginta
1021 4891 1059 4947 ml
1072 4900 1113 4948 etl
1130 4911 1137 4947 τ

183 4979 296 5036 iaciunt.
312 4977 365 5036 Per
378 4981 517 5036 senarium
544 4996 615 5037 nora
636 4980 678 5038 les
703 4993 812 5055 propter
826 5001 874 5042 sex
887 5000 970 5058 opera
1229 5003 1412 5044 rnreuuecrus
1429 5005 1601 5053 uurcruarm.

182 5070 337 5143 Eranqelim
363 5072 581 5143 perquinarium
605 5073 739 5144 accipitur
750 5085 829 5133 retus
846 5078 889 5133 lex
906 5094 970 5150 pro·
1000 5114 1004 5121 ·
1056 5075 1165 5134 llocest
1180 5094 1189 5133 s
1204 5077 1265 5134 luric
1280 5082 1437 5151 populoest
1451 5058 1669 5160 iutellmnrr,qui
1686 5100 1812 5162 estpec·

182 5159 470 5233 pterPentateuchum
483 5160 581 5235 Mopsi.
598 5162 648 5219 Cui
664 5180 761 5223 monas
777 5168 894 5237 additur,
903 5171 968 5241 quia
1020 5180 1080 5226 eata
1099 5170 1244 5240 confitens,
1258 5172 1330 5229 sicut
1341 5173 1437 5246 liarid,
1454 5176 1502 5249 qui
1519 5177 1565 5235 hic
1583 5168 1717 5251 loquitur,
1729 5192 1813 5242 etoet

182 5260 270 5307 totum
283 5267 331 5323 por
345 5253 447 5309 cultum
459 5253 543 5309 utrius
552 5252 602 5309 uei
616 5255 777 5328 completur.
983 5262 1006 5318 tt
1021 5263 1184 5337 intelligens,
1206 5266 1233 5324 id
1247 5276 1290 5323 est
1311 5269 1432 5338 sapiens.
1449 5269 1581 5343 Superior
1601 5274 1725 5344 psalmus
1738 5277 1813 5334 dixit

216 5340 328 5398 Materia
350 5343 449 5414 psalmi
463 5353 506 5401 cst
523 5345 639 5417 populus
663 5349 798 5419 poeniteus
812 5360 839 5408 ct
858 5363 968 5423 peecata
1022 5358 1236 5430 redemptionem
1254 5358 1382 5417 Ecclesiae
1409 5360 1509 5419 laetam
1527 5378 1561 5420 cx
1586 5366 1675 5436 pratia
1697 5365 1757 5425 Ilei.
1775 5368 1812 5426 Et

180 5432 323 5490 corrflteus.
348 5434 465 5491 intentio
492 5446 535 5493 est
554 5453 606 5495 uos
624 5440 728 5496 hortari
751 5443 785 5497 ad
813 5442 967 5501 contessio-
1022 5448 1086 5519 quia
1112 5448 1189 5504 multi
1212 5451 1388 5521 exoperibus
1411 5454 1478 5524 lepis
1497 5463 1526 5511 et
1547 5453 1633 5515 libero
1649 5457 1811 5517 aruiaioaa

180 5532 254 5584 nem,
270 5531 300 5575 ut
313 5538 362 5592 per
384 5526 573 5583 remissionem
597 5529 783 5600 pertingamus
799 5532 832 5587 ad
851 5534 967 5591 ueuira-
1018 5525 1621 5617 justosreputabantuuuexpratiadivium
1636 5550 1809 5606 wureoieu·
1905 5534 1906 5541 ἵ

181 5604 281 5664 dinem.
917 5678 920 5682 ,
1022 5641 1062 5687 ter
1077 5626 1240 5705 supponitur
1250 5633 1301 5691 iste
1317 5636 1450 5710 psalmus,
1465 5638 1513 5711 qui
1527 5637 1593 5697 dicit
1605 5638 1712 5697 nullum
1721 5640 1810 5715 justi-

643 5735 674 5751 .,
739 5749 749 5757 ,,
1112 5740 1128 5753 a
1200 5716 1210 5733 ³
1346 5745 1355 5761 ·
1797 5724 1823 5755 '⁸
