3817 6000
327 153 435 216 oti

1285 156 1587 212 emmoni
1628 158 2013 215 rust-:Posz‘rl
2057 160 2597 218 ttsstctlssnst’ssnc.

3466 156 3579 217 sta

334 277 475 330 alins
498 271 765 344 promissa
811 271 1121 340 complebit,
1153 271 1295 341 quod
1329 289 1438 327 non
1487 284 1632 328 esset
1681 275 1908 343 promit·
1935 286 1982 341 Α
2008 291 2094 331 eo.
2130 276 2282 334 Sicut
2305 281 2449 334 enim
2485 279 2678 336 artilex
2706 280 2968 338 serrarius
2986 280 3163 352 primo
3190 280 3273 334 vel
3298 279 3580 345 malleum,

333 376 469 429 tere,
496 365 588 419 sed
613 363 930 434 praedicere.
976 362 1089 415 lino
1146 362 1280 429 ipse,
1327 362 1420 429 qui
1468 365 1750 434 promisit,
1784 381 1908 433 pro·

341 458 505 510 mma
549 454 1342 522 innuplrbih*ll-¹¹'2112'2'5221l'tl‘'U''
1378 454 1430 506 in
1466 456 1725 524 propheta
1745 456 1903 511 dicit:

345 566 361 598 Ι.
397 546 457 602 1321
489 550 761 614 qtlnnunin
789 550 1062 598 nonrmlli
1104 546 1290 610 illliwl',
1326 554 1374 598 *Ji
1434 546 1519 598 lllx
1555 545 1622 600 de
1664 546 1824 612 coelu,
1856 554 1911 601 ei.

341 642 465 690 illm:
513 638 649 690 ultra
689 654 789 688 ιιιιη
833 638 1138 698 revertitur,
1190 638 1278 686 :wal
1318 638 1542 691 iu=²lwiat
1598 645 1820 703 terram,
1856 645 1911 691 et

341 730 641 802 floriniani-z!
673 746 789 778 uam
821 726 938 778 lau-il
966 746 974 778 :
1014 733 1090 778 siv
1130 730 1226 778 erit
1258 730 1478 778 instituit!
1527 741 1730 790 meum·
1765 726 1913 796 (1¹¹0d

341 822 645 894 figi-redimus
669 822 733 874 tle
761 838 853 870 lut
890 838 1030 878 sanni,
1058 835 1162 870 [nm
1198 830 1494 870 rimula-inl·
1527 832 1780 883 vacuum,
1819 817 1914 873 sed

341 914 499 970 funii-l
529 926 862 981 quartumque
894 910 1058 970 illini,
1086 922 1134 962 ist
1162 910 1568 978 {tunewiz-:bitur
1617 910 1671 963 in
1719 909 1804 963 his
1846 908 1915 964 ad

341 1026 461 1074 qum
489 1006 609 1058 [nisi
637 1006 761 1054 illu-l
793 1002 930 1066 qim,
966 1018 1046 1062 Μ’,
1086 1002 1146 1054 Η]
1178 1014 1226 1050 Η
1278 1006 1290 1054 Ι
1318 1006 1326 1054 Ι
1354 1022 1378 1054 ι.
1442 1022 1454 1050 i·

421 1098 837 1167 i'ros‘psiwlhilm,
874 1098 1062 1163 inquil..
1090 1094 1214 1163 quin
1246 1098 1446 1159 omnin,
1490 1110 1806 1166 quoecunqrte
1832 1094 1918 1164 sa-

341 1203 461 1251 rm,
505 1187 970 1259 ‚ul'ufiprrnhnulium
1002 1187 1214 1251 Petrus,
1246 1207 1366 1239 ttlllll
1402 1195 1543 1243 isset
1571 1186 1780 1257 junior,
1799 1187 1919 1241 citt·

345 1283 501 1351 gelmi
529 1295 605 1343 se,
645 1291 697 1331 tlt
729 1291 870 1331 esset
898 1291 1114 1347 pinanti:
1154 1295 1274 1331 runt
1310 1279 1530 1335 tLliristo
1572 1286 1627 1333 el.
1651 1278 1707 1332 in
1731 1293 1920 1333 carce·

349 1391 461 1427 rem
485 1383 537 1427 rt
565 1375 613 1427 in
653 1387 874 1423 ιιω-ιΊι-πη
902 1375 998 1435 ἰιῬ,
1034 1372 1122 1427 sud
1150 1383 1350 1427 inanest
1382 1379 1726 1441 prusperatus
1760 1370 1813 1425 in
1841 1370 1923 1425 fa·

349 1467 565 1527 cienda,
593 1467 717 1531 quin
761 1467 974 1535 quoties
1022 1467 1086 1519 lie
1126 1483 1182 1519 512
1224 1459 1588 1535 ‘'iu‘zestlttlpslt,
1616 1461 1779 1518 toties
1824 1477 1922 1518 ne·-

353 1575 473 1627 gttrr·
501 1559 797 1627 permissufi
825 1567 926 1611 est*
958 1559 1016 1611 12]
1054 1575 1146 1611 nus
1198 1559 1434 1623 [prandiis
1466 1553 1532 1608 ad
1570 1554 1788 1625 aliquod
1824 1553 1922 1610 bo·

2011 369 2094 423 vel
2124 370 2270 426 aliud
2311 372 2733 428 instrumentum
2783 382 3062 444 operatur,
3108 373 3307 429 deinde
3346 386 3447 444 per
3491 372 3588 427 in-

2011 468 2374 517 strumentum
2428 468 2703 534 operatur,
2747 475 2801 521 et
2846 466 3265 521 instrumentum
3315 477 3589 535 coopera-

2012 561 2138 608 tur:
2169 555 2249 611 sic
2276 554 2419 612 Deus
2461 558 2640 627 primo
2675 558 2874 613 bonam
2904 556 3236 612 voluntatem
3269 554 3444 610 libero
3495 569 3592 607 ar·

2013 647 2176 703 bitrio
2198 648 2450 718 inspirat,
2475 658 2531 705 et
2557 660 2745 720 postea
2771 650 2928 704 bonae
2950 649 3216 703 voluntati
3265 648 3493 717 aspirat,
3525 653 3594 699 ut

2014 750 2286 810 operetur,
2319 741 2532 811 sibique
2556 743 2796 807 illam,et
2812 758 2907 812 per
2934 741 3081 796 illam
3109 741 3357 812 operanti
3386 754 3599 811 coope-

2016 838 2184 884 retur.
2214 829 2341 884 llaec
2373 831 2604 888 dicendo
2624 832 2856 888 liberum
2884 832 3173 887 arbitrium
3208 846 3316 886 non
3350 830 3598 886 destrui·

2016 934 2160 986 mus,
2189 922 2282 976 sed
2310 923 2658 992 instruimus,
2689 935 2750 980 ut
2770 926 2907 982 sciat
2937 939 2996 980 se
3020 925 3140 981 sine
3160 923 3273 980 Deo
3295 923 3432 980 nihil
3459 938 3600 995 pos-

2016 1025 2115 1065 se:
2146 1013 2288 1068 sicut
2331 1015 2537 1084 palmes
2572 1018 2707 1072 nihi!
2734 1026 2932 1088 potest,
2962 1017 3068 1074 nisi
3106 1032 3336 1073 manens
3377 1017 3432 1072 in
3454 1018 3592 1084 vite;

2018 1103 2160 1158 sicut
2187 1097 2383 1162 manus
2414 1107 2550 1162 nihil
2573 1118 2752 1178 potest
2778 1109 2885 1164 nisi
2940 1110 2996 1165 in
3037 1111 3286 1180 corporis
3336 1110 3590 1165 unitate:

2019 1194 2161 1250 sicut
2194 1196 2329 1251 nihil
2357 1207 2613 1269 operatur
2656 1198 2938 1270 quodlibet
2983 1199 3430 1264 instrumentum,
3481 1198 3592 1254 nisi

2019 1298 2303 1346 moveatur
2326 1307 2422 1361 per
2444 1292 2673 1349 artilicis
2698 1308 2942 1348 manum.
2995 1291 3087 1348 Sic
3136 1292 3280 1346 enim
3328 1291 3596 1362 praediea·

2020 1395 2144 1435 nius
2176 1380 2430 1437 humanae
2468 1383 2697 1438 rationis
2726 1383 3011 1438 arbitrium
3067 1397 3189 1438 esse
3232 1383 3484 1449 liberum,
3528 1390 3598 1436 ut

2019 1472 2223 1541 pariter
2247 1481 2585 1540 attestemur,
2608 1490 2729 1532 esse
2756 1474 2833 1530 ‘nui
2855 1475 3221 1532 necessarium
3242 1475 3461 1531 liberari
3481 1489 3574 1528 am

2022 1564 2188 1634 plius·

353 1667 477 1703 lllltli
521 1651 882 1719 'itirssgrlltiullt
938 1651 1134 1703 nimi-rifi
1170 1651 1374 1703 virtituti·-
1422 1646 1583 1703 nimis
1640 1646 1921 1703 innitendo
1952 1667 1994 1724 B
2095 1652 2235 1712 Sunt
2272 1657 2416 1713 enim
2448 1667 2558 1716 tres
2612 1658 2892 1717 libertates
2945 1659 3000 1714 in
3033 1659 3332 1729 Scripturis
3371 1666 3594 1723 notant,

349 1743 689 1803 eniminum,
757 1759 857 1791 nun
934 1755 1338 1811 qusprlwuur,
1398 1739 1490 1795 513⁴]
1543 1753 1671 1793 cum
1721 1736 1921 1792 eruditi

348 1833 592 1888 adversis
617 1831 836 1888 casibus
866 1828 1069 1886 frustra
1108 1831 1296 1887 conari
1335 1831 1661 1899 desinimus,
1697 1841 1753 1887 et
1802 1847 1922 1886 ma·-

353 1940 456 1979 nus
474 1923 528 1978 in
553 1923 896 1978 orationibus
939 1933 1034 1977 aut
1066 1922 1423 1996 eleemosynis
1470 1922 1836 1990 extendimus,
1865 1931 1925 1978 ut

353 2015 445 2069 ille
472 2030 572 2070 uos
602 2015 785 2084 cingat
820 2029 917 2068 sua
946 2013 1163 2079 virtute,
1203 2013 1287 2066 vel
1324 2013 1591 2070 cinctorio
1627 2014 1772 2082 fidei,
1828 2030 1925 2085 per

350 2123 513 2177 quam
555 2115 682 2162 sunt
746 2106 932 2162 omnia
986 2105 1267 2176 possibilia
1310 2106 1553 2162 credenti
1591 2124 1604 2159 :
1637 2115 1767 2163 tunc
1809 2108 1926 2178 ipse

351 2197 625 2265 Christus,
648 2197 742 2268 qui
771 2198 907 2252 bene
941 2197 1292 2267 operantibus
1346 2198 1486 2253 bona
1537 2199 1790 2268 promisit
1829 2214 1927 2269 per

353 2289 592 2360 scipsum
624 2287 1125 2359 innobisdignatur
1150 2288 1348 2355 facere,
1390 2289 1537 2359 quod
1592 2290 1711 2360 ipse
1765 2290 1926 2346 nobis

354 2380 606 2451 praeccpit
632 2379 831 2444 facere,
863 2380 1118 2451 quodque
1153 2395 1255 2435 nos
1283 2381 1493 2451 absque
1542 2381 1635 2437 illo
1677 2396 1786 2436 non
1828 2396 1927 2451 po·

354 2472 562 2526 tuimus
588 2469 784 2536 facere,
815 2480 978 2541 atque
1008 2480 1137 2526 tuuc
1167 2472 1222 2526 in
1259 2471 1418 2528 nobis
1450 2489 1693 2542 prospere
1735 2487 1929 2543 proce-

355 2562 456 2628 dit,
491 2571 545 2617 et
570 2571 778 2633 regnat,
803 2562 1061 2633 quoniam
1097 2580 1209 2619 nrm
1238 2578 1361 2634 quae
1406 2580 1509 2621 nos
1535 2565 1787 2633 facimuS‚
1832 2567 1928 2623 sed

355 2670 675 2724 quaecunque
752 2654 866 2724 ipse
930 2653 1108 2723 saciet,
1172 2654 1644 2726 prosperabuntur,
1712 2657 1929 2714 etiamsi

356 2747 583 2802 adversa
603 2745 946 2800 videbuntur.
960 2743 1118 2800 Novit
1147 2745 1251 2800 hoc
1282 2747 1474 2803 beatus
1495 2746 1655 2804 Pater
1675 2747 1932 2820 Augusti·

358 2853 484 2903 nus,
514 2838 608 2909 qui
640 2837 719 2892 sic
750 2838 924 2892 oravit
952 2856 964 2891 ι
995 2835 1243 2905 Domine,
1273 2838 1341 2893 da
1370 2839 1516 2910 quod
1532 2839 1715 2911 iubes,
1737 2840 1931 2912 etjube

358 2931 506 3001 quod
546 2932 646 2985 vis.
679 2925 839 2985 Novit
892 2931 995 2987 hoc
1030 2930 1234 2987 Paulus
1280 2932 1582 3002 apostolus,
1620 2934 1714 3005 qui
1749 2934 1929 2989 dixit:

2023 1745 2224 1814 quibus
2253 1746 2509 1804 omnibus
2554 1747 2798 1820 indigent
2849 1748 3046 1805 auimae
3108 1750 3162 1803 in
3206 1745 3337 1815 Deo,
3367 1756 3423 1803 et
3465 1762 3597 1803 cum

2024 1835 2136 1892 Deo
2160 1837 2548 1895 beatificandae.
2582 1835 2678 1897 Est
2706 1839 2932 1899 libertas
2959 1857 2991 1896 a
3033 1842 3378 1904 necessitate,
3403 1853 3457 1895 et
3510 1847 3601 1896 est

2023 1928 2248 1985 libertas
2268 1945 2298 1984 a
2316 1943 2556 2000 peccato,
2595 1939 2650 1986 et
2680 1939 2764 1987 est
2786 1931 3010 1989 libertas
3041 1949 3068 1987 a
3097 1932 3337 1999 miseria,
3367 1947 3490 2002 quae
3510 1941 3602 1988 est

2024 2037 2184 2093 poena
2204 2022 2430 2091 peccati.
2453 2021 2531 2077 Ex
2560 2023 2737 2093 prima
2769 2022 3035 2089 libertate,
3066 2039 3189 2094 quae
3224 2030 3309 2078 est
3335 2039 3364 2077 a
3405 2037 3600 2080 neces-

2026 2114 2449 2180 sitate,libsrum
2481 2115 2767 2171 arbitrium
2788 2116 2986 2171 dicitur
3011 2114 3264 2182 liberum,
3290 2116 3418 2186 quia
3446 2114 3599 2170 nulla

2028 2207 2372 2273 necessitate,
2412 2217 2509 2263 aut
2536 2207 2711 2276 fatali,
2738 2217 2832 2263 aut
2859 2209 3117 2274 naturali,
3146 2217 3243 2262 aut
3274 2208 3599 2263 accidentali

2029 2297 2139 2352 ullo
2164 2299 2327 2353 modo
2353 2298 2586 2370 cogitur,
2612 2303 2696 2355 vel
2724 2301 3068 2370 prohibetur,
3094 2301 3226 2366 quin
3263 2300 3334 2355 sit
3365 2300 3603 2355 liberum

2029 2390 2097 2445 ad
2130 2405 2315 2456 omne,
2335 2391 2482 2462 quod
2511 2393 2648 2459 vult,
2695 2393 3010 2461 volendum,
3042 2395 3156 2450 sive
3205 2394 3431 2460 bonum,
3482 2394 3605 2450 sive

2029 2481 2257 2537 malum.
2285 2480 2665 2539 Verumtamen
2697 2485 2742 2540 si
2776 2485 2937 2540 habet
2966 2501 3130 2555 super
3161 2501 3220 2541 se
3251 2493 3343 2540 aut
3363 2483 3602 2557 peceati,

2030 2581 2125 2628 aut
2164 2589 2339 2645 poenae
2362 2589 2672 2645 gravamen,
2701 2577 3063 2632 necessariam
3111 2575 3274 2632 habet
3318 2575 3496 2647 ipsum
3527 2576 3603 2630 li·-

2030 2666 2218 2724 berum
2237 2666 2525 2723 arbitrium
2546 2668 2818 2740 geminam
2849 2669 3153 2725 libertatem
3182 2685 3276 2724 seu
3321 2669 3605 2724 liberatio·

2032 2772 2153 2813 nem
2181 2775 2197 2824 ;
2232 2757 2481 2813 videlicet
2503 2774 2535 2813 a
2560 2767 2805 2829 peccato,
2837 2770 2889 2816 et
2919 2759 3161 2825 miseria,
3187 2769 3245 2815 ut
3265 2759 3315 2815 ei
3344 2759 3415 2814 sit
3434 2759 3604 2814 liber-

2032 2857 2116 2904 tas
2139 2864 2286 2905 vera.
2342 2847 2420 2904 De
2475 2866 2584 2920 qua
2636 2850 2901 2906 Dominus
2939 2851 2997 2905 in
3039 2849 3374 2922 Evangelio:
3405 2869 3423 2901 ι
3457 2849 3537 2914 Si,
3576 2868 3600 2900 ι

2034 2940 2234 3012 inquit,
2264 2960 2282 2992 ι
2327 2941 2473 2999 filius
2520 2957 2621 2999 vos
2686 2942 3018 3011 liberaverit,
3063 2959 3189 3001 vere
3231 2943 3386 3000 liberi
3445 2943 3605 2999 eritis

366 3042 385 3076 ι
418 3023 635 3079 Scimus
664 3023 924 3094 quoniam
954 3024 1307 3095 diligentibus
1328 3024 1499 3080 Deum
1520 3026 1706 3081 omnia
1736 3042 1934 3097 ooope-
1960 3010 2004 3071 C
2037 3032 2219 3103 (Joau.
2245 3050 2366 3103 viu,
2401 3035 2514 3106 56).
2548 3055 2568 3089 ι
2598 3034 2732 3093 Nam
2765 3036 2939 3107 prima
2965 3036 3190 3093 libertas
3223 3052 3254 3091 a
3281 3037 3607 3093 necessitate

359 3125 554 3170 rantur
579 3115 636 3170 in
687 3115 917 3183 bonum,
970 3117 1077 3184 his,
1108 3118 1202 3188 qni
1239 3116 1541 3173 secundum
1591 3119 1935 3188 propositum

360 3211 536 3267 vocati
569 3217 695 3265 sunt
713 3211 910 3266 sancti.
938 3208 1075 3265 Nam
1105 3227 1245 3282 quos
1271 3210 1543 3281 praescivit
1567 3220 1622 3267 et
1658 3212 1940 3283 praedesti-

363 3304 542 3369 navim
570 3317 709 3372 quos
745 3310 924 3356 autem
960 3302 1386 3373 praedestinavit,
1411 3303 1532 3369 hoS,
1578 3312 1634 3359 et
1689 3305 1936 3374 voca-viu

360 3404 415 3449 ct
437 3410 576 3465 qnos
592 3394 826 3461 vocavit,
853 3394 953 3450 hos
981 3404 1035 3450 et
1052 3394 1394 3463 justitie-avim
1422 3410 1563 3465 quos
1584 3397 1943 3468 autemjusti-

364 3488 564 3553 tit-avit,
590 3486 710 3542 illos
737 3496 791 3541 et
807 3486 1172 3557 magnificavit
1199 3486 1372 3559 (Rom.
1411 3502 1531 3555 virt,
1567 3488 1639 3543 28
1660 3498 1715 3545 et
1741 3491 1883 3560 seq).
1911 3508 1932 3542 ι

363 3575 423 3629 Si
458 3590 587 3645 ergo
616 3575 896 3641 didiceris,
928 3576 1113 3642 horno,
1145 3577 1290 3647 quod
1330 3585 1385 3630 tu
1433 3577 1775 3648 temetipsum
1825 3594 1936 3634 nou

365 3668 587 3737 potuisti
637 3668 1044 3738 praedestinare,
1091 3684 1190 3723 nec
1217 3669 1661 3741 praedestinatum
1711 3671 1938 3740 potuisti

365 3770 709 3830 tennct.psuin
742 3777 959 3833 vocare,
1004 3776 1106 3816 nec
1150 3771 1201 3817 te
1249 3771 1505 3817 vocatum
1556 3763 1803 3833 potuisti,
1843 3774 1937 3820 aut

362 3854 564 3924 poteris
598 3854 925 3924 justificare,
968 3861 1063 3909 aut
1098 3855 1481 3927 magnificare,
1527 3857 1658 3926 quid
1704 3858 1799 3914 tibi
1850 3874 1941 3914 rc·

365 3955 491 4012 snat,
522 3946 625 4001 n2si
658 3948 725 4001 ad
752 3946 904 4001 illum
930 3962 1128 4003 manus
1158 3948 1451 4003 extendere
1476 3948 1571 4018 qui
1593 3949 1746 4005 solus
1769 3949 1825 4004 in
1852 3951 1938 4005 his

365 4041 627 4098 faciendis
670 4042 1111 4112 prosperabitur?
1162 4042 1229 4097 Et
1257 4058 1382 4098 cum
1410 4042 1526 4112 ipse
1562 4043 1616 4098 in
1643 4055 1695 4100 :e
1743 4045 1939 4099 salutis

363 4149 503 4204 opus
531 4149 691 4204 agere
732 4133 978 4203 caeperit,
1011 4152 1029 4184 t
1060 4132 1277 4189 Honora
1326 4132 1639 4199 Dominum,
1675 4153 1695 4187 ι
1720 4150 1828 4190 non
1886 4145 1940 4190 te

366 4228 568 4296 ipsum,
605 4244 623 4276 ι
664 4226 731 4280 de
754 4234 845 4280 tua
877 4223 1183 4278 substantia
1210 4223 1392 4296 (Pron.
1425 4241 1508 4291 m,
1532 4224 1610 4298 9),
1647 4244 1667 4278 ι
1702 4226 1770 4282 de
1819 4228 1939 4297 opi-

2038 3127 2195 3184 nobis
2216 3134 2388 3184 estex
2419 3126 2532 3185 Deo
2554 3128 2716 3185 Patre
2742 3144 2847 3185 nos
2889 3138 3131 3185 creante.
3190 3128 3294 3185 Sed
3343 3128 3606 3201 quoniam

2039 3220 2141 3277 hac
2171 3220 2422 3277 libertate
2450 3220 2619 3276 homo
2645 3228 2729 3277 est
2775 3220 3003 3288 abusus,
3056 3220 3192 3275 liber
3217 3220 3437 3292 quidem
3481 3235 3608 3291 per-

2039 3313 2241 3371 mansit
2278 3328 2344 3369 ac
2373 3328 2589 3383 semper
2619 3320 2903 3383 permanet
2943 3328 2974 3368 a
3004 3313 3348 3381 necessitate,
3381 3313 3474 3369 sed
3498 3314 3609 3369 nisi

2038 3403 2210 3461 Filius
2240 3419 2365 3460 eum
2396 3403 2591 3460 liberet
2618 3418 2650 3458 a
2685 3411 2910 3474 peccato
2961 3413 3018 3459 et
3072 3403 3316 3470 miseria,
3349 3419 3460 3460 non
3501 3406 3612 3461 erit

2038 3511 2166 3552 vere
2196 3512 2261 3552 ac
2287 3494 2445 3568 plene
2466 3497 2624 3564 liber,
2652 3495 2780 3566 quia
2805 3508 2912 3550 una
2942 3496 3182 3552 hominis
3209 3497 3429 3553 libertas
3465 3514 3613 3567 prae-

2039 3598 2295 3660 gravatur
2329 3604 2361 3643 a
2384 3588 2644 3645 servitute
2678 3587 2914 3659 gemina,
2940 3589 3148 3659 peccati
3171 3590 3377 3646 scilicet
3404 3605 3470 3646 ac
3502 3591 3613 3645 mi-

2038 3683 2213 3739 seriae.

2102 3776 2350 3840 Quorum
2380 3782 2576 3828 neutro
2609 3789 2707 3844 per
2746 3790 2806 3832 se
2827 3784 3006 3846 potest
3039 3789 3248 3841 carere,
3300 3775 3429 3846 quia
3459 3776 3613 3830 inter

2037 3867 2315 3922 hominem
2365 3875 2706 3935 peccatorem
2759 3881 2823 3923 ac
2872 3867 3159 3935 miserum,
3201 3876 3257 3922 et
3288 3864 3458 3923 Deum
3515 3868 3611 3939 ju-

2038 3969 2182 4018 stum
2236 3975 2300 4016 ac
2329 3960 2547 4015 beatum
2581 3968 2745 4015 tantae
2776 3968 2907 4017 sunt
2938 3960 3266 4029 inimicitiae,
3326 3969 3390 4016 ut
3442 3962 3612 4018 homo

2036 4060 2289 4124 peccator
2315 4051 2383 4107 ad
2424 4052 2658 4123 justum,
2691 4052 2860 4108 miser
2902 4053 2970 4109 ad
3016 4052 3237 4109 beatum
3294 4054 3609 4110 nullatenus

2039 4144 2212 4214 possit
2243 4144 2608 4213 propinquare
2645 4151 2865 4214 propter
2919 4142 3224 4215 iniquitatis
3272 4154 3327 4201 et
3373 4146 3610 4201 miscriae

2038 4236 2205 4290 chaos
2241 4242 2499 4306 magnum
2533 4235 2675 4291 inter
2717 4234 2820 4291 ista
2846 4235 3121 4291 contraria
3166 4239 3462 4292 firmatum.
3499 4236 3608 4293 Sed

365 4320 468 4373 hus
500 4318 631 4383 tuis,
656 4333 765 4372 non
793 4333 823 4372 a
861 4326 912 4372 te
938 4315 1033 4371 tibi
1085 4316 1389 4387 acquisitis,
1419 4318 1515 4374 sed
1562 4318 1631 4374 ab
1672 4319 1791 4390 ipso
1837 4322 1936 4377 tibi
1970 4353 2018 4415 D
2044 4337 2099 4382 nt
2128 4334 2439 4397 peccatores
2463 4326 2648 4382 miseri
2671 4326 3011 4383 reconciliari
3054 4336 3277 4397 possent
3294 4328 3519 4399 justitia!
3544 4346 3611 4385 ae

365 4411 527 4465 datis.
546 4408 765 4465 Honora
791 4409 1077 4464 Dominum
1106 4409 1173 4464 de
1190 4410 1444 4481 primitiis
1455 4410 1671 4482 frugum
1696 4422 1934 4470 tuarum.

365 4508 506 4575 Quid
538 4515 668 4562 sunt
695 4506 970 4577 primitiae,
991 4506 1187 4577 etquid
1214 4515 1341 4563 sunt
1357 4505 1579 4579 fruges?
1601 4506 1806 4579 Fruges
1831 4516 1940 4565 tuae

369 4609 495 4654 sunt
523 4607 741 4653 aeternae
783 4598 1138 4654 beatitudinis
1170 4599 1391 4669 praemia
1441 4600 1538 4656 tihi
1588 4600 1847 4671 reposita,
1884 4609 1941 4655 et

367 4691 671 4761 promissa:
699 4690 792 4747 sed
820 4690 1151 4746 antecedunt
1169 4690 1426 4761 primitiae
1451 4692 1773 4748 meritorum
1804 4691 1940 4749 istas

368 4784 552 4855 fruges
580 4782 1108 4857 praemiorum.Ergo
1135 4784 1204 4841 de
1232 4785 1488 4855 primitiis
1510 4788 1621 4842 tuis
1656 4787 1810 4843 illum
1839 4788 1940 4843 ho-

371 4890 526 4942 nora,
549 4890 948 4947 recognoscens
973 4886 1028 4930 et
1043 4875 1346 4932 attribuens
1359 4876 1436 4931 illi
1462 4877 1676 4945 merita,
1693 4886 1748 4934 et
1772 4893 1939 4949 opera

369 4970 535 5035 bona,
564 4984 688 5039 quae
708 4968 763 5024 in
787 4977 841 5024 te
867 4977 1144 5039 operatur,
1173 4976 1229 5025 et
1254 4978 1454 5034 tecum,
1477 4968 1609 5025 dum
1636 4978 1691 5026 te
1710 4969 1796 5028 sui
1817 4986 1944 5042 ope-

371 5064 449 5117 ris
466 5062 721 5133 dignatur
746 5060 923 5118 facere
940 5072 1272 5127 consortem,
1297 5062 1391 5130 qui
1419 5061 1689 5117 bonorum
1716 5072 1940 5117 tuorum

372 5171 481 5210 non
510 5155 732 5225 indiget,
763 5170 887 5210 cum
916 5169 1028 5225 quo
1068 5154 1206 5210 bene
1233 5163 1413 5209 tecum
1438 5162 1698 5224 operante
1748 5162 1804 5208 tu
1860 5154 1942 5209 sic

370 5244 638 5315 operaris,
665 5246 807 5303 sicut
828 5261 1025 5302 manus
1053 5253 1143 5300 tua
1172 5253 1346 5301 tecum
1368 5255 1644 5315 operatur,
1673 5261 1795 5316 quae
1821 5245 1942 5300 sine

370 5346 421 5393 te
446 5338 583 5394 nihil
622 5348 823 5410 potest.
858 5338 1184 5408 Expressius
1235 5338 1386 5393 dico:
1413 5338 1557 5393 sicut
1584 5347 1641 5393 tu
1694 5336 1940 5408 operaris

370 5444 494 5484 cum
518 5430 883 5488 instrumento
898 5441 1015 5497 tuo,
1044 5440 1100 5487 et
1119 5431 1546 5488 instrumentum
1572 5439 1748 5495 tuum,
1791 5427 1940 5499 quod

374 5534 538 5575 manu
591 5533 766 5591 tenes,
820 5530 1077 5594 operatur
1103 5532 1307 5579 tecum:
1340 5522 1421 5578 sic
1460 5522 1629 5577 utitur
1686 5521 1829 5576 Deus
1888 5529 1942 5575 te

374 5612 759 5682 instrumentm
796 5614 1016 5684 quando
1041 5623 1095 5669 tu
1118 5615 1361 5683 operaris
1391 5611 1593 5683 aliquid
1634 5612 1763 5667 boni
1812 5626 1936 5666 cum

2043 4418 2388 4484 beatitudini,
2417 4419 2568 4474 veuit
2595 4419 2650 4475 in
2678 4418 2918 4476 medium
2941 4420 3194 4475 Christus
3219 4423 3488 4478 mediator
3513 4421 3610 4479 Dei

2040 4521 2094 4568 et
2115 4511 2399 4567 hominum
2427 4527 2440 4565 ε
2465 4520 2521 4566 et
2539 4511 2668 4582 quia
2685 4510 2850 4567 unius
2870 4510 3137 4567 mediator
3159 4528 3265 4568 non
3289 4524 3392 4579 est,
3414 4515 3616 4571 utrius-

2039 4620 2147 4675 que
2194 4605 2366 4676 partis
2391 4605 2801 4677 congruentiam
2831 4606 3071 4675 suscepit
3121 4614 3392 4662 retentans
3437 4607 3609 4677 iusti—

2043 4695 2193 4762 tiam,
2221 4705 2278 4751 et
2297 4710 2584 4751 assumens
2633 4696 2929 4764 miseriam,
2983 4706 3044 4752 ut
3083 4696 3353 4766 peccatori
3402 4697 3609 4754 misero

2040 4801 2136 4859 por
2165 4786 2441 4843 miseriam
2473 4795 2670 4857 sponte
2698 4796 3007 4859 susceptam
3032 4798 3376 4861 congrueret,
3405 4797 3466 4845 et
3512 4804 3614 4859 per

2035 4876 2304 4948 iustitiam
2330 4877 2441 4934 Deo
2465 4876 2614 4934 Patri
2645 4877 2961 4949 cohaereret,
2984 4890 3149 4952 atque
3197 4884 3280 4939 sic
3326 4883 3610 4941 bominem

2039 4968 2296 5027 liberaret
2318 4984 2426 5025 non
2451 4970 2628 5025 solum
2658 4985 2691 5025 a
2733 4970 2974 5039 miseria,
2998 4973 3094 5028 sed
3127 4974 3293 5031 etiam
3324 4989 3356 5029 a
3385 4986 3612 5046 peccato

2040 5077 2137 5133 per
2163 5076 2286 5118 eam
2309 5061 2694 5127 obedientiam,
2719 5079 2826 5132 qua
2870 5064 2986 5133 ipse
3024 5066 3150 5120 tulit
3174 5064 3454 5122 miseriam
3492 5069 3613 5123 sine

2040 5163 2283 5224 peccato.
2311 5152 2516 5210 Etideo
2538 5164 2752 5210 constat
2775 5156 2919 5225 quod
2951 5158 3053 5211 nisi
3083 5156 3251 5214 Filius
3282 5173 3385 5212 nos
3415 5159 3616 5213 libora-

2043 5247 2176 5303 verit
2206 5262 2236 5302 a
2259 5246 2391 5318 iugo
2415 5248 2620 5316 peccati
2643 5255 2699 5301 et
2727 5249 2982 5314 miseriae,
3009 5265 3136 5305 vere
3159 5250 3314 5304 liberi
3342 5267 3451 5306 non
3502 5256 3614 5305 eri-

2041 5354 2185 5405 mus,
2201 5338 2453 5410 quamvis
2479 5353 2546 5393 ex
2567 5342 2828 5396 creatrice
2866 5341 3040 5412 gratia
3074 5340 3256 5399 Patris
3284 5358 3315 5398 a
3364 5345 3613 5399 necessi-

2041 5437 2151 5483 tate
2171 5442 2384 5498 semper
2409 5427 2565 5484 liberi
2598 5430 2800 5498 simus3
2824 5439 2879 5487 et
2906 5429 3029 5487 ideo
3055 5447 3182 5487 cum
3213 5448 3310 5503 per
3327 5433 3612 5513 Christum

2041 5519 2358 5576 liberantem
2385 5534 2485 5575 nos
2516 5534 2546 5574 a
2567 5532 2807 5591 peccato,
2832 5531 2886 5577 et
2907 5538 2937 5576 a
2963 5524 3182 5594 miseria
3212 5522 3444 5581 facimus
3468 5526 3612 5581 bona

2043 5627 2230 5682 opera,
2273 5611 2389 5680 ipse
2435 5611 2569 5668 facit
2624 5613 2739 5670 haec
2782 5615 2838 5670 in
2906 5615 3093 5683 nobis,
3149 5625 3204 5671 et
3250 5618 3436 5673 omnia
3489 5634 3618 5689 quae
