3817 6000
87 188 160 245 toas
395 184 678 247 COiiilENTAlilllll
698 190 924 248 inusitatos,
944 221 979 233 —
996 190 1088 247 rans
1107 190 1139 247 ti.
1160 222 1196 233 -
1212 191 1313 250 isat.
1334 194 1429 254 lllllll.
1664 202 1734 259 tout

85 316 143 364 tem
154 303 451 377 templioccuparerat.
466 305 559 375 diter,
571 307 654 366 idest
675 308 783 377 Simon,
797 310 887 367 ambi·
902 324 926 381 p
939 309 1048 374 demus,
1068 309 1169 381 quibus
1191 312 1409 382 congratulando
1431 315 1565 376 dicimus:
1582 318 1734 376 Eiciemini

86 406 146 455 tum
160 397 279 454 civitatis
295 397 393 454 tenuit.
417 394 527 453 Tertius
549 397 621 454 inter
645 399 697 457 irus
722 401 841 468 medius,
858 401 887 457 id
932 409 1022 470 porte
1031 401 1179 458 eternales.
1192 401 1259 472 Vos,
1275 404 1399 475 inquam,
1414 410 1664 480 porte-eternales,
1680 412 1735 470 eta-

86 498 131 546 est
148 486 313 554 Eleazarus,
330 487 452 544 medium
464 487 583 546 civitatis
597 491 754 562 occuparit.
776 492 818 547 ito
831 506 887 547 non
937 492 1048 560 nemini,
1060 503 1155 549 utnon
1167 493 1516 570 nobispraevaieantportae
1529 502 1621 571 inirri,
1634 513 1733 563 utnon

85 580 173 638 edam
189 578 370 636 nuncrideas
384 579 411 635 in
428 579 615 637 bocertremo
637 582 886 640 consummationis
937 585 1001 655 pins
1024 585 1133 641 valeant
1160 587 1253 644 missae
1275 588 1427 647 interdictae
1452 594 1487 649 ad
1510 597 1732 654 exacerbandum

86 684 211 744 tempore
226 671 365 728 Simonem
379 687 491 744 magum
519 673 662 744 superiora
687 675 785 747 typicae
808 672 888 732 leru-
938 674 1036 745 Deum,
1050 692 1132 748 quam
1144 693 1194 735 ros
1206 679 1241 736 ad
1254 695 1316 736 eum
1328 682 1504 751 placandum.
1529 684 1586 742 lmo
1614 688 1642 743 in
1669 697 1731 744 tan·

87 765 185 832 salem,
211 764 239 820 id
261 771 304 820 est
325 772 428 820 sanctae
450 762 580 822 Ecclesiae
603 765 735 834 culmina,
766 767 887 825 bonores
938 775 997 823 tum
1013 783 1060 824 vos
1073 768 1228 837 elevamini,
1241 780 1272 827 ut
1285 787 1334 843 per
1350 774 1461 831 illicitas
1478 776 1579 833 missas
1602 777 1674 834 licus
1697 781 1732 836 ad

87 857 218 914 videlieet
233 856 436 913 ecclesiasticos
460 867 641 928 occupantem
653 857 772 913 rendere
782 872 815 915 ac
825 873 889 914 ren·
938 857 1007 914 iram
1018 868 1194 929 prouocatus,
1206 876 1256 932 por
1266 879 1315 921 vos
1326 865 1489 936 propitietur
1498 883 1586 937 usque
1597 867 1625 923 in
1637 869 1731 935 linem,

86 947 199 1005 dentem
212 954 240 1002 et
265 954 402 1003 ementem
425 946 581 1018 occuparet
607 947 649 1002 dn
674 962 729 1003 non
753 956 886 1016 extrema,
937 955 966 1004 et
981 962 1031 1018 pen
1040 964 1090 1007 ros
1099 960 1194 1022 portas
1213 959 1356 1012 aetenmics
1370 965 1398 1012 et
1411 957 1532 1014 elevatas
1554 959 1662 1030 gemina
1676 958 1732 1016 Ec·

88 1038 133 1094 rel
143 1038 278 1095 ambitum
296 1038 416 1095 civitatis
430 1036 478 1093 liei
490 1035 576 1094 ludas
589 1046 727 1094 mercator
749 1037 886 1109 pessimus
938 1038 1029 1098 clesiae
1040 1044 1184 1114 proueniat
1195 1046 1309 1115 utilitas,
1325 1048 1390 1105 dom
1401 1059 1430 1106 et
1439 1065 1487 1121 per
1500 1051 1562 1116 boc,
1578 1053 1652 1122 qrrod
1664 1053 1733 1109 estis

86 1142 116 1189 et
131 1130 178 1189 lur
188 1131 338 1203 sacrilegus
352 1131 456 1188 obtinet
472 1131 499 1186 in
529 1130 615 1187 lucris
635 1146 728 1187 rerum
752 1130 884 1187 ecclesia·
939 1134 1080 1191 tetmnnlea
1099 1147 1193 1208 porte,
1208 1139 1330 1195 ditantur
1348 1141 1443 1199 iideles
1464 1143 1625 1201 aternitatis
1643 1144 1726 1202 beati-

87 1225 235 1294 sticarum,
250 1223 392 1297 sacrilegis
399 1221 592 1295 pervasoribus
609 1222 731 1280 decimas
744 1240 777 1279 ιε
789 1226 887 1295 stipem
938 1225 1044 1294 tudine,
1056 1235 1137 1299 atque
1151 1244 1199 1298 ρει
1211 1230 1249 1295 id,
1264 1232 1338 1302 quod
1353 1233 1634 1303 estiseievata,tt1ud
1648 1238 1731 1294 etiam

85 1333 242 1391 pauperum
272 1318 404 1390 sacrilege
431 1316 574 1390 profligata
592 1317 697 1390 justitia
722 1317 775 1374 sibi
799 1316 888 1374 vindi·
937 1317 1060 1375 elevetur
1071 1334 1182 1376 sursum
1195 1336 1244 1393 per
1271 1340 1353 1380 usum
1385 1325 1498 1395 bonum,
1518 1329 1591 1400 quod
1620 1340 1732 1387 externa

85 1410 277 1468 cantibusid
292 1424 412 1482 quorum
429 1409 576 1501 sacni⁸egio
604 1424 656 1467 uec
681 1409 733 1481 ipsi
764 1410 885 1481 episcopi
938 1409 1071 1501 gravitate
1081 1421 1205 1484 vergeret
1216 1413 1244 1469 in
1257 1414 1353 1483 imum,
1372 1416 1396 1473 si
1411 1433 1460 1487 per
1481 1434 1531 1476 vos
1556 1431 1649 1491 portas
1674 1423 1730 1479 eie·

85 1502 229 1559 immunes
241 1511 317 1571 suot,
330 1502 379 1574 qui
403 1502 500 1559 eadem
531 1502 667 1574 stipendia
689 1518 840 1574 pauperum
857 1503 886 1558 ira
936 1510 1016 1558 tatas
1030 1516 1087 1559 uon
1100 1503 1253 1561 eleuaretur
1270 1521 1391 1564 sursum.
1408 1507 1521 1567 Parvos
1536 1513 1635 1570 nobilis
1650 1524 1732 1571 aeter-

86 1610 160 1651 usus
169 1595 254 1652 laicos
265 1593 444 1663 transierunt,
460 1594 504 1651 rei
522 1594 558 1651 ab
580 1588 648 1669 aliis
666 1594 802 1671 translata
830 1611 886 1651 non
938 1608 1039 1652 norum
1052 1597 1201 1669 promissio
1217 1598 1307 1671 pariat
1321 1600 1402 1659 nobis
1412 1600 1499 1672 isaac,
1514 1604 1591 1660 idest
1600 1607 1731 1677 gaudium

87 1695 251 1757 reposcunt.
275 1684 348 1744 inter
366 1687 419 1743 bos
442 1686 550 1743 medius
578 1685 709 1744 Nicolaus
734 1682 1170 1746 iornicatorBsirerisum.Pcr
1187 1692 1330 1749 rosetiam
1356 1694 1383 1750 in
1408 1695 1461 1751 bac
1489 1696 1545 1753 vita
1572 1699 1731 1770 centuplum

85 1778 182 1834 locum
193 1778 310 1844 obtinet,
335 1778 400 1835 dum
413 1777 441 1834 in
453 1778 538 1845 clero,
549 1779 669 1834 maxime
683 1785 775 1834 autem
791 1778 819 1834 in
839 1793 886 1835 sa·
937 1780 1082 1851 premium
1098 1782 1259 1854 accipiendo
1278 1784 1464 1856 suscipiamus
1488 1785 1642 1856 ismaelem,
1657 1791 1730 1862 quod

84 1870 214 1928 cerdotio
228 1869 396 1928 fornicantes
408 1871 474 1926 binc
483 1868 735 1943 pseudoepiscopos
753 1870 880 1943 superio·
938 1873 1134 1946 interpretatur
1148 1876 1296 1945 exauditio,
1313 1887 1345 1935 ut
1365 1894 1398 1935 ex
1414 1880 1589 1953 perceptione
1611 1899 1732 1954 praesen·

86 1978 137 2019 res
148 1961 300 2032 respiciunt
316 1980 323 2018 ι
338 1962 403 2018 bino
417 1961 570 2019 verolaicis
583 1961 704 2019 inarime
729 1966 758 2020 in
782 1972 886 2037 myste-
938 1962 1007 2017 tium
1020 1978 1165 2020 muncrum
1180 1966 1260 2021 tirma
1279 1967 1316 2023 sit
1330 1971 1498 2040 exspectatio
1526 1971 1693 2040 litterarum,
1705 1983 1734 2031 ct

86 2056 136 2111 rio
151 2054 305 2126 iniquitatis
319 2055 478 2127 superiores
489 2057 623 2126 existunt,
636 2057 738 2129 quibus
751 2058 835 2113 etiarn
851 2057 886 2113 ad
937 2056 1120 2127 presentibus
1135 2056 1216 2114 donis
1231 2056 1279 2114 Dei
1291 2058 1456 2117 sufficienter
1465 2061 1553 2133 adjuti
1565 2066 1732 2135 sempiterna

86 2146 336 2203 inlerosunacum
365 2146 607 2219 pseudoepiscopis
625 2157 712 2220 portae
737 2147 807 2205 liunt
835 2148 887 2220 ipsi
938 2146 1093 2205 fiducialius
1107 2157 1279 2219 appetamus.
1294 2148 1348 2207 Per
1359 2166 1410 2209 ros
1419 2162 1511 2223 portes
1537 2155 1691 2224 eternales,
1704 2165 1732 2213 et

86 2239 365 2311 pseudosacerdotes,
389 2248 438 2295 aut
454 2239 513 2312 ipsa
527 2255 624 2297 eorum
639 2240 782 2297 interdieta
799 2239 887 2297 officia
937 2240 1057 2298 elevatas
1069 2260 1079 2294 ι
1093 2256 1177 2298 omue
1199 2243 1293 2299 datum
1312 2244 1508 2316 optimumst
1524 2261 1607 2304 omne
1627 2250 1731 2308 donum

86 2340 118 2387 et
131 2331 232 2398 missae,
243 2345 313 2402 quas
326 2329 487 2387 interdictas
503 2329 641 2386 interdicti
664 2338 778 2398 canunt,
792 2329 827 2385 ad
843 2330 886 2385 in·
937 2330 1089 2403 perlectum
1114 2333 1261 2390 desursum
1276 2354 1286 2387 ι
1304 2335 1338 2391 ad
1360 2351 1411 2393 nos
1437 2336 1583 2395 descendat
1599 2341 1732 2400 aaPatra

87 2424 225 2480 ieroseos
236 2434 366 2479 unacum
380 2422 457 2479 laicis
468 2437 563 2479 eorum
587 2433 684 2480 contra
711 2423 886 2479 interdictum
938 2421 1191 2497 luminum(locob.
1204 2440 1225 2492 r,
1239 2424 1295 2496 ll).
1315 2446 1325 2479 r
1345 2425 1399 2483 Vos
1424 2438 1518 2499 portas
1542 2430 1604 2487 coeli
1627 2433 1732 2503 aperiat

87 2514 266 2570 auditoribus
279 2515 360 2586 quasi
376 2515 502 2586 quadarn
514 2524 601 2586 portae
616 2515 814 2572 transmittunt.
937 2511 1084 2583 Dominus,
1101 2522 1128 2570 et
1141 2514 1217 2585 pluat
1231 2516 1311 2573 nobis
1322 2533 1372 2589 ρει
1385 2534 1436 2577 uos
1450 2536 1562 2590 manna,
1575 2532 1605 2579 ut
1616 2525 1731 2582 edamus

128 2607 151 2663 0
166 2617 284 2681 quantas
305 2608 348 2664 bae
361 2617 456 2680 potue,
471 2609 512 2665 rel
526 2609 554 2664 bi
569 2608 708 2680 principes
731 2623 779 2680 per
792 2617 887 2680 portas
937 2620 1036 2677 panem
1053 2606 1227 2679 angelorum,
1238 2608 1337 2679 quiesi
1348 2610 1428 2667 unica
1440 2611 1553 2670 reiectio
1563 2616 1730 2686 animarum,

81 2715 160 2757 suas
184 2698 218 2755 ad
241 2698 344 2756 inleros
359 2700 477 2769 animas,
505 2700 624 2757 martinae
639 2708 760 2771 tempore
776 2697 887 2756 ilenrici
937 2708 966 2755 et
977 2700 1080 2757 cibaria
1092 2702 1183 2758 mittat
1195 2703 1275 2760 nobis
1290 2703 1317 2759 in
1340 2704 1519 2774 abundantis,
1544 2710 1672 2767 etiamad
1688 2723 1732 2766 re-

88 2791 127 2847 iv
149 2793 191 2848 rei
219 2790 241 2848 i
266 2793 499 2862 transmiserunt,
527 2802 554 2850 et
583 2792 676 2849 adbuc
701 2791 887 2849 transmittere
938 2789 1054 2848 deienda
1068 2808 1193 2865 corpora,
1207 2803 1234 2851 ει
1245 2795 1425 2854 confortanda
1438 2798 1464 2854 in
1484 2816 1566 2857 usum
1593 2802 1730 2859 bonorum

89 2898 148 2940 non
162 2882 304 2939 desinunt!
322 2880 481 2951 bioendum,
497 2891 524 2939 et
538 2883 639 2954 saepius
652 2881 710 2954 jam
727 2898 776 2954 per
796 2882 888 2955 ponti·
937 2898 1062 2954 opermu.

88 2977 159 3034 lices
168 2975 309 3034 Rornanos
324 2975 427 3033 dictum
446 2984 490 3034 est
504 2975 564 3034 istis
584 2976 775 3050 principibus:
793 2977 887 3035 Tollite
977 2972 1048 3032 Sunt
1060 2990 1125 3033 uero
1139 2984 1167 3033 et
1179 2977 1240 3034 alim
1253 2987 1341 3050 portae
1353 2977 1511 3050 intimantes,
1525 2999 1558 3041 ac
1569 2999 1639 3056 pene
1653 2986 1732 3046 irinu-

88 3079 196 3140 portos,
208 3069 351 3139 principes,
366 3079 477 3136 uestrae,
492 3066 519 3124 id
534 3077 576 3125 cst
600 3066 706 3125 anierte
725 3069 825 3126 missas
839 3085 887 3126 ιε·
901 3027 923 3086 c
940 3067 1086 3125 membiies
1110 3068 1269 3126 innumeras
1282 3070 1390 3129 animas
1409 3074 1443 3128 ad
1458 3072 1561 3133 inieras
1588 3079 1731 3136 transmit-

90 3169 178 3230 stras,
191 3177 261 3233 qiras
272 3161 425 3232 perniciose
442 3161 571 3227 cantatis,
584 3170 612 3216 et
625 3160 730 3217 cantari
745 3160 847 3225 iacitis,
858 3168 889 3216 ut
939 3168 1038 3215 mutes.
1050 3156 1103 3216 Tot
1122 3160 1196 3216 enim
1208 3169 1274 3216 sunt
1283 3169 1369 3232 portae
1380 3162 1472 3231 inferi,
1485 3173 1553 3236 quot
1565 3167 1730 3237 criminalia,

88 3271 144 3329 per
156 3271 214 3323 eas,
228 3255 308 3327 quasi
318 3271 368 3327 per
380 3265 474 3326 portas
493 3252 573 3311 inieri
591 3253 783 3311 transmittatis
798 3269 846 3311 eos
858 3254 886 3309 iu
938 3250 982 3307 rei
995 3250 1122 3323 capitalia
1134 3261 1245 3323 peccata
1262 3253 1358 3310 mundi
1371 3252 1399 3308 in
1414 3254 1536 3327 maligno
1559 3258 1652 3329 positi.
1673 3259 1731 3315 ila-

90 3347 244 3414 iniernum,
259 3364 306 3422 nin
322 3348 391 3404 tales
404 3345 556 3409 missasrel
568 3354 691 3413 cantant,
704 3346 746 3402 ιεΙ
774 3346 889 3403 audiunt
938 3361 992 3417 gna
1008 3359 1106 3416 nempe
1117 3355 1207 3417 porta,
1218 3354 1244 3403 et
1261 3347 1344 3403 nimis
1358 3346 1412 3404 aito
1423 3349 1549 3405 subrecta
1566 3359 1609 3406 est
1631 3366 1730 3422 supcr-

91 3448 190 3496 contra
214 3439 389 3497 interdictum
416 3438 605 3494 Romanorum
627 3438 797 3509 pontillcum,
817 3454 888 3508 quos
937 3436 993 3502 bia,
1009 3435 1080 3502 iate,
1095 3451 1128 3493 ac
1140 3436 1223 3494 nimis
1236 3438 1334 3510 amplae
1344 3450 1429 3509 portae
1442 3439 1557 3495 avaritia
1568 3449 1595 3496 ει
1609 3440 1730 3511 luxuria,

89 3531 167 3603 justa
180 3532 368 3604 praecipientes
390 3532 486 3589 audire
511 3530 592 3588 debet
610 3530 732 3588 Ecclesia
756 3540 887 3602 tanquam
938 3543 972 3584 ac
987 3528 1092 3599 reliqua
1102 3529 1238 3600 ejusmodi
1250 3531 1315 3587 uitia
1327 3532 1465 3603 capitalia,
1481 3534 1582 3605 quibus
1593 3544 1688 3591 nostro
1701 3534 1730 3591 in

92 3623 185 3693 ipsum
213 3621 323 3678 beatum
343 3620 465 3679 Petrum.
479 3619 574 3676 l'ollite
598 3620 648 3677 bas
672 3631 783 3691 portas:
797 3629 824 3675 et
838 3633 888 3674 ros
937 3629 1060 3692 tempore
1072 3622 1125 3678 alia
1139 3623 1264 3693 quaedam
1286 3625 1404 3682 accessit
1418 3637 1507 3696 porta,
1523 3625 1592 3685 laisa
1605 3626 1732 3686 videlicet

91 3716 243 3782 eneromini,
255 3724 339 3786 porte
352 3714 501 3782 eternales,
513 3713 617 3769 scilicet
629 3713 721 3769 missae
735 3711 887 3769 catholico·
937 3711 1119 3782 poenitentia,
1148 3714 1279 3770 nimirum
1305 3715 1599 3789 pseudosacerdotibus
1622 3720 1731 3778 animas

92 3821 168 3873 rum,
182 3807 323 3879 inquibus
339 3815 435 3879 regnat
449 3805 637 3877 principaliter
652 3802 813 3861 aeternitatis
840 3802 888 3859 de-
936 3800 1146 3872 decipientibus,
1158 3811 1185 3859 et
1194 3817 1252 3870 eas,
1265 3819 1388 3875 quenon
1398 3806 1504 3874 vivunt,
1517 3807 1730 3878 viriiicantibns,

93 3899 237 3965 siderium,
262 3898 307 3955 cui
332 3897 519 3971 adjunguntur
542 3911 635 3969 preces
658 3895 761 3961 lideles,
790 3903 818 3950 et
837 3908 888 3965 pro
938 3890 1139 3981 sicqueeasad
1155 3890 1260 3948 inieros
1273 3892 1325 3950 sui)
1339 3895 1430 3965 speeie
1457 3897 1567 3968 pietatis
1587 3902 1729 3956 transmit-

94 3989 415 4061 statutomporaiiumad
430 4004 512 4046 usum
526 3988 646 4045 tideiium
661 4001 710 4058 per
734 3987 792 4042 lime
816 3994 887 4042 tem·
938 3981 1070 4051 tentibus,
1087 3983 1287 4055 acsubspecic
1301 3985 1493 4060 medicamenti
1510 3989 1618 4047 animas
1632 3991 1728 4047 vulne-

94 4079 200 4150 poralia
217 4079 387 4138 tendentium
402 4079 437 4136 ad
454 4088 567 4136 aeterna.
937 4074 1075 4143 rantibus,
1087 4074 1143 4131 imo
1154 4086 1182 4133 et
1202 4074 1271 4133 laisa
1299 4078 1514 4150 praesumptione
1540 4081 1628 4137 veniae
1651 4083 1727 4138 occi·

131 4169 253 4227 Fueritut
267 4172 377 4243 quidem
392 4172 465 4228 inter
488 4169 635 4243 Apostolos
660 4166 773 4239 quidam
795 4164 887 4239 magni
937 4166 1078 4224 dentibus.
1088 4164 1150 4223 Non
1163 4167 1236 4224 eninr
1249 4167 1284 4224 ab
1301 4169 1352 4236 eis,
1364 4169 1436 4226 sicut
1449 4171 1477 4248 in
1489 4170 1547 4242 iege
1561 4182 1727 4244 preceptum

94 4263 242 4337 primitium
252 4261 382 4320 Ecclesia
393 4263 530 4335 principa
558 4262 698 4333 predictis
718 4258 888 4333 principibus
937 4261 1199 4332 est,ipectusculum
1210 4259 1443 4329 elevationis,rrei
1456 4281 1466 4314 ι
1481 4276 1588 4318 armum
1600 4264 1728 4319 deutrum

94 4353 174 4410 valde
188 4353 317 4426 oppositi,
343 4353 467 4410 videlicet
495 4351 591 4409 Simon
618 4349 734 4419 Petrus,
754 4347 889 4421 apostolo
902 4366 926 4422 ρ
939 4350 1121 4422 separationis
1132 4349 1205 4422 (Leo.
1216 4366 1276 4418 ιιιι,
1287 4350 1333 4420 di)
1348 4369 1358 4404 r
1375 4351 1500 4423 exigunt,
1523 4349 1605 4407 idest
1624 4366 1729 4421 nequa·

93 4461 157 4502 rurn
171 4453 275 4511 vertex,
288 4445 423 4501 damnans
433 4442 574 4499 Simonem
590 4440 711 4515 Magum,
726 4448 754 4496 et
766 4438 886 4496 loannes
935 4456 1019 4512 quam
1026 4441 1105 4498 abeis
1110 4441 1395 4513 propositumeievata
1401 4441 1434 4499 ad
1442 4441 1729 4512 lieumvoiuntatis,ac

94 4537 240 4608 theologus
273 4536 446 4608 privilegium
472 4533 639 4606 virginitatis
671 4540 886 4603 praemonstrans
935 4535 1212 4605 separataeasaeculo
1227 4533 1394 4606 operationis
1409 4535 1655 4591 armumdextrum
1677 4550 1729 4591 ex-

93 4637 192 4685 conus
206 4625 349 4685 Nicolaum
361 4626 567 4694 fornicatorem,
580 4632 609 4681 et
627 4621 769 4695 apostolus
784 4620 887 4678 Paulus
935 4623 1060 4696 quirunt,
1072 4623 1120 4680 sed
1132 4622 1226 4680 odinm
1240 4624 1269 4679 in
1279 4623 1362 4680 corde
1372 4625 1572 4682 etconcubioas
1584 4626 1728 4683 retinenti-

92 4723 158 4795 pius
172 4720 301 4778 omnibus
328 4718 458 4777 laborans
474 4720 501 4775 io
526 4717 674 4791 Evangelio
690 4725 792 4773 sanctae
816 4714 885 4773 ciri·
935 4716 999 4786 bus,
1011 4717 1140 4788 quaelibet
1151 4716 1255 4789 injusta
1271 4715 1407 4786 acquisita
1432 4717 1475 4773 rel
1500 4718 1623 4775 decimas
1649 4717 1729 4777 laicis

92 4814 160 4872 tatis
175 4822 271 4871 lenens
284 4811 429 4879 ambitum,
447 4811 494 4883 (1¹¹1
510 4812 538 4868 ¹¹¹
558 4809 674 4867 circuitu
687 4809 722 4864 ²¹)
733 4806 886 4865 Jerusalem
935 4811 1140 4884 possidentibus
1158 4810 1193 4867 ab
1214 4809 1303 4867 officio
1320 4810 1415 4878 noxio,
1429 4826 1445 4867 ι
1458 4811 1580 4884 negotio,
1595 4811 1638 4867 rel
1653 4810 1729 4867 miii·

93 4904 241 4976 usquead
274 4903 413 4977 illyricum
437 4904 550 4974 repleuit
566 4902 746 4972 Evangelium
772 4900 885 4968 Christi,
936 4907 974 4962 ιιι
987 4905 1021 4979 [s.
1034 4902 1150 4977 maiitia]
1175 4918 1231 4960 non
1258 4903 1450 4961 recedentibus
1470 4902 1648 4975 poenitentias
1672 4909 1730 4957 tra-

92 4997 172 5054 ludae
185 4998 320 5069 sacrilego
333 5011 383 5069 pet·
400 4997 636 5070 eleemosynarum
647 4996 800 5066 largitatem
820 5008 887 5051 00¹1·
932 4999 1015 5076 dunt,
1028 5014 1093 5057 cum
1107 5008 1220 5056 econtra
1247 5009 1408 5057 sanctorum
1420 4997 1533 5055 Patrum
1559 5005 1730 5054 contestetur

94 5091 208 5159 erarius,
223 5107 295 5164 quas
309 5092 432 5150 studiose
442 5092 574 5164 colligens
587 5107 604 5148 a
617 5090 746 5163 pentibus
763 5087 887 5162 perferre
936 5091 1099 5160 auctoritas,
1111 5106 1168 5149 non
1178 5107 1260 5165 posse
1278 5092 1437 5164 quempiam
1454 5090 1489 5147 de
1515 5105 1572 5146 uoo
1592 5088 1730 5146 criminali

24 5227 31 5238 .
93 5181 138 5238 rel
155 5184 343 5240 transmittere
368 5183 471 5240 sanetis
486 5176 727 5255 in'ierosolpmam
754 5181 886 5238 sollicitus
935 5182 1125 5255 penitentiam
1143 5198 1233 5255 agere,
1247 5184 1294 5257 qui
1307 5183 1343 5240 ab
1352 5183 1408 5240 aiio
1434 5195 1488 5238 oon
1504 5181 1663 5239 recesserit.
1675 5178 1730 5249 Qui

94 5274 148 5331 luit
159 5274 188 5350 (i
202 5276 265 5333 Cor.
281 5293 327 5347 ιι,
338 5277 395 5348 it).
413 5274 448 5332 Et
466 5291 539 5334 nunc
555 5275 627 5334 licus
641 5276 755 5334 suscitet
769 5292 802 5333 ac
814 5276 886 5333 mul·
936 5274 1010 5332 enim
1039 5292 1049 5327 ι
1066 5274 1180 5332 offendit
1206 5276 1316 5343 inuno,
1333 5291 1397 5331 reus
1419 5272 1508 5330 lactus
1536 5281 1578 5330 est
1604 5271 1730 5328 omnium

94 5367 238 5439 tipiicetio
248 5368 371 5428 Ecclesia
381 5369 483 5426 multos
493 5369 593 5425 horum
604 5369 759 5441 principum
785 5384 886 5441 suppa·
936 5366 1008 5438 (lac.
1020 5384 1051 5437 rr,
1061 5367 1117 5440 lb),
1133 5387 1142 5422 ι
1160 5384 1215 5424 non
1226 5367 1335 5441 quidem
1349 5366 1500 5424 secundum
1516 5365 1642 5423 eliectum
1664 5380 1731 5436 ope

95 5475 141 5517 res
153 5461 292 5529 meliores,
305 5472 332 5520 ct
344 5460 482 5517 eternales
506 5469 598 5531 portos
623 5461 784 5533 pandentes,
794 5462 885 5518 diuina
935 5458 986 5526 ris,
1002 5458 1050 5515 sed
1060 5469 1193 5530 quantum
1208 5461 1242 5515 ad
1254 5457 1475 5514 consecutionem
1495 5457 1593 5513 attinet
1620 5454 1728 5512 salutis.

96 5563 269 5613 sacramenta
283 5555 346 5622 rite,
364 5552 463 5611 aclieo
480 5552 578 5625 placite
602 5554 781 5621 celebrantes,
791 5554 885 5626 qualos
973 5550 1068 5609 Sedet
1089 5568 1138 5625 pro
1166 5552 1209 5607 bis
1233 5552 1320 5622 portis
1345 5549 1475 5616 dicimus,
1495 5549 1583 5620 tnagis
1605 5558 1730 5604 autema

96 5646 190 5717 etiam,
203 5644 259 5704 lico
268 5645 457 5720 gratias‚nunc
468 5652 561 5716 portas
571 5645 663 5716 pandi,
674 5655 701 5702 et
711 5645 810 5705 eiurari
822 5662 885 5720 gau·
938 5644 1043 5715 Spiritu
1065 5653 1160 5701 sancto
1178 5659 1225 5715 ρει
1238 5640 1367 5698 Ecclesia
1379 5625 1499 5698 rectores
1514 5641 1607 5698 cllicac
1620 5649 1660 5697 ter
1672 5638 1729 5696 dici
