3817 6000
297 210 364 266 'tt
1214 187 1522 252 CARNERI
1557 182 1718 246 CAN.
1756 185 1918 244 REG.
1958 184 2017 241 S.
2061 179 2382 240 vlc'roms
2421 178 2647 236 PARlS.
3494 173 3572 230 73

299 323 461 399 {uerit
486 337 697 394 corpus,
720 319 837 375 illic
865 283 1398 390 congregabuntufet
1427 311 1620 383 aquiloe
1654 306 1875 382 (blattb.
1906 308 1955 366 A
1982 318 2117 374 gnra
2152 301 2326 359 nostri
2362 299 2619 359 sacrificii
2645 296 2821 356 secari
2862 303 3077 368 guttur,
3103 302 3159 351 et
3204 307 3315 350 non
3347 293 3576 364 penitus

298 435 449 487 xxxv,
493 416 594 485 283
637 413 770 469 Luc.
802 428 918 479 xvi,
964 409 1079 482 57).
1133 407 1213 464 Ac
1258 405 1306 462 si
1356 415 1542 476 aperte
1573 403 1740 460 dicat.
1775 398 1882 469 Qui

297 507 506 566 coelesti
537 505 664 562 sede
685 503 1007 560 incarnatus
1035 497 1366 567 Redemptor
1388 501 1568 551 vester
1594 490 1881 565 praesideo,

297 603 596 657 electorum
630 610 853 669 quoque
892 593 1138 659 animas,
1174 604 1302 647 cum
1328 601 1498 644 carne
1532 585 1780 651 solvero,
1815 581 1883 638 ad

299 691 542 750 coelestia
567 689 881 747 sublevabo.

841 801 952 875 70
985 798 1215 857 carur
1252 797 1339 853 m.

914 915 980 954 m:
1015 911 1276 953 COLUEBA·

302 1021 370 1076 Iu
400 1019 680 1090 Scriptura
709 1033 863 1072 sacra
891 1012 1146 1069 columboe
1175 1010 1388 1066 nomine
1416 1005 1705 1078 aliquando
1732 1018 1886 1056 man·

369 1091 593 1146 staeetudo
640 1088 854 1143 Domini
903 1083 1250 1154 intelligitur,
1301 1078 1591 1151 aliquando
1639 1074 1885 1156 Christus

373 1174 535 1226 totus,
566 1161 623 1215 id
657 1170 736 1215 est
762 1166 920 1228 caput
959 1172 1079 1210 cum
1117 1167 1353 1223 conpore,
1382 1147 1671 1221 aliquando
1712 1143 1887 1216 Spuri·

371 1246 454 1288 tus
479 1241 720 1295 sauctus,
751 1230 1042 1301 aliquando
1070 1235 1258 1280 sancta
1288 1219 1552 1276 Ecclesia.

373 1347 523 1418 (106)
559 1345 841 1402 Columbae
872 1340 1126 1405 nomine,
1151 1335 1515 1394 mansuetudo
1550 1332 1768 1390 Domini
1800 1331 1888 1387 in·

277 1442 582 1514 .tclligitur,
607 1440 750 1498 sicut
770 1453 866 1509 per
887 1435 1208 1507 proplietam
1231 1432 1432 1489 dicitur
1456 1449 1471 1485 t
1499 1429 1716 1485 Deserta
1738 1430 1887 1499 sacta

300 1545 379 1591 cst
406 1546 550 1591 terra
579 1551 611 1588 a
642 1534 783 1603 facie
806 1532 902 1588 iroe
936 1529 1212 1596 columbae,
1236 1538 1288 1585 et
1320 1545 1354 1584 a
1391 1527 1531 1599 [acie
1563 1526 1659 1581 iroe
1685 1525 1884 1596 suroris

303 1627 519 1684 Domini
553 1625 688 1698 (Jer.
719 1641 873 1692 xxvi,
908 1625 1022 1697 58).
1062 1622 1219 1692 Quod
1265 1622 1403 1677 iram
1439 1619 1708 1676 columbae
1747 1632 1886 1689 prae·

300 1719 515 1775 dixerat
558 1719 662 1775 boc
708 1716 953 1774 furorem
1005 1715 1216 1771 Domini
1267 1711 1570 1784 subJunxit.
1616 1709 1882 1768 Columba

304 1825 540 1882 namque
584 1809 742 1866 valde
774 1808 1004 1879 simplex
1044 1818 1124 1862 nst
1156 1810 1380 1862 annual.
1420 1806 1485 1858 Et
1517 1806 1641 1874 quia
1693 1807 1741 1858 in
1781 1806 1885 1854 [ιι-ῃ

303 1903 451 1959 nulla
501 1901 703 1959 suroris
747 1902 1088 1972 inaequalitas
1136 1902 1320 1970 sci-[iit.
1360 1902 1601 1954 surorum
1649 1898 1881 1958 limnini,

302 1998 440 2053 iram
469 1996 740 2053 columbae
785 1994 1108 2049 nominarit.
1152 1994 1212 2046 Ῑῖι
1264 1998 1408 2046 υτιὶτιι
1461 1994 1657 2050 dirime
1701 1994 1885 2046 distri-

300 2088 500 2145 ctioni·
530 2087 639 2143 vim
671 2087 727 2142 iu
770 2085 881 2142 Deo
921 2085 1424 2155 imp-*ruurbaliilrrn
1461 2087 1885 2147 dullltjtlkilrstwl,

301 2189 357 2236 et
384 2181 521 2235 iram
554 2180 713 2245 dixit,
750 2189 807 2236 ct
839 2179 1124 2236 columine.
1168 2183 1240 2231 ,lin
1284 2183 1328 2231 si
1372 2179 1613 2247 apertius
1637 2179 1837 2231 dict-ret
1873 2199 1881 2227 z

301 2271 619 2329 Districttttn
645 2272 914 2343 judicium
945 2272 1304 2327 limum-ussus
1336 2275 1525 2335 [erm-lt,
1553 2273 1645 2343 qni
1677 2287 1889 2343 [wrm-„1-

300 2382 439 2422 nens
468 2376 788 2423 mansuetus
825 2365 1001 2438 punit.
1042 2362 1199 2421 Unde
1231 2374 1288 2420 et
1314 2364 1370 2420 in
1408 2363 1888 2435 extremojudicio

300 2464 360 2520 in
389 2464 686 2535 semetipso
723 2461 1189 2520 incommutabilis
1228 2475 1461 2517 manens
1490 2458 1640 2516 nulla
1669 2458 1888 2515 vicissi-

303 2559 491 2617 tudine
531 2577 596 2619 ac
636 2559 1001 2617 mutabilitate
1042 2558 1308 2624 variatur,
1340 2556 1436 2614 sed
1482 2563 1669 2613 tamen
1700 2555 1889 2612 electis

302 2669 370 2712 ac
397 2654 643 2725 reprobis
674 2665 1023 2725 nequaquam
1059 2651 1163 2709 sub
1193 2651 1375 2724 specie
1403 2651 1648 2723 ejusdem
1679 2651 1891 2708 incom-

302 2748 684 2804 mutabilitatis
725 2747 1053 2814 ostenditur,
1086 2748 1217 2820 quia
1256 2746 1585 2817 tranquillus
1619 2745 1809 2817 justis,
1835 2754 1892 2802 et

301 2841 478 2896 iratus
505 2840 716 2910 parebit
744 2839 980 2911 injustis.
1007 2833 1170 2895 'reste
1187 2837 1335 2894 enim
1363 2836 1722 2906 conscientia,
1746 2837 1897 2893 intra

302 2932 628 3005 semetipsos
665 2931 1006 2997 deferuntur,
1037 2931 1181 2988 unde
1207 2940 1473 2988 eteorum
1500 2940 1713 2988 mentes
1735 2943 1893 3003 aeque

302 3042 476 3085 unum
515 3025 841 3099 respiciant,
879 3026 976 3084 sed
1013 3042 1123 3084 non
1164 3026 1448 3097 :equaliter
1481 3025 1888 3091 modificentur,
1916 3033 1959 3091 c

301 3121 431 3194 quia
462 3132 517 3178 et
544 3121 663 3178 istis
683 3135 808 3176 eum
836 3119 1130 3193 benignum
1159 3119 1417 3187 ostendit,
1447 3127 1697 3176 anteacta
1720 3118 1889 3190 iusti-

303 3216 401 3282 tia,
426 3225 483 3271 et
515 3213 624 3271 illis
664 3212 961 3270 terribilem
1003 3212 1182 3284 culpa.
1225 3211 1341 3270 Hoc
1371 3214 1556 3283 itaque
1586 3212 1708 3269 loco
1737 3211 1891 3268 l'uror

304 3308 522 3364 Domini
554 3323 663 3364 non
691 3305 1032 3378 perturbatio
1061 3306 1262 3362 divium
1291 3305 1630 3373 substantia’,
1654 3305 1751 3361 sed
1792 3319 1890 3360 su-

304 3419 400 3475 per
429 3410 742 3474 peccatores
786 3401 930 3457 male
963 3400 1067 3457 sibi
1107 3400 1362 3456 conscios
1386 3398 1718 3456 examinatio
1741 3398 1890 3469 iusta

302 3495 577 3550 vindictae.
606 3492 868 3561 Quamvis
892 3492 1039 3548 enim
1069 3507 1197 3548 eum
1224 3489 1578 3562 tranquillum
1608 3491 1660 3545 in
1680 3490 1892 3561 judicio

304 3587 544 3653 videant,
574 3585 706 3658 quia
743 3594 922 3640 tamen
962 3582 1237 3641 feriendos
1266 3599 1327 3640 se
1354 3585 1425 3640 ab
1466 3582 1559 3639 illo
1590 3600 1698 3640 uon
1729 3584 1890 3640 dubi-

305 3688 446 3747 tant,
468 3694 594 3736 cum
613 3678 731 3735 suis
752 3676 997 3734 moribus
1017 3677 1390 3748 perturbatum
1412 3686 1627 3747 putant.
1651 3676 1754 3750 71
1778 3676 1894 3735 Hoc

305 3773 569 3829 niiuirum
596 3771 843 3844 quotidie
879 3771 933 3827 in
971 3786 1078 3828 usu
1117 3770 1243 3828 vitae
1275 3771 1561 3843 praeseutis
1601 3772 1802 3845 agitur,
1833 3782 1896 3829 ut

307 3866 377 3922 de
417 3865 683 3937 qualitate
718 3863 934 3922 venturi
967 3864 1172 3935 judicis
1219 3864 1538 3922 mortalium
1583 3866 1749 3923 corda
1791 3866 1892 3922 do-

305 3969 557 4014 ceantur.
593 3956 729 4014 Nam
766 3974 892 4015 cum
925 3959 1037 4015 duo
1072 3957 1141 4013 ad
1167 3957 1436 4028 judicium
1467 3969 1720 4031 pergunt,
1753 3959 1895 4016 alius

309 4050 636 4107 innocentiae
673 4050 776 4106 sibi
816 4051 1095 4116 conscinS,
1138 4051 1280 4107 alius
1316 4052 1513 4124 culpae,
1555 4062 1680 4108 ante
1709 4051 1894 4123 prola-

309 4151 425 4199 tam
472 4142 798 4200 sententiam
843 4142 1022 4199 adbuc
1070 4153 1339 4200 tacentem
1381 4143 1623 4214 judicem
1680 4143 1898 4215 utrique

309 4234 616 4302 sustinent;
639 4243 897 4290 ettamen
929 4236 1103 4305 culpae
1127 4236 1341 4291 debitor
1365 4252 1585 4307 gravem
1618 4245 1810 4293 contra
1837 4253 1898 4294 se

1984 394 2230 452 abscindi
2248 393 2473 466 iubetur
2499 390 2688 464 (Lavit.
2718 406 2759 458 t,
2798 388 2913 459 16),
2953 388 3030 444 ita
3074 393 3137 444 u:
3172 394 3299 459 post
3332 397 3573 443 mortem

1984 495 2150 559 caput
2180 485 2399 557 corpori
2445 484 2728 541 inbaereat.
2761 480 2897 549 Quis
2934 478 3080 535 enim
3111 486 3277 548 caput
3313 484 3574 534 nostrum

1984 588 2090 646 est,
2113 577 2221 634 nisi
2253 576 2584 647 Redemptor
2620 572 2838 646 generis
2869 569 3133 626 humani?
3171 568 3248 624 De
3285 583 3398 638 quo
3429 567 3576 625 scri·

1984 679 2136 742 ptum
2164 676 2289 725 est:
2321 665 2507 739 Ipsum
2542 673 2702 735 caput
2731 663 2877 719 dedit
2909 677 3071 734 supra
3109 658 3423 726 Ecclesiam,
3447 674 3575 731 quoe

1986 773 2063 818 est
2105 777 2293 832 corpus
2333 761 2502 830 ipsius
2532 757 2748 832 (Epltes.
2777 772 2816 824 ι,
2841 754 2956 827 22).
3001 752 3176 822 Quem
3223 768 3349 810 cum
3393 750 3575 808 Judaei

1986 864 2473 926 persequerentur,
2510 866 2711 910 nomen
2740 849 2862 921 ejus
2896 848 3078 905 delere
3102 845 3172 904 de
3207 854 3354 903 terra
3384 842 3576 902 conati

1987 955 2136 1005 sunt.
2161 946 2411 1019 Cumque
2434 944 2903 1003 eum-crucifixum
2926 951 2980 1000 et
3001 941 3276 1014 sepultum
3298 940 3573 1007 viderent,

1987 1041 2138 1097 bunc
2168 1055 2230 1097 se
2265 1039 2337 1097 ab
2370 1053 2559 1095 amore
2603 1037 2849 1093 omnium
2898 1035 3151 1092 divisisse
3196 1033 3569 1090 crediderunt.

1990 1132 2097 1189 Sed
2123 1140 2289 1205 caput
2316 1131 2584 1188 columbae
2613 1129 2699 1185 vel
2743 1127 2972 1184 turturis
3011 1134 3068 1182 et
3113 1124 3350 1181 incisum
3376 1132 3480 1191 cst,
3512 1131 3576 1178 et

1988 1233 2169 1281 tamen
2200 1239 2231 1279 a
2282 1237 2385 1280 suo
2424 1235 2654 1291 corpore
2694 1218 2931 1274 divisum
2980 1231 3089 1272 non
3135 1222 3239 1281 est,
3277 1216 3468 1286 quiex
3499 1227 3578 1270 eo

1986 1315 2137 1388 quod
2184 1313 2448 1370 Mediator
2471 1311 2568 1367 Dei
2609 1319 2664 1366 et
2708 1309 3016 1375 bominum,
3050 1307 3102 1363 id
3140 1316 3224 1363 est
3262 1313 3424 1376 caput
3449 1319 3578 1361 om-

1987 1408 2139 1462 nium
2172 1414 2443 1471 nostrum,
2482 1413 2537 1460 et
2566 1413 2707 1459 verae
2743 1398 3113 1457 mundationis
3137 1397 3314 1453 hostia
3341 1411 3438 1468 pro
3469 1409 3578 1452 no-

1988 1490 2326 1556 bis'mortem
2353 1496 2594 1570 pertulit,
2625 1509 2819 1551 omncs
2860 1508 2961 1549 nos
2996 1490 3100 1548 sibi
3132 1490 3313 1546 verius
3353 1488 3410 1544 iu
3449 1489 3577 1559 ipsa

1988 1607 2089 1647 sua
2134 1599 2307 1647 morte
2346 1588 2652 1660 conjunxit.
2701 1586 2768 1641 Et
2808 1602 2904 1657 per
2949 1585 3055 1641 boc
3100 1583 3247 1655 quod
3276 1598 3337 1640 se
3365 1580 3575 1638 nostris

1917 1687 1960 1742 B
1985 1683 2161 1740 oculis
2188 1681 2478 1739 visibiliter
2516 1680 2811 1743 subtraxit,
2846 1677 3053 1735 nostris
3088 1693 3148 1735 se
3175 1675 3455 1733 mentibus
3481 1676 3576 1731 in-

1987 1776 2274 1834 visibiliter
2312 1773 2598 1832 radicavit.
2650 1772 2783 1829 Post
2838 1773 3137 1830 sectionem
3190 1769 3360 1843 igitur
3406 1777 3578 1839 caput

1989 1868 2220 1924 turturis
2266 1866 2351 1923 vel
2395 1865 2663 1922 columbae
2712 1880 2815 1920 suo
2871 1863 3089 1935 corpori
3149 1861 3398 1929 inbaeret,
3441 1860 3577 1932 quia

1986 1959 2269 2017 Christum
2309 1958 2380 2016 ab
2412 1957 2680 2023 Ecclesia,
2722 1972 2824 2012 nec
2857 1971 3009 2011 mors
3039 1953 3407 2010 interveniens
3432 1951 3576 2007 divi-

1987 2052 2087 2109 dit.
2119 2052 2502 2109 Persecutores
2530 2051 2696 2122 igitur
2724 2057 3052 2122 peregerunt
3077 2049 3183 2104 hoc
3208 2046 3355 2119 quod
3384 2044 3540 2116 perni
3558 2075 3578 2086 -

1989 2147 2137 2204 ciose
2166 2144 2340 2201 moliti
2377 2154 2535 2208 sunt,
2562 2143 2671 2214 72
2701 2141 3004 2199 intulerunt
3038 2151 3293 2206 mortem,
3322 2148 3382 2195 ut
3406 2136 3475 2192 ab
3504 2151 3576 2191 eo

1989 2236 2376 2296 abscinderent
2423 2235 2665 2292 fidelium
2711 2231 3220 2299 devotionem;5ed
3265 2231 3393 2286 inde
3439 2229 3577 2286 tides

1990 2331 2180 2398 crevit,
2206 2329 2351 2386 unde
2389 2343 2448 2384 se
2487 2328 2632 2384 hauc
2673 2326 2976 2383 infidelium
3014 2323 3332 2391 crudelitas,
3360 2321 3574 2378 exstin-

1989 2439 2157 2495 guere
2182 2420 2434 2479 credidit.
2461 2419 2713 2493 Cumque
2750 2435 2811 2476 se
2838 2418 3130 2482 aestimant‚
3157 2416 3278 2487 ejus
3305 2413 3578 2470 miracula

1991 2516 2371 2586 persequendo
2426 2514 2767 2581 abscindere,
2826 2513 2933 2568 boc
2989 2510 3249 2567 nimirum
3302 2508 3576 2581 compulsi

1992 2615 2123 2662 sunt
2168 2605 2459 2661 nesciendo
2505 2604 2753 2661 dilatare.
2803 2601 2980 2675 Caput
3024 2616 3156 2676 ergo
3197 2600 3463 2680 columbae
3488 2599 3577 2655 vel

1993 2698 2223 2754 turturis
2270 2697 2507 2754 incisum
2558 2695 2775 2753 inbaesit
2808 2696 3046 2767 corpori,
3094 2694 3225 2767 quia
3271 2709 3371 2764 pro
3414 2693 3576 2749 nobis

1992 2790 2213 2862 quidem
2252 2787 2583 2860 Redemptor
2620 2798 2808 2845 noster
2844 2803 3042 2859 passus
3068 2795 3184 2853 est,
3220 2787 3316 2843 sed
3354 2803 3385 2842 a
3417 2785 3575 2842 nobis

1993 2896 2090 2952 per
2117 2881 2433 2952 passionem
2456 2890 2742 2952 separatus
2768 2894 2877 2936 non
2904 2886 3008 2936 est.

2064 2972 2347 3031 Columbae
2399 2972 2623 3030 nomine
2672 2971 2910 3045 Spiritus
2960 2981 3184 3031 sanctus
3236 2970 3575 3043 designatur,

1993 3065 2137 3122 sicut
2162 3079 2259 3136 per
2278 3062 2592 3121 Mattbaeum
2620 3063 3008 3135 evangelistam
3037 3062 3237 3120 dicitur
3266 3081 3280 3119 ε
3315 3062 3579 3132 Baptiza-

1995 3167 2081 3213 tus
2102 3166 2280 3213 autem
2306 3156 2464 3214 Iesus
2492 3157 2768 3227 confestim
2796 3156 3036 3212 ascendit
3070 3155 3136 3211 de
3162 3172 3324 3227 aqua.
3356 3153 3426 3209 Et
3463 3158 3579 3209 e'cce

1994 3249 2168 3321 aperti
2189 3260 2312 3306 sunt
2338 3250 2388 3304 ei
2415 3248 2551 3315 coeli,
2579 3258 2629 3305 et
2667 3248 2798 3304 vidit
2836 3246 3102 3318 Spiritum
3131 3246 3235 3314 „Dei
3262 3246 3581 3302 descendeu-

1996 3351 2123 3410 tem,
2151 3343 2289 3398 sicut
2327 3341 2647 3407 columbam,
2668 3350 2718 3395 et
2759 3354 3054 3395 ntaneutem
3085 3355 3244 3411 super
3270 3355 3326 3395 se
3356 3337 3576 3411 (Mattlt.

1996 3453 2082 3502 nr,
2120 3435 2234 3507 16).
2280 3433 2436 3491 Unde
2478 3443 2535 3489 et
2575 3434 2691 3505 ipse
2731 3431 2973 3490 «loannes
3012 3432 3251 3504 Baptista
3282 3431 3404 3487 ait:
3439 3429 3581 3498 Quia

1994 3527 2104 3581 vidi
2134 3523 2398 3598 Spiritum
2427 3524 2819 3580 descendentem
2847 3525 3005 3596 qnasi
3029 3524 3330 3579 columbam
3353 3522 3421 3580 tle
3446 3522 3578 3579 ooelo

1994 3629 2045 3673 et
2074 3618 2269 3674 mansit
2302 3634 2461 3688 super
2488 3634 2609 3672 eum
2637 3614 2820 3690 (Joan.
2858 3633 2908 3684 ι,
2942 3616 3055 3689 52).
3088 3615 3232 3674 Bene
3257 3622 3440 3672 autem
3468 3615 3583 3686 spi·

1994 3710 2137 3766 ritus
2175 3708 2586 3773 reconciliator,
2621 3708 2675 3763 in
2713 3707 2998 3771 colum‘ba,
3024 3723 3149 3779 quae
3184 3707 3419 3763 multum
3448 3705 3584 3762 sitn-

1995 3802 2120 3873 plex
2146 3809 2232 3859 est
2259 3801 2399 3868 avis,
2438 3798 2711 3870 apparuit,
2742 3806 2805 3854 ut
2839 3813 2954 3853 suae
2993 3807 3049 3853 et
3090 3796 3344 3854 videlieet
3369 3805 3579 3853 naturae

1996 3895 2402 3968 simplicitatem
2432 3907 2528 3964 per
2562 3891 2727 3963 liujus
2761 3889 2997 3963 speciem
3039 3889 3294 3947 animalis
3321 3890 3578 3948 ostende-

1997 3997 2110 4057 ret;
2137 3986 2366 4059 spiritus
2401 3983 2547 4041 enim
2577 3992 2802 4041 sanctus
2828 3982 3129 4052 disciplinae
3156 3980 3379 4053 effugiet
3396 3982 3582 4038 lictum

1999 4080 2155 4154 (Sap.
2188 4096 2229 4147 1,
2258 4079 2336 4144 5),
2381 4086 2435 4135 et
2475 4092 2601 4132 eum
2635 4077 2688 4131 in
2718 4091 2881 4148 quem
2911 4075 3188 4132 descendit
3213 4083 3582 4139 mansuetum,

1999 4173 2316 4244 mitemque,
2340 4185 2406 4227 ac
2435 4168 2827 4226 misericordiae
2856 4182 3107 4239 supernae
3133 4181 3442 4239 praeconem
3474 4167 3583 4221 mi-

2000 4266 2346 4334 nistrumque
2372 4263 2590 4319 doceret
2619 4262 2827 4318 mundo
2864 4276 2986 4317 esse
3020 4260 3269 4317 futurum
3298 4259 3502 4317 tsimul
3530 4267 3585 4315 et

313 4326 453 4403 iram
485 4326 591 4382 boc
612 4325 792 4397 ipsum
812 4325 1018 4397 judicis
1056 4325 1334 4383 silentium
1361 4328 1691 4399 suspicatur.
1718 4327 1894 4409 Quam
1926 4382 1973 4438 D
2000 4370 2194 4412 omnes
2232 4354 2327 4426 qui
2365 4368 2464 4410 sua
2510 4352 2681 4426 graia
2729 4359 2915 4411 essem
2959 4350 3261 4408 mnovandi
3309 4350 3583 4422 simpfioes

316 4418 456 4473 iram
509 4416 616 4473 sibi
660 4432 769 4473 non
820 4417 1106 4474 denuntiat
1156 4419 1495 4491 perturbatio
1533 4419 1758 4490 judicis,
1801 4420 1897 4476 sed

314 4508 627 4566 recordatio
665 4510 966 4580 pravitatis.
1000 4509 1142 4578 Quia
1193 4511 1299 4569 etsi
1343 4512 1523 4568 adbuc
1570 4510 1705 4570 roris
1746 4528 1899 4569 reum

319 4602 590 4658 sententia
617 4616 725 4661 uon
752 4603 970 4670 clamat,
996 4603 1145 4659 intus
1160 4605 1275 4676 jam
1301 4604 1539 4676 graviter
1563 4606 1902 4662 couscientia

315 4706 562 4749 accusat.
601 4695 673 4748 At
699 4701 891 4751 contra
921 4694 1149 4767 justitiae
1177 4698 1388 4754 amicus
1415 4696 1760 4754 decernentis
1783 4698 1903 4755 vul-

319 4798 440 4843 tum
476 4789 766 4859 conspicit,
797 4790 892 4846 sed
923 4790 1073 4848 intus
1098 4790 1166 4848 de
1198 4791 1511 4848 testimonio
1534 4791 1691 4848 bonae
1717 4808 1905 4849 recor-

318 4880 561 4937 dationis
588 4881 884 4952 hilarescit,
909 4890 965 4939 et
991 4897 1103 4953 quo
1129 4883 1272 4954 apud
1303 4899 1364 4940 se
1386 4884 1533 4957 quod
1563 4895 1769 4942 metuat
1797 4902 1904 4943 non

318 4972 490 5031 babet
527 4988 690 5030 omne
732 4989 844 5047 quo
892 4976 1036 5046 apud
1085 4978 1446 5050 semetipsum
1507 4989 1591 5035 est
1646 4979 1907 5037 blandum

323 5063 488 5136 ¹videt.

936 5170 1166 5228 CAPUT
1206 5172 1293 5231 tv.

929 5282 997 5322 ue
1038 5283 1312 5326 runroae.

397 5357 548 5432 (107)
587 5356 867 5416 Columna·
916 5358 1160 5427 nominc,
1208 5358 1464 5419 Christus
1514 5372 1684 5431 totus,
1729 5364 1784 5422 id
1825 5375 1914 5423 est

325 5457 495 5519 caput
533 5465 658 5506 cum
696 5465 926 5522 corpore
969 5466 1098 5517 suo,
1128 5452 1274 5523 quod
1316 5464 1402 5510 est
1442 5452 1724 5523 Ecclesia,
1766 5456 1913 5516 desi-

327 5549 548 5613 gnatur.
581 5540 735 5599 Unde
772 5558 869 5615 per
901 5543 1073 5616 legem
1112 5546 1314 5601 turturi
1351 5546 1437 5602 vel
1470 5547 1736 5606 columbae
1766 5548 1821 5605 in
1849 5552 1916 5607 ll-

335 5652 670 5781 misstligfflssx
705 5657 740 5711 L
769 5673 919 5714 “¹¹¹
961 5658 1015 5714 ⁵¹¹
1043 5656 1178 5728 '¹⁰¹³’
1217 5674 1339 5733 ⁰³1)-
1366 5676 1467 5730 *¹¹2
1503 5661 1557 5734 ⁰,
1595 5664 1760 5733 paulo
1787 5671 1914 5735 post

2001 4463 2067 4506 ac
2110 4446 2305 4504 mundi
2350 4446 2543 4503 cordes
2588 4445 2906 4503 admoneret
2948 4445 3182 4522 ingredi,
3234 4444 3392 4516 iuxta
3437 4442 3584 4515 quod

2004 4541 2271 4612 scriptum
2300 4548 2388 4595 est
2414 4557 2431 4594 t
2464 4538 2666 4594 Sentite
2688 4538 2756 4594 de
2779 4538 3003 4595 Domino
3038 4540 3095 4593 iu
3127 4538 3364 4595 bonitate
3385 4547 3437 4593 et
3458 4538 3586 4592 sim—

2002 4631 2242 4702 plicitate
2264 4630 2469 4694 cardiu
2484 4630 2707 4702 quoerite
2727 4629 2904 4696 illum,
2928 4631 3179 4702 quoniam
3206 4630 3263 4684 iit
3284 4628 3585 4685 malivolam

2005 4725 2242 4779 animam
2268 4739 2371 4778 non
2406 4722 2646 4778 introibit
2677 4724 2960 4792 supientia,
2989 4739 3083 4777 uec
3105 4722 3368 4778 habitabit
3392 4724 3449 4778 iit
3468 4738 3588 4776 cor-

2004 4834 2129 4889 pore
2166 4817 2379 4872 subdito
2412 4817 2641 4886 peccatis
2680 4814 2833 4888 (Sap.
2879 4832 2919 4885 t,
2965 4817 3040 4889 l).
3083 4816 3229 4873 Bene
3256 4831 3387 4889 ergo
3424 4833 3589 4888 super

2007 4909 2299 4967 Dominum
2345 4906 2586 4981 Spiritus
2632 4920 2857 4966 sanctus
2906 4911 2962 4966 in
3010 4910 3264 4968 columba
3312 4914 3585 4983 apparuit,

2007 5003 2103 5074 qui
2126 5018 2235 5060 non
2269 5002 2523 5059 veniebat
2557 5011 2620 5057 ut
2654 5012 2876 5074 peccata
2902 5004 3014 5075 jam
3042 5019 3140 5074 per
3170 5003 3347 5059 zelum
3388 5020 3586 5077 percu-

2010 5103 2171 5162 teret,
2197 5094 2292 5171 sed
2315 5095 2497 5152 adbuc
2524 5110 2621 5167 per
2646 5095 3116 5152 mansuetudinem
3147 5096 3423 5152 toleraret.
3456 5097 3587 5164 Quis

2011 5184 2156 5241 enim
2189 5185 2310 5257 ejus
2353 5186 2624 5259 justitiam
2660 5186 2846 5254 ferret,
2887 5187 2935 5244 si
2979 5187 3300 5259 priusquam
3346 5202 3451 5244 nos
3495 5202 3589 5257 per

2008 5279 2489 5336 mansuetudinem
2520 5279 2817 5353 colligeret,
2848 5281 3036 5352 culpas
3063 5289 3283 5336 nos-tras
3301 5296 3397 5352 per
3419 5280 3588 5335 zelum

2012 5359 2355 5427 rectitudinis
2396 5372 2714 5428 examinare
2754 5372 3056 5429 voluisset?
3100 5372 3265 5429 bomo
3310 5387 3442 5444 ergo
3493 5385 3590 5441 pro

2013 5459 2329 5518 bominibus
2369 5461 2569 5529 factus.
2611 5464 2797 5521 mitem
2844 5480 2903 5521 se
2950 5463 3271 5521 bominibus
3318 5463 3588 5535 praebuit;

2013 5553 2188 5610 noluit
2226 5564 2538 5627 peccatores
2582 5556 2767 5628 ferire,
2803 5559 2898 5616 sed
2928 5558 3201 5632 colligere.
3230 5556 3390 5613 Prius
3418 5554 3590 5611 voluit

2015 5667 2234 5794 ¹³}10‘il
2264 5667 2347 5727 Ex
2381 5669 2418 5725 l.
2459 5687 2514 5727 vt
2550 5671 2602 5726 in
2637 5670 2759 5741 Job,
2790 5689 2842 5730 c.
2872 5690 2970 5744 ιιι,
2994 5673 3212 5748 longius
3246 5680 3373 5727 ante
3400 5669 3584 5736 linem,
