3817 6000
213 217 330 277 85⁹

870 214 1428 274 COMMEN'rAmtJM
1470 218 1536 274 ΙΝ
1575 219 1909 280 PSALMOS.
1935 255 2004 266 —-
2038 225 2219 282 PARS
2255 226 2295 283 h
2334 259 2408 269 -
2442 228 2640 286 PSAL.
2681 231 2834 289 xlx,

3375 240 3481 296 950

212 343 368 390 stum
397 340 694 402 exspectet,
742 332 829 386 vix
854 332 1137 390 inveniens
1157 344 1497 405 peccatorem
1559 339 1626 393 de
1674 356 1798 410 pec·
1830 326 1870 382 Α
1904 356 2032 394 rum
2051 357 2159 396 non
2184 351 2269 399 est
2292 345 2604 415 arguendus
2627 347 2716 403 hic
2742 365 2948 417 sessor,
3004 360 3061 408 et
3100 355 3332 424 agitator
3360 355 3480 415 l'ra·

210 434 344 480 cato
371 438 475 480 suo
518 424 893 494 poeuitentcm,
928 442 1051 498 quae
1097 429 1416 499 poenitentia
1465 429 1595 487 Eliae
1639 433 1799 490 cibus

208 526 323 585 est,
376 518 536 588 quasi
588 533 619 573 a
659 518 838 575 corvis
888 519 1106 576 allatus.
1152 521 1335 578 Pascit
1378 540 1598 596 quoque
1644 527 1799 584 illum

208 610 407 678 vidua,
470 612 1009 682 quaelibetvidelicet
1071 616 1254 671 anima
1308 620 1641 688 paupercula
1687 621 1798 677 duo

211 704 403 761 crucis
430 705 694 776 colligens
714 705 882 778 ligna.
920 704 1026 763 Sed
1061 709 1412 780 persequitur
1454 726 1581 767 eum
1638 710 1798 769 Jeza-

214 800 306 854 bel
354 799 554 866 dives,
625 807 683 855 et
765 799 933 872 impia
1003 799 1252 870 femina,
1314 804 1427 860 imo
1503 805 1798 878 impiorum

208 892 442 965 copiosa
496 892 657 949 turba
690 933 706 960 ,
773 908 900 963 qnae
947 894 1098 949 velut
1157 911 1267 952 una
1329 900 1591 955 meretrix
1670 916 1798 957 cum

208 982 440 1039 diabolo
478 980 747 1040 fornicata
798 984 855 1039 in
913 985 1241 1057 Apocalypsi
1290 987 1491 1045 dicitur
1542 1010 1561 1044 ι
1623 1001 1800 1048 mater

207 1075 647 1136 fornicationum
700 1074 886 1146 (Apoc.
940 1092 1080 1145 ιω,
1142 1079 1221 1149 5).
1256 1097 1276 1133 ι
1348 1081 1511 1138 Certe
1560 1082 1661 1139 hac
1704 1082 1798 1139 Je-

210 1167 371 1224 zabel
410 1168 923 1239 meretrice-magna
946 1171 1248 1236 quemlibet
1290 1188 1523 1243 parvum
1564 1175 1798 1232 similem

211 1257 349 1314 Eliae
377 1267 760 1331 persequente,
785 1260 845 1316 lit
898 1271 959 1317 ut
995 1261 1086 1319 hic
1135 1264 1281 1322 victu
1344 1265 1508 1321 etiam
1551 1268 1801 1337 corporis

210 1349 520 1420 aliquando
571 1357 748 1422 egeat,
798 1351 874 1406 ita
926 1361 984 1408 ut
1005 1353 1054 1408 ei
1079 1354 1152 1410 sit
1190 1354 1244 1410 in
1275 1354 1531 1427 gratiam,
1556 1356 1602 1411 si
1631 1357 1799 1412 etiam

210 1459 437 1510 corvus,
489 1442 543 1498 id
595 1450 680 1499 est
733 1443 902 1500 homo
954 1445 1236 1502 saeeularis
1270 1446 1347 1501 illi
1394 1447 1798 1520 eleemosynam

211 1537 445 1607 praebet.
499 1534 629 1592 Seio
684 1538 962 1595 bominem
1038 1539 1397 1610 hujusmodi,
1477 1541 1573 1612 qui
1625 1556 1800 1612 penu-

211 1631 303 1684 ria
353 1630 512 1701 panis
562 1639 792 1703 cogente
839 1643 1068 1689 coactus
1116 1644 1205 1689 es'..
1250 1634 1414 1690 etiam
1466 1633 1610 1705 apud
1666 1635 1799 1691 alie·

210 1718 446 1788 nigenas
491 1734 687 1789 panem
728 1729 913 1789 petere
932 1719 1183 1778 Jezabele
1218 1722 1373 1778 illum
1416 1733 1797 1795 persequente,

211 1826 438 1867 sessore
477 1810 645 1882 hujus
698 1812 887 1883 pallidi
930 1814 1058 1884 equi
1105 1829 1233 1869 eum
1284 1830 1384 1887 per
1429 1815 1631 1873 famem
1703 1832 1798 1873 ca-

212 1905 455 1978 stigante
484 1919 549 1963 ac
573 1904 755 1960 debita
777 1905 1034 1962 victualia
1083 1906 1163 1962 illi
1193 1916 1445 1979 negante.

288 2020 397 2078 Sed
428 2027 558 2089 quia
589 2022 774 2079 datum
828 2032 915 2080 est
952 2023 1032 2079 illi
1081 2024 1409 2090 interlicere,
1458 2039 1571 2080 non
1618 2024 1798 2081 solum

214 2115 399 2187 gladio
451 2124 507 2172 et
556 2115 741 2182 fame,
795 2117 891 2174 sed
958 2126 1014 2175 et
1078 2126 1295 2185 morte,
1374 2117 1428 2173 id
1498 2125 1583 2172 est
1651 2133 1801 2172 mor-

216 2202 382 2259 tifera
424 2210 577 2274 peste
602 2245 619 2271 ,
690 2204 902 2260 sedenti
963 2205 1216 2262 videlicet
1289 2204 1344 2260 in
1399 2205 1657 2260 cathedra
1701 2221 1798 2276 pe-

214 2294 513 2364 stilentiae,
566 2311 631 2352 ac
690 2296 880 2354 bestiis
922 2308 1124 2362 terrae,
1194 2296 1321 2371 quis
1386 2307 1576 2353 contra
1633 2296 1798 2354 istum

224 2388 493 2460 pallidum
553 2404 757 2459 equum
816 2430 832 2456 ,
906 2391 1138 2462 ejusque
1222 2405 1496 2447 sessorem
1599 2390 1800 2445 virtute

217 2481 467 2536 humana
530 2490 717 2550 posset
787 2481 1127 2539 subsistere?
1166 2481 1225 2538 ln
1292 2483 1562 2555 principio
1640 2484 1801 2540 dece-

216 2574 426 2643 ptionis
459 2574 742 2631 diabolicae
813 2591 1038 2647 serpens
1119 2592 1265 2634 nnus
1348 2585 1468 2634 erat
1552 2577 1801 2634 callidior

220 2667 441 2724 cunctis
504 2666 886 2724 animantibus
948 2677 1004 2723 et
1044 2669 1235 2725 bestiis
1293 2678 1469 2726 terrae.
1523 2667 1679 2725 llunc
1716 2670 1802 2724 in·

220 2775 448 2831 gressus
479 2759 733 2816 diabolus
763 2775 976 2817 veneno
1006 2761 1350 2833 deceptionis
1365 2762 1609 2831 corrupit
1638 2776 1802 2818 omne

219 2849 529 2905 humanum
562 2867 756 2921 genus.
805 2851 964 2909 Nunc
1000 2863 1182 2910 autem
1234 2854 1377 2911 idem
1420 2854 1670 2912 diabolus
1704 2856 1802 2912 ha-

217 2938 317 2994 het
364 2940 569 2996 multas
605 2941 808 2997 bestias
846 2951 1005 2999 terrae
1047 2959 1203 3002 more
1243 2945 1575 3017 serpentium
1602 2962 1800 3017 repen-

217 3040 304 3086 tes
347 3031 491 3087 intra
541 3032 859 3102 paradisum
904 3033 1164 3092 Ecclesiae
1210 3046 1413 3092 sanctae
1461 3037 1546 3091 vel
1596 3047 1801 3093 sancta}

218 3124 548 3180 coenobialis
578 3139 801 3197 quoque
830 3126 977 3192 vitae,
1019 3129 1221 3198 quibus
1270 3145 1479 3185 venena
1531 3146 1631 3185 sua
1694 3129 1801 3184 ‹lif-

219 3219 582 3275 l'undentibus
638 3220 818 3291 primo
872 3223 1243 3292 corrumpitur
1290 3222 1528 3277 humana
1569 3237 1800 3277 sensua-

220 3310 352 3364 litas
381 3309 531 3365 velut
575 3309 688 3367 Eva
733 3311 789 3367 in
850 3296 1289 3378 infirmioribus,
1347 3313 1544 3369 deinde
1580 3314 1634 3368 in
1686 3315 1804 3384 plu-

217 3403 379 3458 rihus
402 3402 566 3458 etiam
593 3402 915 3461 tortioribus
939 3404 1311 3476 corrumpitur
1371 3407 1611 3476 animus,
1648 3407 1802 3462 infir-

219 3513 441 3555 morum
471 3498 724 3569 pravitati
773 3510 1177 3557 consentaneus
1219 3499 1463 3567 effectuS,
1516 3500 1647 3558 dum
1672 3519 1801 3574 pra-

217 3592 450 3647 vitatem
520 3591 755 3646 carnalis
806 3590 1168 3647 immunditie
1239 3593 1326 3647 vel
1369 3594 1650 3664 approbat,
1714 3595 1799 3651 vel

219 3698 335 3740 non
357 3684 525 3755 digne
559 3684 808 3756 castigat,
840 3683 1166 3754 perditaque
1185 3685 1361 3742 virilis
1403 3686 1632 3756 iustitiae
1670 3703 1803 3743 cen-

217 3791 352 3832 sura
382 3776 438 3831 in
469 3791 574 3830 una
603 3790 835 3847 persona
864 3774 1050 3833 carnis
1087 3784 1142 3831 et
1179 3777 1425 3847 spiritus,
1470 3779 1554 3834 vel
1590 3779 1645 3834 in
1697 3777 1802 3835 Ee·

217 3869 390 3925 clesia
416 3884 513 3925 seu
535 3868 964 3940 congregatione
994 3868 1298 3924 carnalium
1328 3877 1382 3926 et
1430 3871 1796 3942 spiritualium

219 3962 283 4017 fit
302 3977 413 4017 una
460 3961 702 4032 nequitia
729 3961 812 4015 vel
846 3961 1214 4029 immunditia,
1263 3963 1421 4033 quasi
1476 3963 1705 4021 muliere
1733 3981 1799 4023 ac

217 4054 343 4109 viro
359 4069 454 4123 per
481 4053 687 4110 bestias
729 4053 900 4109 malas
948 4053 1309 4109 invenenatis.
1373 4052 1509 4110 Nam
1555 4071 1651 4127 per
1701 4057 1801 4113 be-

223 4149 389 4212 stiaS,
413 4145 569 4201 valde
603 4142 922 4213 nequissimi
958 4155 1013 4198 et
1042 4143 1382 4199 callidissimi
1421 4154 1553 4200 sunt
1603 4146 1801 4201 intelli-

217 4237 419 4309 gendi:
458 4252 555 4308 per
586 4236 845 4292 feminam
871 4236 1105 4306 quilibet
1133 4237 1325 4292 molles
1356 4245 1409 4292 et
1454 4238 1745 4294 seductiles
1779 4256 1796 4305 ;

219 4344 321 4398 per
343 4326 494 4384 viros
519 4327 723 4382 talibus
750 4326 970 4381 seminis
997 4313 1341 4398 conjugatos,
1377 4325 1547 4383 sortes
1598 4328 1798 4384 intelli-

1902 439 2046 486 trum
2076 431 2363 498 falsorum,
2387 435 2517 505 quia
2560 453 2656 506 per
2686 453 2782 493 ora
2820 440 2946 496 licet
3002 441 3248 500 falsidica
3304 446 3482 504 confl-

1899 532 2086 579 ten'tur
2128 541 2188 580 se
2230 542 2394 581 nosse
2437 526 2629 594 Deum,
2677 531 2966 588 clamando
3038 535 3265 593 vocibus
3318 540 3477 595 tidem

1901 633 2067 688 quam
2095 618 2420 692 impugnant
2455 623 2723 681 moribus.
2752 624 2895 692 Quid
2937 627 3061 696 erit,
3090 646 3184 685 rex
3237 630 3479 702 Christe,

1900 710 1955 765 in
1979 709 2067 765 die
2093 710 2461 770 tribulationis
2484 714 2649 784 hujus
2671 715 2738 771 de
2781 725 2878 772 tuo
2901 732 3132 789 corpore
3156 722 3261 776 sub
3287 721 3478 779 talium

1900 802 2247 858 multitudine
2276 805 2654 873 periclitante?
2700 807 2930 875 Quando
2959 818 3013 866 te
3054 828 3244 868 verum
3287 812 3477 879 Jacob,

1901 892 1957 947 in
1989 903 2084 948 tuo
2097 910 2348 964 corpore,
2369 896 2424 951 in
2452 907 2545 953 tua
2572 915 2806 970 persona
2837 912 3155 972 persecutus
3172 915 3256 962 est
3281 906 3475 973 Edom,

1899 986 2138 1057 protexit
2163 996 2214 1043 te
2244 1004 2446 1045 nomen
2473 989 2567 1048 Dei
2590 990 2779 1050 Jacob.
2799 993 2958 1065 Nam,
2984 999 3207 1068 quando
3236 998 3480 1058 Herodes

1899 1078 2074 1135 iratus
2095 1081 2376 1151 quaerebat
2405 1085 2643 1140 animam
2672 1095 2844 1155 tuam,
2871 1090 3107 1160 quierat
3137 1094 3386 1150 moribus
3427 1105 3481 1152 ct

1900 1184 2100 1240 genere
2136 1177 2386 1228 terrenus
2411 1172 2606 1244 Edom,
2630 1177 2758 1250 quia
2785 1187 2946 1235 natus
2970 1196 3037 1236 ex
3068 1191 3222 1251 patre
3246 1183 3483 1239 ldumaeo

1898 1267 1955 1314 et
1979 1270 2151 1317 matre
2189 1260 2422 1319 Arabica
2447 1274 2725 1335 narratur,
2752 1277 2807 1324 et
2830 1267 2933 1325 suit
2980 1271 3154 1328 iratus
3206 1274 3302 1329 tibi
3351 1291 3484 1330 vero

1898 1346 2091 1418 Jacob,
2124 1350 2267 1410 sicut
2293 1351 2384 1408 ille
2415 1356 2675 1427 antiquus
2699 1355 2897 1428 Edom,
2940 1377 3192 1431 quaereus
3246 1373 3298 1420 te
3337 1367 3453 1421 occi

1899 1442 2049 1510 dere,
2074 1451 2207 1500 tunc
2232 1447 2472 1516 protexit
2505 1458 2554 1505 te
2576 1465 2768 1506 verum
2798 1450 2970 1510 Jacob
3022 1473 3222 1511 nomen
3248 1456 3343 1514 Dei
3389 1458 3483 1514 Ja-
3519 1464 3524 1468 ’

1900 1534 2025 1590 col).
2075 1535 2290 1593 Etenim
2326 1540 2470 1597 sicut
2508 1550 2684 1598 mater
2734 1545 2978 1603 llebecea
3024 1547 3137 1603 filio
3169 1566 3271 1607 suo
3311 1550 3482 1609 Jacob

1901 1622 2087 1697 sugam
2114 1631 2416 1700 consuluit,
2445 1648 2517 1689 ne
2541 1635 2885 1692 occideretur
2916 1638 3126 1711 (Genes.
3154 1657 3324 1709 xxrn,
3356 1645 3479 1714 45):

1902 1716 1986 1772 sic
2005 1728 2179 1775 mater
2204 1732 2414 1791 nostra,
2445 1740 2570 1795 quae
2594 1742 2816 1784 sursum
2854 1739 2959 1795 est,
2996 1731 3190 1797 libera,
3231 1734 3377 1790 circa
3407 1745 3479 1802 te,

1898 1810 2080 1868 adhuc
2128 1829 2382 1884 puerum,
2427 1819 2659 1876 sollicita
2706 1823 3005 1892 consuluit,
3067 1833 3130 1880 ut
3164 1825 3384 1898 sugeres
3419 1829 3476 1883 in

1902 1899 2222 1975 AEgyptum.
2252 1904 2388 1962 Nam
2407 1923 2536 1965 ecce
2577 1912 2804 1983 angelus
2835 1912 3053 1971 Domini
3079 1932 3222 1972 unus
3269 1918 3337 1973 de
3380 1920 3484 1973 mi·

1899 1995 2096 2053 nistris
2119 2014 2374 2071 supernae
2398 2006 2593 2061 matris
2622 2025 2642 2059 ι
2674 2009 2927 2080 apparuit
2955 2007 3158 2083 Joseph
3183 2011 3237 2065 in
3271 2013 3484 2070 somnis

1897 2087 2087 2146 dicens
2121 2108 2135 2145 :
2172 2089 2367 2164 Surge,
2400 2097 2666 2169 et,accipe
2703 2115 2936 2171 puerum
2968 2109 3025 2158 et
3067 2114 3297 2159 matrem
3338 2106 3481 2176 ejns‚

1899 2190 1954 2236 et
1999 2182 2126 2255 fuge
2169 2187 2224 2241 in
2262 2187 2581 2260 AEgyptum‚
2628 2201 2683 2248 et
2726 2201 2848 2250 esto
2897 2193 2972 2249 ibi
3023 2198 3327 2268 usquedum
3400 2198 3487 2253 di-

1899 2289 2020 2330 cam
2048 2278 2183 2333 tibi:
2216 2278 2482 2337 Futurum
2524 2292 2611 2338 est
2651 2283 2820 2349 enim,
2860 2294 2922 2340 ut
2968 2284 3227 2343 Haerodes
3275 2296 3488 2359 quaerat

1898 2383 2129 2438 puerum
2156 2372 2222 2426 ad
2240 2373 2572 2443 perdendum
2595 2391 2719 2433 eum
2738 2375 2955 2448 (Matth.
2999 2394 3060 2445 11,
3090 2378 3231 2450 15).»
3262 2380 3326 2436 Et
3354 2389 3487 2438 tunc

1900 2461 2123 2532 quidem
2158 2482 2177 2516 ‹
2204 2480 2309 2520 vox
2344 2466 2398 2519 in
2446 2464 2615 2522 Rama
2660 2469 2846 2524 audita
2890 2478 2975 2525 cst
2997 2469 3150 2540 (ibid.
3203 2471 3258 2542 8)
3298 2492 3317 2525 ι
3376 2471 3488 2528 Ra-

1900 2552 2096 2622 chelis,
2122 2563 2227 2610 tuae
2267 2556 2479 2613 dilectae
2506 2559 2696 2619 uxoris
2735 2560 2879 2617 lilios
2905 2577 3035 2617 suos
3067 2562 3353 2634 plorantis.
3387 2563 3486 2620 Ve-

1902 2656 2215 2702 rumtamen
2245 2657 2560 2722 protegente
2589 2654 2814 2708 nomine
2848 2653 2943 2709 Dei
2985 2653 3154 2711 Jacob
3213 2663 3264 2711 te
3301 2656 3482 2712 virum

1902 2756 2064 2797 suum
2103 2758 2289 2798 verum
2321 2741 2528 2810 Jacob,
2588 2745 2715 2800 licet
2761 2766 2779 2799 ι
2840 2749 3084 2804 nolueris
3142 2749 3414 2803 consolari
3459 2771 3477 2801 ι

1901 2847 2001 2903 pro
2031 2832 2178 2901 liliis,
2210 2853 2228 2886 ι
2259 2835 2386 2905 quia
2428 2850 2536 2892 non
2561 2847 2689 2893 sunt
2720 2838 2909 2911 (ibid.)
2938 2860 2956 2890 ι
3009 2840 3313 2896 consolatio
3361 2851 3484 2895 tan·-

1902 2924 2027 2979 dcm
2055 2925 2176 2994 ejus
2201 2927 2538 2995 perficietur,
2587 2945 2711 2986 cum
2743 2939 2854 2986 tota
2907 2931 3194 3002 prophetia
3232 2928 3484 2987 serenum

1827 3018 1875 3083 C
1906 3017 2290 3089 adimplebitur
2311 3022 2378 3076 de
2398 3021 2710 3079 Raelneleac
2726 3023 2852 3080 miis
2869 3024 3009 3095 ejus.
3034 3023 3170 3079 Nam
3195 3034 3483 3096 postquam

1899 3111 2106 3168 dictum
2128 3112 2556 3170 estaJeremia:
2594 3135 2612 3168 ι
2647 3114 2760 3171 Vox
2814 3117 2866 3172 in
2927 3116 3099 3173 Rama
3147 3117 3329 3175 audita
3377 3128 3483 3183 cst,

1901 3201 2177 3272 planctuS,
2199 3214 2254 3259 et
2282 3203 2524 3261 ululatus
2569 3206 2794 3274 multus,
2832 3206 3034 3263 Rachel
3088 3207 3314 3279 plorans
3345 3208 3485 3263 lilios

1903 3308 2056 3361 suos,
2086 3303 2139 3350 et
2172 3295 2350 3351 noluit
2377 3295 2673 3361 consolari,
2709 3298 2838 3369 quia
2864 3315 2969 3353 non
3013 3306 3143 3354 sunt
3169 3298 3302 3369 (Jer.
3330 3315 3482 3360 xxxi.

1903 3387 2017 3457 15),
2041 3405 2060 3439 ι
2091 3388 2275 3445 statim
2327 3390 2694 3446 consolatoria
2744 3391 2908 3447 verba
2931 3400 3235 3462 sequuntur
3270 3391 3485 3447 dicente

1902 3479 2165 3550 propheta
2199 3501 2255 3536 ιι
2309 3479 2434 3537 llaec
2455 3482 2587 3539 dicit
2606 3482 2872 3540 Dominus
2909 3502 2923 3539 ε
2957 3483 3218 3551 Quiescat
3247 3500 3349 3540 vox
3390 3491 3484 3539 tua

1902 3584 1935 3624 a
1957 3570 2194 3640 ploratu,
2227 3580 2283 3625 et
2312 3571 2458 3628 oculi
2487 3572 2564 3627 tui
2594 3573 2922 3644 alacrymis,
2945 3573 3076 3645 quia
3130 3582 3215 3630 est
3273 3589 3484 3629 merces

1901 3663 2054 3732 operi
2085 3672 2200 3730 tuo,
2225 3663 2303 3719 ait
2330 3663 2616 3720 Dominus.
2644 3664 2711 3718 Et
2733 3675 3078 3721 revertentur
3095 3667 3162 3722 de
3204 3675 3344 3722 terra
3376 3664 3484 3720 ini-

1901 3752 2054 3819 mici,
2079 3761 2136 3810 et
2165 3761 2248 3808 est
2271 3770 2399 3826 spes
2432 3756 2747 3812 novissimis
2802 3757 2933 3823 tuis,
2981 3758 3059 3812 ait
3101 3756 3384 3823 Dominus,
3429 3767 3484 3812 et

1901 3844 2349 3901 revertentursslii
2373 3846 2447 3900 tui
2470 3845 2535 3900 ad
2560 3847 2824 3903 terminos
2845 3862 2977 3904 suos
2997 3848 3171 3918 (ibim,
3205 3846 3425 3910 16,17).
3457 3866 3476 3899 ›

1901 3938 2068 4011 Ergo,
2099 3940 2242 3996 sicut
2261 3956 2327 3996 ex
2353 3942 2637 4013 prophetia
2663 3942 2767 3997 hac
2787 3951 2954 4012 patet,
2982 3941 3186 3998 Rachel
3211 3942 3479 4013 speciosa,

1901 4049 2026 4105 quae
2062 4034 2416 4105 temporalem
2468 4036 2903 4095 consolationem
2957 4036 3136 4091 noluit
3185 4035 3252 4091 de
3306 4045 3515 4090 morte·

1901 4124 2161 4193 filiorum,
2194 4142 2302 4197 qua
2325 4137 2501 4182 morte
2533 4126 2737 4184 lactum
2765 4137 2869 4193 est,
2913 4137 2973 4182 ut
3016 4143 3126 4182 non
3180 4128 3291 4182 sint
3315 4169 3329 4193 ,
3363 4127 3482 4198 ipsa
3564 4148 3589 4162 ·

1904 4218 2335 4275 consolationem
2388 4230 2644 4274 aeternam
2690 4220 2930 4292 suscepit
2969 4220 3035 4275 de
3071 4220 3482 4276 resurrectione

1905 4309 2168 4377 tiliorum,
2195 4327 2303 4382 qua
2328 4312 2730 4369 resurrectione
2749 4312 2861 4380 fiet,
2895 4321 2959 4369 ut
2995 4313 3157 4369 iidem
3209 4313 3304 4367 lilii
3352 4329 3482 4368 vere

220 4436 350 4476 „ms
378 4420 510 4491 31³⁸ss
536 4419 791 4476 monibus
816 4429 1235 4487 consentaneos,
1269 4437 1377 4491 qua
1392 4422 1802 4480 continuatione
1831 4404 1876 4459 D
1907 4403 2036 4458 sint.
2070 4402 2225 4459 Unde
2260 4412 2314 4459 et
2339 4404 2543 4460 dicitur
2570 4423 2582 4461 :
2621 4423 2640 4457 ι
2671 4405 3030 4462 Revertentur
3062 4405 3156 4460 lilii
3184 4407 3259 4462 tui
3283 4406 3350 4461 ad
3374 4414 3482 4461 ter-

220 4512 526 4569 bestiarum
582 4511 650 4568 ad
694 4512 992 4575 daemones,
1054 4510 1378 4567 seminarum
1438 4514 1506 4568 ad
1575 4514 1801 4582 bestiaS,

220 4604 473 4658 virorum
505 4602 572 4657 ad
600 4601 835 4659 feminas
866 4602 1063 4674 longus
1087 4601 1234 4657 funis
1275 4612 1624 4673 peccatorum
1671 4620 1803 4660 con-

220 4698 450 4763 texitur,
480 4712 590 4768 quo
622 4696 785 4753 etiam
815 4695 974 4752 sortis
1030 4692 1319 4751 interdum'
1351 4694 1583 4751 Samson
1628 4697 1792 4753 dece-

221 4796 354 4860 ptus
403 4803 435 4843 a
484 4786 715 4842 muliere
752 4785 952 4857 ligatur
992 4793 1048 4842 et
1092 4794 1348 4849 caecatur,
1390 4785 1519 4840 dum
1578 4786 1804 4857 quilibet

220 4892 353 4937 ante
389 4880 668 4936 virtuosus
710 4894 1005 4951 pravorum
1064 4878 1400 4935 multitudini
1474 4885 1531 4932 et
1570 4894 1803 4936 consue-

221 4974 399 5031 tudini
417 4972 711 5045 aliquando
730 4972 961 5031 efficitur
972 4981 1373 5030 consentaneus
1391 4969 1445 5042 (J
1450 4971 1541 5027 ud.
1558 4988 1669 5040 xvi,
1682 4972 1801 5043 21).

294 5115 435 5172 Cum
463 5130 593 5186 ergo
618 5122 702 5170 tot
732 5112 912 5171 modis
945 5118 1140 5169 noceat
1193 5125 1381 5167 sessor
1423 5109 1547 5181 equi
1592 5109 1798 5181 pallidi,

220 5210 604 5264 interficiendo
639 5206 896 5262 videlicet
950 5202 1150 5276 gladio,
1191 5202 1357 5268 same,
1387 5210 1562 5257 morte
1611 5218 1676 5258 ac
1702 5202 1799 5258 bc-

217 5297 349 5358 stiis
381 5305 560 5365 terrae,
588 5312 700 5367 quo
728 5295 970 5351 remedio
999 5303 1187 5351 contra
1228 5308 1353 5348 eum
1389 5293 1493 5349 erit
1515 5293 1798 5360 utendum,

220 5388 429 5459 quibus
447 5389 618 5444 armis
647 5395 837 5443 contra
866 5403 991 5443 eum
1029 5387 1135 5442 erit
1181 5387 1582 5459 pugnandum?
1612 5387 1803 5444 Certa-

217 5480 376 5540 mina
410 5490 715 5553 martyrum
765 5494 876 5533 uon
932 5479 1190 5545 admittit,
1226 5479 1485 5555 quoniam
1524 5480 1798 5536 idolorum

222 5572 504 5629 culturam
533 5572 671 5628 nulli
703 5572 921 5643 penitus
956 5573 1240 5629 manifeste
1262 5574 1477 5644 ingerit,
1508 5583 1570 5629 ut
1616 5590 1800 5631 sessor

215 5664 350 5736 equi
377 5664 485 5723 rufi
532 5665 683 5725 lecit.
725 5664 1078 5723 'testimoniis
1129 5674 1182 5722 ct
1226 5665 1490 5723 doctrinis
1518 5666 1799 5726 corilesso·

1904 4495 2086 4551 minos
2131 4511 2284 4561 suos,
2339 4504 2395 4551 et
2444 4505 2530 4554 est
2603 4511 2730 4568 spes
2764 4497 3083 4554 novissimis
3131 4498 3240 4553 tuis
3299 4495 3480 4570 (ibim,

1903 4601 2059 4650 xxxi,
2097 4586 2208 4654 17).
2255 4606 2275 4638 ιι

1979 4742 2163 4794 ΤηΙνιιι
2219 4746 2612 4798 ernau-lsi[nulls
2668 4746 3100 4814 [rvrrrllnliffllufn‘l
3132 4790 3144 4806 ,
3176 4754 3228 4798 El.
3254 4759 3480 4801 rursum

1907 4838 2303 4886 *winanlmifmis
2351 4834 2712 4902 ram-ptianuuw
2768 4850 2952 4890 surra-lu
2991 4838 3224 4890 [Tr-saluam
3250 4852 3348 4908 per
3379 4837 3482 4891 hoe

1911 4930 2171 4986 inlilnlnr,
2207 4928 2347 4994 mun]
2383 4930 2431 4982 in
2463 4930 2543 4978 [lire
2567 4926 2864 4982 urnis-inuis
2892 4928 3240 4980 litlll“ll'='*[llllffl
3295 4925 3489 4980 Gloria-

1907 5022 1959 5071 l'ss
1987 5035 2091 5071 ι’ᾸῚ-ι.
2115 5018 2223 5079 ἔπι,
2247 5030 2403 5087 ιιιιμιιῐ·
2431 5018 2499 5071 Τι’
2535 5018 2692 5071 [ir-nm
2724 5018 3024 5079 inminutus,
3052 5034 3171 5087 quw
3196 5026 3324 5072 Sunt
3350 5033 3482 5071 can-

1911 5119 2011 5167 tis-:l
2039 5116 2251 5175 laium,
2283 5115 2640 5183 pult-trrltlitlil
2684 5115 2840 5183 quasi
2885 5115 3072 5167 nul-:1215
3112 5111 3382 5167 mus-olari
3412 5112 3485 5166 de

1911 5211 2047 5267 lillis,
2083 5211 2207 5275 quir·
2235 5223 2339 5256 nun
2379 5219 2523 5267 Μιιιι,
2559 5207 2648 5275 qui
2688 5223 2776 5275 μῦν
2812 5215 3036 5256 titurium
3072 5202 3482 5271 alitrltlnmmodu

1907 5303 1967 5351 :nl
1999 5319 2103 5351 nun
2127 5315 2243 5351 t'*:··!·ll'·'
2279 5315 2295 5347 ι
2311 5315 2423 5351 mli-1
2447 5311 2555 5351 unt.
2595 5299 2692 5351 Fun!
2724 5299 2772 5348 iu
2816 5307 3000 5347 ιἰιτιςιιᾝ
3052 5291 3366 5347 ιὲῑιιᾙηιᾰθῐη
3390 5290 3479 5346 ln·

1907 5403 2195 5443 ιιιιιιϊιιΙιιιιι
2231 5395 2680 5443 resulsstlitczlnlira
2712 5387 2924 5447 larium,
2952 5387 3080 5455 quia
3108 5399 3204 5455 put*
3228 5392 3479 5438 octavam

1904 5482 2232 5538 resurrectio
2258 5487 2738 5550 commemoratur,
2781 5477 2910 5547 quia
2940 5474 3337 5532 resurrectione
3366 5474 3475 5538 liet,

1904 5583 1964 5628 ut
1988 5573 2080 5627 lilii
2109 5572 2335 5639 Rachel,
2381 5572 2473 5642 qui
2517 5570 2681 5625 modo
2698 5583 2806 5623 non
2831 5576 2977 5635 sunt,
3011 5583 3138 5623 rere
3161 5568 3290 5623 sint.
3327 5566 3482 5622 Licet

1903 5666 2047 5722 enim
2070 5665 2174 5722 sub
2204 5665 2374 5720 altare
2439 5660 2534 5719 Dei
2581 5676 2728 5731 nuuc
2774 5658 2885 5719 siut
2925 5659 3121 5718 animae
3168 5663 3485 5718 occisorum·
