3817 6000
102 315 242 375 {457

671 313 1228 371 COMMENTAntUM
1267 313 1333 368 ΙΝ
1373 315 1712 372 PSALMOS.
1753 347 1822 357 —
1860 314 2045 372 PARS
2081 315 2168 371 tv,
2207 347 2277 356 —
2312 314 2506 370 PSAL.
2549 313 2793 372 xxxix.

3205 315 3341 369 1458

106 442 158 492 te
177 438 609 502 omnipotentem
635 429 951 486 Creatorem
979 432 1388 489 demonstrasti.
1413 431 1676 488 Similiter
1704 434 1750 494 Α
1779 432 1973 505 igneiS,
2018 432 2233 504 quoties
2261 431 2514 486 audimus
2550 445 2646 486 eos
2682 430 2964 501 loquentes
3007 437 3058 484 tn
3105 431 3341 499 seriptu-

103 535 186 592 ιιι,
212 524 336 587 Fili,
362 523 453 579 Dei
483 530 681 579 aeterna
708 522 994 593 sapientia,
1017 534 1073 580 te
1096 519 1415 585 manifestas
1435 526 1488 580 in
1523 540 1677 581 crea·

105 625 354 672 turarum
385 612 786 684 sapientissima
815 613 1168 672 ordinatione
1196 616 1468 685 attingens
1507 629 1538 669 a
1568 614 1673 668 tine

106 724 284 780 usque
313 707 379 763 ad
409 707 570 764 tlnem
619 705 855 775 fortiter,
887 716 942 762 et
955 706 1253 778 disponens
1291 709 1470 763 omnia
1497 708 1678 766 suavi-

109 811 209 859 ter.
249 800 330 856 Tu
353 816 588 872 quoque,
631 799 865 870 Spiritus
897 811 1085 857 sancte
1116 799 1411 869 Paraclete,
1443 817 1538 872 per
1577 803 1679 857 boc

107 895 340 964 appares
371 891 425 946 in
456 891 560 946 boc
591 891 811 961 speculo
835 890 1003 947 totius
1032 900 1296 948 creaturae
1323 894 1469 963 quod
1494 894 1678 948 omnia

108 991 354 1054 potenter
382 996 414 1035 a
448 979 605 1036 Patre
652 990 857 1048 creata,
886 980 1161 1052 sapienter
1207 998 1304 1053 per
1337 982 1536 1038 Filium
1566 984 1681 1039 dis-

113 1075 315 1148 posita,
353 1073 490 1129 lacis
524 1074 676 1129 utilia
720 1073 923 1130 sanctis
944 1083 999 1129 et
1040 1074 1247 1139 electiS‚
1279 1075 1477 1147 quibus
1498 1076 1681 1131 omnia

110 1177 476 1239 cooperantur
503 1167 559 1221 in
608 1167 834 1234 bonum,
864 1166 1010 1237 quod
1039 1175 1125 1224 est
1150 1167 1410 1224 bonitatis
1434 1178 1538 1224 tuae
1566 1185 1682 1223 ma-

110 1274 278 1331 gnum
305 1267 360 1314 et
380 1257 604 1313 evidens
626 1258 892 1328 judicium
938 1259 992 1313 in
1043 1259 1266 1329 speculo
1287 1269 1678 1316 creaturarum.

108 1350 305 1407 Adhuc
337 1352 391 1406 in
429 1351 572 1406 trina
610 1365 794 1408 rerum
822 1350 1072 1406 machina
1097 1351 1244 1418 coeli,
1277 1362 1453 1418 terrae,
1492 1353 1680 1419 mai-is,

114 1454 196 1512 tu,
229 1445 372 1502 trine
408 1443 576 1511 DeuS,
614 1443 952 1515 agnosceris,
996 1444 1260 1514 quoniam
1311 1454 1366 1501 et
1395 1455 1474 1511 ιιι,
1500 1446 1684 1515 Pater,

112 1537 171 1593 in
197 1535 336 1594 coelo
355 1551 476 1593 esse
504 1535 725 1602 diceris,
755 1551 882 1590 cum
912 1543 1093 1591 tamen
1137 1536 1339 1608 ubique
1366 1538 1443 1593 sis
1471 1559 1482 1593 ε
1513 1548 1566 1593 et
1604 1548 1682 1606 tu,

114 1627 241 1696 Fili,
272 1643 440 1684 carne
469 1627 538 1684 «le
562 1635 703 1682 terra
730 1625 869 1682 sacta
913 1627 1136 1682 indutus
1156 1627 1208 1681 in
1239 1629 1399 1684 terris
1425 1630 1575 1685 visus
1605 1646 1684 1696 οε,

111 1733 310 1778 etcum
340 1719 655 1776 bominibus
682 1729 1037 1775 conversatus
1056 1735 1152 1775 es:
1196 1729 1251 1774 tu
1282 1737 1532 1793 quoque,
1566 1723 1689 1793 Spi-

112 1815 258 1871 ritus
286 1814 598 1881 amborum,
626 1813 721 1885 qui
759 1814 815 1869 in
853 1813 1122 1884 principio
1161 1831 1326 1886 super
1352 1831 1524 1887 aquas
1549 1818 1687 1874 sere-

114 1907 287 1975 baris,
309 1917 364 1963 et
391 1922 539 1963 nunc
566 1906 856 1962 animabus
886 1907 1226 1963 vivificandis
1272 1925 1443 1979 aquas
1500 1909 1686 1965 seeun-

113 2000 237 2068 das,
263 2000 465 2072 quique
503 1998 829 2055 invisibilem
868 1999 1213 2056 Pharaonem
1256 2017 1381 2057 cum
1407 2017 1508 2058 suo
1532 2019 1688 2060 exer-

113 2089 227 2148 citu
258 2089 313 2145 in
341 2088 498 2160 aquis
522 2089 799 2160 baptismi,
831 2091 1098 2162 sanguine
1137 2090 1343 2148 Christi
1370 2094 1683 2163 rubricatiS,

116 2182 420 2239 mortificas
445 2223 460 2248 ,
512 2190 567 2237 ct
595 2197 697 2253 per
718 2182 860 2238 idem
890 2199 1040 2239 mare
1063 2182 1309 2239 Rubrum
1340 2186 1539 2255 populo
1583 2186 1679 2241 Dei

113 2281 255 2338 sacis
280 2280 569 2338 transitum
615 2280 684 2336 ad
731 2289 931 2336 terram
981 2283 1349 2350 promissam:
1393 2283 1487 2353 qui
1524 2283 1686 2338 etiam

114 2390 214 2446 per
241 2389 412 2445 aquas
462 2374 827 2446 lacrymarum
855 2389 1019 2445 super
1048 2374 1223 2430 nivem
1277 2375 1495 2431 dealbas
1524 2377 1688 2432 vitam

116 2467 520 2539 poeuitentium,
570 2476 715 2522 recte
766 2466 822 2520 in
852 2481 1120 2537 aquarum
1158 2466 1424 2523 elemento
1458 2469 1550 2524 tibi
1610 2469 1692 2524 l‘a·

118 2559 320 2616 miliari
357 2559 691 2632 agnosceris,
746 2573 871 2613 cum
913 2567 1095 2615 tamen
1145 2574 1297 2629 aeqne
1335 2570 1394 2615 ut
1440 2558 1600 2616 Pater
1640 2571 1694 2616 et

121 2650 295 2707 Filius
324 2650 524 2721 ubique
563 2651 641 2706 sis
668 2651 852 2706 omnia
883 2650 1099 2723 replens
1148 2651 1394 2718 interius,
1420 2660 1475 2708 et
1513 2653 1695 2708 omnia

120 2743 411 2801 continens
437 2743 679 2799 exterius
699 2762 713 2810 ς
737 2743 866 2815 quia
896 2752 953 2799 tu
996 2759 1056 2799 es
1093 2744 1181 2799 ille
1208 2742 1467 2814 Spiritus,
1496 2746 1562 2802 de
1588 2761 1696 2817 qno

120 2835 384 2906 scriptum
411 2845 529 2892 est:
563 2834 795 2907 Spiritus
820 2835 1032 2891 Domini
1059 2835 1269 2906 replevit
1298 2836 1473 2892 orbem
1525 2848 1696 2893 terra-

121 2944 242 2981 rum
263 2937 314 2982 et
333 2928 463 2994 hoc,
502 2928 641 3001 quod
691 2930 919 2984 continet
969 2929 1184 2997 omnia,
1232 2932 1507 2985 scientiam
1548 2930 1699 2986 habet

120 3021 265 3077 vocis
305 3019 457 3093 (Sap.
492 3039 530 3090 ι,
556 3022 631 3093 7).

1776 525 1854 582 ris
1874 525 1957 580 vel
1987 523 2231 593 epistolis
2255 523 2388 578 suis.

1844 617 2096 688 Amplius
2112 625 2292 671 antem
2316 614 2371 670 in
2390 614 2611 684 speculo
2633 613 2887 684 angelicae
2906 621 3067 683 atque
3091 612 3341 668 humanae

1778 717 2043 767 creaturae
2070 719 2150 776 tu,
2168 706 2351 775 Pater,
2379 705 2621 763 ostendis
2650 715 2797 761 tuam
2826 705 3145 777 potentiam,
3163 705 3341 759 dando

1776 802 2057 859 eis'vitam
2087 799 2426 874 usqueadeo
2454 808 2728 870 potentem
2748 839 2762 864 ‚
2818 805 2878 851 ut
2903 797 3015 851 sive
3063 796 3116 851 in
3144 806 3344 850 aeterna

1779 896 2114 953 beatitudine
2141 895 2254 951 sive
2285 895 2340 949 in
2395 901 2599 949 aeterno
2652 891 2917 962 supplicio
2940 890 3009 946 sit
3057 905 3340 956 mansura,

1782 988 1917 1043 nulli
1950 987 2063 1057 (96)
2092 986 2325 1041 obnoxia
2353 983 2513 1040 morti
2538 983 2620 1038 vel
2639 981 2875 1038 delectui
2902 982 2974 1038 sit
3000 981 3054 1035 in
3082 989 3347 1035 aeternum

1780 1081 2047 1137 duratura
2072 1120 2087 1146 ,
2115 1078 2270 1150 quia,
2338 1077 2440 1132 etsi
2469 1075 2535 1132 ad
2589 1086 2802 1146 tempus
2838 1074 3147 1129 moriantur
3171 1071 3350 1128 bomi-

1782 1189 1915 1229 num
1940 1188 2189 1245 corpora,
2216 1171 2439 1242 spiritus
2471 1177 2650 1224 tamen
2687 1166 2971 1222 rationalis
3015 1175 3123 1219 tam
3154 1164 3349 1218 huma-

1785 1280 1890 1320 nus
1936 1279 2102 1335 quam
2140 1260 2417 1334 angelicus
2463 1273 2573 1315 non
2615 1256 2813 1313 amittit
2849 1269 3061 1326 semper
3119 1253 3300 1307 vivere
3328 1294 3345 1319 ,

1784 1357 1948 1413 etiam
1980 1371 2101 1413 cum
2123 1353 2324 1409 amittit
2351 1353 2487 1407 bene
2509 1351 2713 1415 vivere,
2742 1347 2887 1418 quod
2921 1347 2975 1401 in
3005 1344 3226 1416 speculo
3255 1357 3348 1398 ra-

1784 1450 2005 1508 tionalis
2020 1454 2283 1505 creaturae
2310 1458 2567 1515 magnum
2608 1450 2691 1497 est
2716 1439 2974 1495 indicium
3011 1448 3133 1504 tuae,
3169 1437 3347 1501 Pater,

1787 1538 2215 1611 omnipotentiae,
2239 1536 2326 1591 cui
2370 1534 2505 1589 nibil
2534 1531 2757 1588 omnino
2784 1530 2927 1584 valet
2951 1527 3224 1584 resistere.
3254 1523 3340 1578 Si-

1788 1635 1990 1691 militer
2003 1629 2265 1697 ettu‚Fili
2293 1628 2408 1694 Dei,
2435 1636 2634 1683 aeterna
2649 1623 2912 1695 sapientia
2942 1622 3087 1676 clare
3116 1634 3350 1690 appares

1790 1732 1846 1786 in
1879 1727 2133 1786 rationali
2156 1733 2427 1789 creatura,
2460 1736 2582 1792 quae
2622 1734 2728 1774 non
2760 1716 2923 1771 habet
2948 1714 3184 1779 aliunde,
3208 1711 3354 1781 quod

1786 1833 1870 1882 est
1891 1820 2176 1888 rationale,
2195 1818 2296 1874 nisi
2308 1817 2453 1888 quod
2469 1827 2525 1870 tu
2557 1812 2696 1868 ratio
2710 1818 2907 1865 <eterna
2923 1822 3042 1862 eam
3058 1804 3355 1869 illuminas,

1784 1933 1906 1990 quae
1929 1914 2203 1971 illuminas
2236 1923 2452 1966 omnem
2487 1906 2759 1963 hominem
2794 1901 3097 1957 venientem
3132 1897 3185 1952 in
3213 1897 3359 1951 hune

1785 2009 2071 2066 mundum.
2103 2005 2233 2062 inde
2246 2013 2350 2070 est,
2375 2001 2520 2073 quod
2554 1999 2693 2053 ratio
2713 1994 2887 2068 angeli
2900 1993 2982 2048 vel
2997 1990 3230 2047 hominis
3242 1989 3359 2047 dis·

1786 2100 1961 2157 cernit
1997 2099 2171 2153 lucem
2218 2110 2248 2150 a
2309 2091 2548 2149 tenebris
2599 2091 2760 2146 etiam
2824 2087 2879 2140 in
2909 2086 3016 2150 his,
3038 2083 3130 2154 qui
3155 2081 3360 2137 dilexe-

1786 2200 1918 2250 runt
1952 2192 2125 2263 magis
2160 2189 2411 2245 tenebras
2445 2200 2608 2256 quam
2655 2184 2854 2246 lucem,
2882 2179 3009 2251 quia
3054 2185 3133 2241 tu,
3158 2177 3250 2230 lux
3273 2174 3360 2229 in-

1789 2284 2199 2353 circumscripta
2225 2322 2239 2348 ,
2285 2276 2691 2335 circumscribis
2739 2273 2923 2328 omnia
2960 2269 3123 2325 corda
3155 2267 3268 2322 sive
3312 2274 3361 2321 te

1791 2376 2112 2440 odientium,
2135 2374 2249 2429 sive
2272 2381 2323 2427 te
2348 2369 2708 2440 diligentium.
2726 2365 2878 2419 Sicut
2896 2377 3024 2432 ergo
3045 2360 3136 2414 lux
3167 2359 3363 2412 diurna

1794 2469 1969 2541 tangit
2004 2464 2285 2538 aequaliter
2342 2463 2521 2518 claros
2549 2470 2603 2516 et
2658 2459 2835 2528 lippos
2866 2455 3074 2517 oculoS,
3124 2461 3364 2507 attamen

1793 2562 1917 2617 illos
1936 2560 2186 2622 delectat,
2211 2556 2345 2611 istos
2355 2552 2581 2618 cruciat;
2600 2550 2678 2606 sic
2704 2558 2780 2613 tu,
2800 2548 2893 2601 lux
2909 2560 3057 2611 vera,
3075 2542 3250 2613 tangis
3267 2555 3363 2610 pa-

1793 2655 1925 2709 riter
1945 2663 2136 2707 omnes
2162 2645 2457 2703 rationales
2479 2652 2707 2708 menteS,
2746 2640 2881 2695 alias
2917 2638 2973 2692 in
3010 2634 3366 2707 adjutorium,

1801 2756 1862 2802 ut
1885 2745 2015 2801 liant
2044 2740 2376 2815 probabiles,
2401 2748 2455 2794 et
2474 2738 2609 2792 alias
2638 2735 2692 2789 in
2737 2731 3128 2795 testimonium,
3174 2736 3234 2783 ut
3257 2728 3367 2782 sint

1799 2832 2219 2899 inexcusabilem
2252 2829 2381 2886 dum
2428 2827 2604 2897 magis
2622 2824 2857 2896 diligunt
2897 2820 3168 2885 tenebras,
3202 2832 3367 2888 quam

1799 2931 1974 2986 lucem
2011 2927 2114 2984 sibi
2136 2934 2413 2982 ostensam
2446 2922 2500 2974 in
2526 2934 2613 2985 eo,
2637 2917 2782 2989 quod
2811 2915 3130 2971 discernunt
3154 2911 3294 2965 mala
3313 2920 3367 2964 et

1799 3023 1942 3078 bona
1965 3033 2225 3090 peream.
2282 3015 2436 3070 Sicut
2477 3012 2713 3076 Pharan,
2751 3009 2844 3080 qui
2882 3006 3058 3062 dixit:
3111 3003 3368 3058 Dominus

194 3111 650 3168 convertentibus
673 3127 802 3184 ergo
824 3114 978 3170 vobis
1008 3116 1197 3170 oculos
1220 3116 1285 3170 ad
1310 3114 1698 3185 inspectionem
1727 3136 1768 3193 c
1794 3117 1996 3185 justus,
2016 3128 2108 3183 eqo
2139 3119 2337 3171 autem,
2372 3115 2422 3161 et
2490 3103 2712 3175 populus
2767 3117 2908 3155 naeus
2957 3099 3150 3168 impius
3170 3095 3365 3164 (Esou.

125 3205 285 3260 trinae
303 3218 486 3258 rerum
510 3203 795 3270 machinae,
827 3205 984 3275 quasi
1008 3222 1103 3276 per
1130 3206 1409 3276 speculum
1439 3207 1689 3263 videmus

127 3302 184 3351 te
234 3295 411 3366 ipsius
458 3293 836 3351 fabricatorem
890 3297 1094 3353 trinum
1145 3298 1201 3352 in
1251 3299 1458 3354 unitate
1484 3341 1499 3364 ,
1537 3309 1700 3370 atque

126 3403 300 3443 uuum
376 3387 429 3443 in
484 3386 750 3444 Trinitate
773 3431 789 3456 ,
852 3388 1067 3447 Patrem
1120 3400 1436 3448 venerantes
1486 3393 1541 3447 in
1591 3409 1701 3449 coe-

124 3481 204 3549 lo,
261 3479 459 3536 Filium
509 3481 848 3538 incarnatum
911 3483 965 3538 in
1023 3493 1165 3539 terra
1194 3527 1208 3552 ,
1262 3483 1523 3555 Spiritum
1574 3502 1701 3541 san·

124 3579 277 3630 etum
303 3572 358 3628 in
385 3588 649 3644 aquarum
670 3574 774 3630 sibi
797 3573 1048 3630 familiari
1069 3577 1355 3645 elemento,
1368 3593 1491 3633 cum
1523 3586 1701 3632 tamen

125 3672 214 3733 tu,
245 3664 390 3723 Deus
419 3667 616 3735 trinuS,
647 3676 791 3724 totus
818 3669 1020 3740 ubique
1047 3668 1125 3725 sis
1156 3670 1210 3724 in
1256 3679 1348 3725 tua
1396 3670 1697 3740 majestate,

129 3774 241 3831 qua
279 3758 654 3829 complentur,
684 3762 1049 3829 continentur,
1104 3762 1475 3834 gubernantur
1495 3762 1696 3822 omnia.

136 3851 291 3908 Pleni
318 3861 447 3908 sunt
468 3853 591 3909 coeli
615 3860 670 3909 et
714 3861 857 3909 terra
882 3854 1050 3927 gloria
1077 3864 1189 3921 tua,
1221 3855 1314 3926 qui
1366 3856 1504 3912 dicis
1539 3876 1550 3911 ε
1585 3855 1702 3911 Coe·

131 3946 244 4000 lum
263 3954 313 4000 et
344 3956 540 4000 terrum
561 3962 653 4017 eqo
677 3946 867 4015 impleo
891 3943 1105 4017 (lev-em.
1141 3963 1296 4013 xxm,
1324 3946 1438 4015 24),
1463 3948 1556 4019 qni
1590 3963 1703 4003 coe-

131 4034 314 4091 lorum
341 4034 587 4092 contines
613 4036 838 4092 thronos
858 4045 911 4092 et
934 4037 1161 4109 abyssos
1209 4036 1459 4106 intueris,
1492 4048 1694 4095 terram

132 4128 318 4199 palmo
338 4128 641 4196 concludis,
665 4137 878 4187 montes
901 4131 1190 4201 ponderas,
1214 4132 1483 4203 attingens
1529 4148 1559 4187 a
1588 4133 1698 4188 fine

144 4235 323 4291 usque
347 4221 415 4276 ad
453 4220 618 4277 linem
646 4218 862 4277 fortiter
886 4263 902 4288 ,
953 4229 1007 4278 et
1047 4222 1343 4293 disponens
1368 4224 1550 4278 omnia
1579 4239 1707 4280 sua-

133 4314 295 4371 viter.
333 4312 436 4383 Qui
463 4315 729 4372 mundum
772 4330 997 4373 movens
1026 4332 1135 4372 non
1173 4316 1408 4373 moveris
1432 4356 1448 4382 ,
1473 4316 1705 4372 visibilia

137 4422 334 4480 regens
355 4424 461 4464 non
489 4408 712 4476 videris,
738 4408 1025 4465 continens
1046 4408 1229 4464 omnia
1249 4423 1360 4464 non
1385 4409 1704 4475 contineriS‚

138 4508 401 4555 ettamen
425 4500 480 4555 in
510 4500 617 4568 bis,
641 4516 764 4572 quae
789 4516 997 4568 moves,
1040 4501 1184 4573 regis
1203 4508 1259 4556 et
1287 4502 1532 4557 contines
1552 4543 1566 4567 ‚
1618 4514 1711 4554 co·
1741 4479 1786 4534 D

141 4591 445 4663 gnosceris,
480 4601 542 4647 ut
566 4592 619 4647 in
643 4593 865 4663 speculo
914 4592 1048 4649 sol-is
1095 4592 1533 4664 contemplamur
1571 4593 1709 4647 ima-

143 4684 348 4754 ginem,
381 4684 540 4754 cuius
555 4685 698 4740 oculi
729 4683 904 4741 nostri
945 4683 1090 4739 serre
1117 4699 1225 4739 non
1269 4693 1521 4754 possunt,
1552 4694 1612 4738 ut
1642 4685 1713 4737 vi-

144 4777 311 4832 deant
332 4777 386 4831 in
414 4790 474 4832 se
503 4775 621 4846 ipso
645 4777 967 4832 claritatem.
999 4774 1120 4845 lpse
1141 4789 1359 4845 quoque
1382 4772 1579 4830 solaris
1593 4789 1714 4828 cor-

145 4868 300 4940 poris
328 4867 541 4938 globus,
572 4867 641 4923 de
664 4884 773 4939 quo
805 4868 1054 4925 nascitur
1099 4867 1371 4937 splendor,
1418 4879 1485 4920 ac
1521 4881 1714 4936 proce·

148 4960 231 5017 dit
255 4960 426 5028 calor,
460 4959 716 5030 splendor
764 4968 965 5016 terram
1014 4959 1334 5015 illuminans
1361 4999 1377 5025 ,
1414 4957 1563 5012 calor
1593 4972 1714 5012 eam

142 5050 470 5119 fecundans,
523 5049 661 5122 ipse,
723 5052 969 5123 inquam,
1027 5052 1240 5124 globus,
1294 5051 1387 5121 qui
1416 5060 1497 5105 est
1529 5051 1715 5104 mundi

147 5147 364 5213 oculus,
386 5146 663 5218 quoddam
694 5148 977 5217 speculum
1015 5144 1112 5203 Dei
1146 5155 1248 5213 est,
1280 5146 1333 5200 in
1361 5160 1473 5215 quo
1498 5153 1719 5214 apparet

150 5241 409 5313 splendor
436 5247 677 5311 paterna*
699 5239 885 5311 gloriae
913 5239 1027 5309 ipse
1052 5238 1244 5305 Filius,
1269 5246 1325 5292 et
1358 5237 1424 5292 de
1448 5252 1558 5307 quo
1590 5251 1718 5306 pro-

148 5333 293 5390 cedit
318 5334 471 5390 calor
495 5333 777 5390 charitatis
816 5331 1060 5388 recundae
1105 5332 1158 5387 in
1183 5340 1354 5387 totum
1400 5346 1599 5399 corpus
1622 5329 1723 5384 Ec·

148 5426 350 5495 clesiae,
377 5426 473 5498 qui
500 5440 609 5482 non
652 5433 736 5481 est
774 5423 961 5492 aliud,
1007 5440 1170 5494 quam
1216 5424 1453 5495 Spiritus
1499 5432 1723 5478 sanctus

152 5518 209 5574 in
267 5534 334 5575 eo
371 5516 610 5574 maxime
667 5515 997 5587 conspicuus
1032 5559 1046 5583 ‚
1096 5518 1242 5587 quod
1288 5516 1343 5571 in
1390 5516 1512 5586 igne
1561 5530 1725 5584 super

151 5611 431 5682 apostolos
474 5608 630 5665 visus
669 5608 854 5663 adbuc
905 5606 1139 5662 sentitur
1178 5608 1232 5661 in
1282 5622 1470 5663 eorum
1526 5605 1724 5677 linguis

230 5791 343 5865 (96)
377 5792 513 5849 eod.
541 5791 796 5863 ιιιιΙΙὶᾳιιε.

1801 3223 1876 3273 tx,
1903 3205 2019 3275 27),
2036 3211 2089 3260 et
2111 3211 2289 3257 tamen
2307 3199 2387 3256 sic
2404 3193 2909 3267 noluitintelligere‚
2933 3200 2991 3246 ut
3005 3192 3139 3246 bene
3166 3195 3365 3258 ageret.

1802 3300 1892 3356 Sic
1913 3298 2074 3354 etiam
2097 3295 2267 3354 Judaei
2305 3303 2359 3350 et
2397 3292 2663 3356 viderunt,
2687 3296 2738 3343 et
2757 3290 3007 3351 oderunt,
3034 3292 3087 3339 et
3116 3292 3167 3337 tc
3195 3282 3369 3336 lucem

1801 3408 1987 3449 veram
2013 3398 2068 3446 et
2103 3387 2316 3444 Patrem
2349 3397 2524 3452 tuum,
2546 3382 2763 3437 Patrem
2797 3378 3091 3433 luminum.
3130 3372 3271 3440 Quid
3304 3372 3371 3426 de

1801 3485 2015 3541 caeteris
2066 3482 2249 3553 impiis
2281 3480 2407 3535 tiliis
2437 3477 2786 3534 tenebrarum
2814 3471 2992 3526 dicam
3017 3469 3041 3521 ‘i
3068 3466 3258 3521 Nonne
3284 3473 3367 3529 tu,

1801 3579 1895 3634 lux
1925 3574 2261 3639 indeficiens,
2294 3573 2465 3639 luces,
2510 3569 2674 3624 etiam
2704 3568 2758 3621 in
2787 3561 3046 3626 tenebris,
3083 3559 3208 3614 licet
3238 3556 3371 3627 ipsae

1800 3670 2099 3736 tenebraete
2120 3680 2227 3720 non
2245 3661 2724 3734 comprehendant,
2744 3657 2872 3712 dum
2906 3670 2964 3711 se
3000 3652 3178 3723 potius
3207 3663 3368 3718 quam

1802 3769 1855 3817 te
1885 3766 2070 3815 amant
2106 3756 2130 3809 ‘l
2161 3753 2350 3809 Nonne
2378 3758 2705 3819 cognoscent
2727 3760 2938 3811 omncs,
2964 3743 3053 3813 qui
3084 3746 3377 3809 operantur

1805 3851 2172 3924 iniquitatem,
2200 3846 2345 3915 quod
2375 3852 2453 3910 tu,
2491 3843 2583 3896 lux
2621 3854 2771 3905 vera,
2801 3835 3078 3906 improbas
3114 3831 3373 3901 iniquita·

1804 3957 1937 4012 tem,
1964 3945 2076 4000 sive
2097 3956 2191 4012 per
2221 3940 2394 4008 legem
2441 3933 2743 3991 naturalem
2774 3925 3197 3999 cogitationibus
3241 3921 3376 3977 invi·

1804 4054 1922 4097 cem
1954 4031 2340 4093 accusantibus
2370 4036 2465 4084 aut
2487 4026 2648 4082 etiam
2674 4018 3087 4079 defendentibus
3109 4016 3373 4085 cujusque

1804 4135 1971 4190 vitam
2001 4130 2085 4186 vel
2113 4141 2271 4198 opus,
2297 4124 2412 4180 sive
2435 4120 2597 4178 etiam
2625 4133 2723 4189 per
2750 4116 2923 4187 legem
2954 4112 3211 4182 scriptam
3234 4123 3373 4180 prae-

1807 4225 1984 4296 ceptis
2004 4216 2346 4277 evidentibus
2358 4215 2499 4270 mala
2528 4208 2978 4267 interdicentibus
2997 4213 3051 4260 ct
3078 4205 3217 4260 bona
3241 4217 3377 4273 prae-

1807 4313 2168 4387 cipientibus?
2187 4311 2292 4367 Per
2312 4310 2427 4364 haec
2440 4305 2620 4362 omnia
2652 4313 2730 4370 tu,
2744 4303 2838 4357 lux
2857 4315 3003 4366 vera,
3029 4295 3375 4361 cognosceris

1813 4409 1866 4463 in
1902 4404 2136 4477 speculis
2177 4409 2442 4459 creaturae
2480 4405 2710 4454 sensatae
2744 4409 2808 4448 ac
2830 4389 3146 4447 rationalis:
3206 4385 3377 4458 magis

1814 4509 1998 4557 autem
2028 4498 2174 4553 clare
2218 4494 2311 4548 illa
2344 4501 2395 4549 te
2432 4491 2649 4562 specula
2683 4486 2947 4542 mentium
2980 4487 3375 4553 repraesentant

1816 4596 1870 4651 in
1900 4610 1981 4661 se,
2027 4606 2150 4664 quae
2196 4606 2227 4644 a
2255 4588 2403 4643 vitiis
2428 4588 2664 4648 detersa,
2693 4590 2747 4638 et
2780 4594 2953 4650 usque
2976 4578 3044 4632 ad
3065 4588 3261 4647 purum
3285 4572 3380 4626 dc-

1814 4697 1986 4752 cocta,
2014 4700 2109 4741 seu
2138 4684 2324 4738 limata
2346 4688 2399 4734 et
2426 4678 2589 4748 polita
2619 4685 2763 4729 sunt.
2794 4671 2872 4726 Tu
2904 4678 3104 4734 autem,
3148 4667 3383 4738 Spiritus

1817 4789 2024 4842 sancte,
2048 4778 2142 4848 qui
2177 4772 2476 4843 disciplinae
2506 4767 2726 4834 effugies
2753 4765 2959 4822 fletum,
2986 4777 3087 4814 nee
3111 4757 3381 4810 habitabis

1819 4872 1873 4925 in
1900 4882 2129 4938 corpore
2175 4863 2393 4920 subdito
2438 4858 2690 4931 peel-:atim
2722 4866 2766 4906 ast
2804 4858 2983 4906 sums
3031 4864 3075 4902 ne
3107 4872 3131 4902 ,-ι,
3175 4850 3350 4910 {we-<3221

1822 4959 2081 5023 tionibus,
2104 4970 2226 5027 quae
2249 4959 2377 5009 sunt
2398 4951 2516 5007 sine
2544 4950 2838 5006 itm-timui,
2862 4946 3003 4994 salac.
3031 4946 3199 4990 lamma
3235 4952 3382 4990 nuva-

1821 5063 1900 5109 les
1928 5049 2219 5113 inhabitas,
2249 5054 2304 5100 el
2336 5044 2391 5099 in
2422 5042 2505 5096 his
2526 5048 2778 5107 tanquam
2814 5038 2866 5086 Ῑιι
2894 5034 3127 5102 apsentis
3171 5028 3383 5098 pellini-

1819 5143 1970 5198 diste
1988 5138 2299 5196 manifestas
2324 5151 2443 5192 esse
2457 5132 2714 5204 Spiritum
2742 5131 2968 5187 innui-is,
2991 5131 3055 5179 Ιῑιι
3079 5127 3228 5175 tanniu
3259 5137 3380 5191 μιν·

1828 5236 2019 5307 liclpes
2053 5233 2129 5288 [ui
2182 5231 2470 5286 timoratos
2515 5242 2566 5281 el
2614 5243 2870 5295 Ιιςιιιμιξτϊετ·
2898 5219 3103 5287 ruphilli.
3135 5215 3211 5267 Τιι
3243 5227 3382 5279 qim·

1822 5345 1949 5401 que,
1995 5326 2230 5399 Spiritus
2254 5322 2489 5395 pietatis,
2521 5320 2570 5373 in
2614 5319 2778 5367 lna-ntis
2818 5315 3111 5367 nna-nulum:
3151 5307 3383 5375 Ημὶιιιιιε

1824 5421 2084 5485 scientiae,
2110 5418 2164 5473 in
2206 5415 2381 5472 beatis
2420 5411 2732 5482 lugentibus
2753 5415 2807 5461 et
2854 5403 3193 5474 iniquitatem
3226 5412 3380 5453 suam

1825 5511 2278 5585 cognoscentibus
2300 5526 2314 5576 ;
2340 5504 2575 5576 Spiritus
2597 5497 2951 5561 fortitudinis,
2986 5495 3039 5548 in
3061 5490 3232 5548 beatis
3260 5504 3383 5544 esu-

1825 5605 2090 5664 rientibus
2156 5612 2210 5658 ct
2263 5596 2570 5658 sitientibus
2600 5593 2913 5665 justitiam;
2973 5584 3208 5658 Spiritus
3248 5595 3381 5638 con-
