3817 6000
1328 238 1636 296 Genuum
1673 237 2069 295 PRAEPostTt
2110 237 2661 297 tintcuEttSPERG.

374 367 578 426 verunt,
601 362 713 415 sint
734 359 948 415 inutiles
969 358 1110 415 aliis.
1138 357 1276 415 Vere
1295 373 1533 428 namque
1555 365 1684 414 sunt
1705 357 1942 413 inutiles.
1974 365 2019 422 Α
2048 358 2154 413 hoc
2172 358 2433 414 devorant
2462 358 2672 429 plebem
2705 373 2901 423 meam,
2933 358 3067 411 sicut
3095 370 3268 411 escam
3289 353 3464 424 patris,
3487 353 3626 421 quia

370 448 506 506 Nam
533 459 718 521 guttur
736 466 915 505 eoram
937 457 1021 505 est
1042 448 1356 520 sepulcrum,
1381 448 1450 505 de
1475 463 1585 518 quo
1607 445 1770 503 t'oetor
1792 447 1947 502 malae

371 542 749 614 persuasionis
780 543 1042 598 exhalans
1080 541 1279 598 multos
1306 540 1628 610 corrumpit,
1664 549 1849 610 patens
1875 538 1944 594 ad

371 632 725 687 voracitatem
765 646 979 702 semper
1013 640 1068 688 et
1099 632 1512 703 loquacitatem,
1550 630 1811 701 quoniam
1847 646 1946 686 vo-

372 722 586 778 racitati
615 724 789 779 amica
843 733 897 779 et
945 723 1234 795 coniuncta
1280 723 1417 780 solet
1458 737 1580 779 esse
1619 722 1942 792 loquacitas.

373 810 530 870 Unde
564 813 749 871 divitis
781 814 835 869 in
869 813 1089 870 inferno
1125 824 1455 871 memoratur
1495 814 1699 871 arsisse
1734 815 1955 887 lingua..

375 905 611 962 Tacetur
641 907 707 963 de
732 908 876 978 gula,
910 908 1039 978 quia
1073 907 1216 962 inter
1244 907 1547 977 superfluas
1574 907 1783 978 epulas,
1817 922 1942 963 cum

375 1009 609 1071 utroque
652 1000 814 1055 modo
860 1009 1134 1071 peccetur,
1165 999 1416 1057 videlicet
1459 1000 1513 1056 in
1552 999 1849 1057 voracitate
1891 1010 1946 1056 et

378 1091 723 1161 inquorum-v,
767 1092 883 1161 plns
918 1092 1189 1149 interdum
1221 1101 1475 1163 peccatur
1501 1093 1846 1163 loquacitate.
1878 1092 1948 1149 Et

378 1189 494 1237 illan
526 1185 720 1253 lingniis
759 1189 866 1239 sru‘s
903 1185 1084 1240 dolose
1118 1185 1357 1255 aqebtmt.
1391 1183 1528 1241 Nam
1567 1185 1858 1242 voracibus
1890 1194 1947 1242 et

378 1277 695 1345 loquaciltins
727 1291 904 1331 curiles
928 1285 1010 1331 est
1031 1276 1291 1332 adulatio.

446 1369 538 1421 val
578 1369 873 1437 ειτιιιιέιτῐιιιιι
908 1378 1090 1439 palens
1117 1378 1195 1423 est
1222 1377 1405 1441 quitur
1429 1385 1609 1424 eorum
1645 1385 1663 1422 .·
1684 1368 1944 1441 quoniam

374 1466 530 1534 qnasi
566 1470 803 1514 ruminus
835 1460 1114 1526 devorant,
1152 1477 1292 1533 quos
1327 1476 1542 1517 morum
1584 1477 1811 1519 suorum
1845 1460 1948 1519 ἰω-

374 1566 494 1606 tarn
538 1562 939 1622 corrumpunt:
989 1561 1046 1609 et
1071 1554 1165 1608 sub
1198 1552 1357 1609 labiis
1395 1569 1596 1621 eorum,
1647 1552 1704 1610 id
1751 1561 1839 1609 est
1886 1553 1946 1608 iu

336 1690 340 1694 .
374 1646 538 1698 nursia}
582 1658 663 1698 est
707 1662 948 1699 tumulum
990 1646 1254 1717 aspidum,
1297 1645 1444 1717 quod
1471 1654 1559 1701 esi.
1586 1645 1743 1717 pejus
1781 1653 1935 1702 caele·

2045 448 2350 506 ministerio
2395 465 2496 506 suo
2544 450 2843 505 abutuntur
2889 456 3111 519 propter
3154 444 3415 503 sectanda
3462 443 3624 499 lucra

2045 556 2269 596 suorum
2302 542 2714 598 commodorum
2742 556 2773 596 a
2800 540 2958 612 plebe
2989 554 3132 606 mea,
3160 553 3268 594 non
3295 537 3362 593 ad
3384 537 3625 593 salutem

2047 632 2326 689 hominum
2355 634 2438 690 vel
2467 633 2695 706 gloriam
2726 632 2844 688 Dei.
2878 632 2947 688 Et
2978 633 3082 688 hoc
3110 640 3197 687 est
3220 632 3301 687 eis
3331 630 3402 685 ita
3427 644 3624 697 suave,

2046 724 2190 779 sicut
2212 740 2339 780 esca
2362 724 2541 795 panis.
2574 723 2710 780 Esca
2745 724 3177 795 pulmentorum,
3212 722 3259 777 si
3291 720 3456 777 suerit
3480 737 3628 792 quo-

2045 816 2272 883 tidiana,
2312 818 2541 873 vertitur
2590 817 2644 872 in
2689 816 2988 883 fastidium,
3029 817 3187 888 panis
3219 824 3400 870 autem
3439 816 3625 879 cibus,

2046 924 2171 963 cum
2204 909 2276 965 sit
2313 909 2689 981 quotidianus,
2731 918 2882 965 caret
2922 909 3164 975 fastidit),
3194 918 3247 965 et
3281 908 3422 979 sapit
3445 909 3628 980 magis

2047 1011 2267 1058 assueto
2293 1018 2457 1074 quam
2501 1003 2716 1059 insueto
2753 1004 2954 1073 palato.
2987 1001 3247 1056 Similiter
3279 1008 3335 1057 et
3364 1001 3473 1067 isti,
3506 1000 3629 1056 sive

2047 1094 2422 1164 spiritualiter,
2451 1096 2567 1151 sive
2603 1094 2938 1152 saeculariter
2963 1094 3335 1166 principantes
3372 1093 3426 1148 in
3470 1090 3627 1162 plebe

2047 1203 2185 1254 mea,
2208 1203 2372 1258 quam
2400 1188 2653 1243 devorant
2685 1189 2821 1242 sicut
2853 1203 3027 1242 escam
3060 1187 3234 1257 panis,
3273 1185 3510 1256 gaudent
3540 1184 3628 1238 lu-

2047 1282 2157 1337 cris
2182 1281 2538 1352 quotidianis,
2561 1281 2616 1337 in
2647 1280 2848 1351 quibus
2877 1279 3085 1350 absque
3105 1278 3325 1334 fastidio
3346 1278 3624 1334 delectan-

2048 1383 2156 1438 tur,
2188 1388 2290 1429 nec
2332 1373 2577 1430 sentiunt
2620 1372 2937 1445 iniquitatis
2972 1372 3196 1427 hamum
3246 1370 3351 1427 sub
3373 1371 3468 1427 tali
3494 1385 3627 1426 esca

2047 1467 2398 1536 occultatum,
2420 1482 2531 1537 quo
2563 1467 2726 1524 hamo
2752 1474 3034 1538 propterea
3063 1464 3348 1535 capientur
3366 1473 3420 1519 et
3445 1472 3626 1519 stran-

2047 1558 2417 1630 gulabuntur:
2446 1559 2575 1630 quia

2119 1652 2284 1709 Vens.
2309 1653 2362 1709 5.
2415 1651 2696 1707 Dominum
2743 1668 2845 1707 non
2887 1653 3276 1712 invocaverant.
3318 1647 3439 1703 Non
3475 1647 3626 1704 enim

378 1742 450 1794 ris
486 1742 723 1802 ranas-is.
755 1742 881 1810 qnia
913 1738 1233 1796 insanabile.
1260 1737 1423 1811 Aspis
1450 1747 1634 1795 autem
1661 1753 1824 1796 aures
1848 1740 1947 1797 ol>-
1973 1736 2020 1790 B
2048 1760 2174 1802 vere
2220 1744 2502 1799 Dominum
2554 1745 2797 1799 invocant
2844 1744 2900 1799 in
2942 1743 3027 1799 sui
3069 1741 3252 1799 cordis
3297 1741 3625 1811 hospitium,

374 1838 539 1898 turat,
576 1846 644 1886 ne
690 1846 876 1888 vocem
929 1831 1284 1888 incantatoris
1332 1830 1539 1900 audiat,
1583 1841 1638 1889 et
1676 1846 1946 1888 venenum

372 1923 583 1992 perdat.
614 1921 876 1979 Similiter
908 1932 962 1978 et
996 1923 1085 1979 isti
1119 1937 1282 1980 aures
1301 1923 1485 1981 cordis
1506 1924 1784 1993 obturant,
1817 1939 1946 1981 cum

373 2031 484 2070 non
519 2026 715 2072 curant
741 2026 1004 2087 praecepta
1032 2016 1198 2087 legis,
1233 2033 1302 2074 ne
1330 2018 1669 2075 contumacis
1690 2018 1949 2090 nequitiae

371 2108 602 2178 perdant
640 2124 928 2176 venenum,
963 2109 1057 2180 qui
1094 2110 1231 2166 adeo
1261 2118 1390 2166 sunt
1417 2111 1701 2179 venenosi,
1733 2121 1792 2167 ut
1823 2112 1948 2167 red·

372 2198 505 2252 dant
552 2213 653 2268 pro
696 2198 855 2254 bonis
907 2199 1068 2255 mala.
1114 2199 1222 2257 Nec
1268 2200 1489 2268 mirum,
1537 2201 1582 2257 si
1622 2201 1771 2270 dant,
1803 2204 1948 2258 unde

372 2290 682 2360 abundant,
700 2301 756 2348 et
787 2294 930 2350 unde
955 2293 1099 2366 pleni
1126 2303 1272 2351 sunt.

444 2381 683 2449 Quorum
715 2401 773 2440 os
822 2384 1207 2453 maledictione,
1252 2396 1303 2441 et
1343 2386 1700 2442 anturitudiuc
1734 2385 1958 2457 plenum·

370 2482 468 2529 est.
505 2473 903 2543 Maledictione,
935 2477 988 2532 id
1030 2487 1114 2534 est
1146 2478 1502 2550 blasphemiis
1532 2488 1587 2536 et
1613 2481 1944 2552 opprobriis,

371 2568 502 2639 quia
523 2569 713 2626 dicunt
741 2567 1010 2627 Salvatori
1034 2587 1050 2624 z
1096 2589 1116 2624 ι
1145 2570 1481 2628 Daemonium
1503 2572 1685 2641 habet,
1707 2573 1946 2630 ethome

371 2676 563 2727 vorax,
594 2671 649 2717 et
692 2670 908 2732 potator
955 2662 1066 2718 vini
1121 2662 1344 2734 (Maean.
1387 2680 1462 2732 xi,
1494 2663 1562 2719 18
1587 2673 1642 2721 et
1670 2664 1780 2735 19).
1821 2685 1841 2718 ι
1880 2664 1948 2722 Ει

373 2755 754 2823 amaritudine,
783 2755 835 2811 id
868 2766 952 2812 est
978 2756 1141 2811 minis
1166 2757 1376 2827 plenum
1406 2767 1484 2813 cst
1514 2774 1570 2812 os
1592 2772 1802 2814 eorum.

442 2845 612 2901 Pedes
640 2863 840 2920 corum,
865 2847 918 2902 id
947 2856 1032 2904 est
1061 2846 1390 2916 affectiones,
1416 2859 1543 2905 sunt
1570 2849 1784 2916 veloces,
1815 2849 1946 2920 quia

372 2939 582 2996 faciunt
610 2940 934 2997 inconsulte.
968 2938 1064 2995 Vel
1102 2939 1318 3009 veloces,
1345 2941 1400 2999 id
1428 2951 1511 2999 est
1540 2940 1865 3013 praecipites,
1893 2951 1943 2995 et

372 3033 609 3104 expediti
637 3034 708 3106 ad
749 3032 1122 3103 effundendum
1163 3035 1470 3105 sanquinem
1497 3033 1700 3090 Christi
1733 3043 1786 3089 et
1815 3048 1949 3089 suo·

372 3140 518 3180 rum.
556 3122 623 3180 Et
661 3102 782 3180 ideo
811 3125 1057 3179 catatritio
1090 3134 1142 3180 ct
1184 3124 1470 3196 infelicitas
1517 3126 1573 3180 in
1598 3125 1697 3180 viis
1740 3141 1941 3180 corum.

374 3216 576 3274 Omnes
601 3217 744 3274 enim
774 3216 876 3273 viae
909 3217 1176 3274 malorum
1211 3219 1383 3288 plcnae
1411 3225 1539 3274 sunt
1565 3216 1843 3273 laboribus
1891 3226 1947 3273 et

376 3311 617 3375 miseria.
643 3310 714 3365 Ee
743 3311 850 3368 hoc
890 3311 1032 3380 iden,
1061 3311 1190 3382 quia
1220 3313 1359 3366 viam
1397 3312 1545 3382 pacis
1573 3327 1678 3365 non
1699 3326 1949 3382 coquens·

378 3412 527 3471 runt,
556 3404 625 3460 dc
666 3419 773 3474 qua
817 3401 1082 3460 Dominus
1118 3402 1195 3458 ait
1225 3422 1237 3458 ε
1273 3421 1292 3454 ι
1339 3400 1537 3475 Jugum
1574 3418 1757 3458 meum
1780 3417 1949 3459 suave

374 3507 461 3555 est
498 3495 713 3568 (Macen.
758 3513 837 3564 xi,
879 3496 994 3568 50).
1045 3516 1064 3548 ι
1113 3495 1210 3552 Vel
1246 3504 1511 3568 quantum
1558 3495 1623 3551 ad
1671 3494 1890 3551 Judaeos
1931 3513 1946 3548 τ

375 3588 643 3646 Contritio
665 3598 714 3645 et
745 3587 1033 3660 infelicitas
1060 3589 1116 3643 in
1137 3588 1235 3643 viis
1257 3602 1457 3656 eorum,
1481 3588 1739 3659 quoniam
1767 3586 1821 3641 in
1845 3586 1950 3642 hac

373 3682 506 3748 vita,
533 3697 655 3754 quae
689 3681 776 3737 via
807 3689 895 3738 est
929 3673 1010 3738 ad⁴
1032 3680 1213 3736 sutura
1243 3681 1326 3735 vel
1354 3680 1498 3736 bona
1517 3680 1601 3735 vel
1627 3679 1791 3744 mala,
1818 3695 1951 3736 cou-

379 3775 492 3833 triti
523 3785 651 3832 sunt
676 3791 773 3848 per
801 3775 982 3831 Titum
1010 3787 1064 3831 et
1086 3772 1502 3845 Vespasianum,
1527 3781 1582 3830 et
1609 3783 1783 3830 morte
1809 3773 1950 3829 infe-

377 3871 468 3927 lici
497 3869 892 3946 descenderunt
912 3868 966 3923 in
1006 3865 1301 3923 infernum.
1372 3855 1374 3857 ’

391 3965 399 3972 ’
448 3963 613 4019 Recte
641 3963 725 4018 via
754 3961 1047 4035 impiorum
1084 3959 1285 4016 dicitur
1326 3960 1596 4029 contritio,
1625 3960 1755 4032 quia
1783 3960 1948 4016 simul

376 4067 431 4113 et
455 4057 580 4113 terit
603 4066 656 4112 et
683 4055 894 4112 teritur.
924 4053 1132 4110 Dicitur
1158 4053 1321 4109 etiam
1355 4053 1662 4124 infelicitas,
1686 4053 1948 4124 quoniam

378 4150 435 4204 in
466 4164 655 4205 eorum
696 4145 1023 4203 contritione
1053 4145 1199 4200 nulla
1231 4152 1317 4201 est
1351 4145 1431 4201 eis
1481 4144 1709 4213 utilitas,
1736 4153 1797 4200 ut
1824 4160 1953 4201 san-

380 4239 484 4295 ctis
513 4237 866 4311 martyribus,
896 4235 991 4306 qui
1031 4235 1100 4290 de
1127 4235 1452 4293 contritione
1478 4236 1732 4306 praesenti
1761 4251 1955 4298 ascen-

380 4333 580 4388 derunt
625 4331 681 4385 in
732 4326 1159 4399 coelum.1mpii
1205 4343 1335 4384 vero
1388 4328 1746 4398 praesentibus
1792 4329 1952 4385 malis

2047 1837 2140 1909 qui
2165 1846 2352 1893 amant
2393 1844 2698 1908 peccatum,
2738 1836 2833 1907 qui
2862 1844 3049 1890 amant
3094 1850 3206 1890 non
3257 1832 3512 1901 amanda,
3568 1841 3628 1890 et

2046 1928 2241 1985 timent
2267 1944 2374 1985 non
2407 1929 2668 1997 timenda,
2694 1928 2839 1985 sicut
2879 1927 2969 1983 isti
3000 1946 3014 1983 ε

2118 2020 2245 2076 Illic
2270 2021 2657 2092 trepidaverunt
2681 2022 2889 2087 timore,
2913 2018 3004 2074 ubi
3026 2035 3129 2073 nan
3150 2027 3265 2073 crat
3295 2019 3475 2085 timor,
3495 2032 3623 2073 cum

2047 2112 2288 2169 dicerent
2320 2131 2333 2168 :
2365 2130 2385 2163 ι
2436 2109 2494 2166 Si
2531 2110 2859 2167 dimittimus
2894 2124 3021 2167 eum
3050 2110 3152 2174 sic,
3182 2124 3374 2164 omnes
3399 2107 3626 2163 credent

2046 2206 2102 2261 in
2133 2218 2281 2271 eum,
2306 2211 2361 2259 et
2393 2203 2610 2258 venient
2650 2200 2904 2268 Romani,
2937 2208 2995 2256 et
3028 2199 3219 2256 tollent
3253 2208 3503 2254 nostrum
3534 2199 3622 2253 lo-

2046 2311 2195 2363 cum,
2223 2304 2279 2352 et
2303 2302 2517 2366 gentem
2544 2292 2727 2365 (Joan.
2764 2309 2842 2360 xi,
2874 2292 2988 2364 48).
3031 2314 3051 2347 ι
3085 2291 3209 2348 llaee
3237 2292 3480 2348 dicentes
3508 2289 3623 2347 illic

2047 2389 2439 2460 trepidaverunt
2482 2388 2687 2454 timore,
2729 2385 2820 2440 ubi
2848 2402 2953 2442 non
2988 2396 3103 2441 crat
3143 2387 3320 2452 tintor,
3360 2387 3623 2456 quoniam

2048 2482 2131 2537 vel
2157 2480 2211 2536 in
2242 2480 2406 2538 corde
2443 2495 2552 2535 non
2592 2479 2911 2545 timuerunt,
2941 2478 3036 2535 sed
3075 2494 3135 2534 se
3159 2480 3352 2533 timere
3387 2476 3624 2532 simula-

2048 2582 2262 2641 verunt,
2286 2582 2347 2629 ut
2373 2571 2594 2643 plebem,
2617 2586 2780 2642 quam
2811 2569 3167 2637 devorabant,
3192 2570 3532 2625 concitarent
3553 2569 3623 2624 ad

2048 2665 2322 2732 timorem,
2350 2663 2433 2719 vel
2460 2664 2505 2720 si
2529 2678 2653 2719 vere
2677 2663 2996 2728 timuerunt,
3025 2676 3133 2717 non
3163 2660 3400 2717 timenda
3426 2652 3623 2717 timue-

2045 2766 2194 2815 runt.
2228 2756 2332 2814 Sed
2370 2755 2584 2813 tandem
2609 2767 2940 2828 cognoscent
2972 2771 2988 2808 ε

2117 2850 2284 2906 Vnus.
2313 2849 2368 2906 6.
2406 2850 2669 2918 Quoniam
2716 2847 2975 2904 Dominus
3013 2848 3068 2903 in
3103 2848 3436 2919 generatione
3468 2848 3620 2936 justa

2045 2957 2143 3000 est.
2190 2943 2327 3000 Cum
2360 2943 2505 2997 enim
2536 2942 2678 2999 dicet
2724 2942 2777 2996 in
2823 2940 3031 3026 judicio
3077 2939 3341 2995 Dominus
3385 2939 3615 3009 impiis:

2053 3035 2074 3074 ι
2109 3016 2342 3082 Esurivi,
2372 3022 2427 3070 et
2449 3029 2558 3070 uon
2587 3013 2813 3070 dedistis
2838 3013 2972 3068 mihi
2999 3011 3349 3078 manducare,
3382 3030 3402 3064 ι
3436 3012 3622 3082 illique

2051 3108 2413 3180 respondent:
2445 3126 2466 3160 t
2494 3105 2597 3162 Ubi
2622 3116 2675 3161 te
2699 3106 2956 3172 vidimus,
2977 3112 3034 3161 et
3054 3119 3164 3159 non
3191 3103 3619 3159 ministravimus

2047 3201 2218 3258 tihi‘e»
2246 3199 2463 3274 (nanta.
2498 3215 2623 3267 xxv,
2645 3199 2733 3254 42.
2741 3196 3143 3271 >Respondebo
3161 3196 3292 3252 ille
3316 3214 3336 3247 ι
3370 3195 3620 3264 Quaudiu

2050 3311 2158 3352 non
2196 3293 2403 3351 fecistis
2430 3293 2527 3348 uni
2562 3293 2631 3348 de
2672 3291 2912 3348 minimis
2951 3291 3108 3359 meis,
3130 3305 3231 3347 nec
3254 3289 3390 3345 mihi
3416 3289 3623 3345 fecistis

2049 3387 2226 3459 (ibid.,
2250 3386 2395 3457 tm..
2425 3385 2548 3443 flaec
2568 3394 2700 3443 tunc
2719 3386 2934 3442 dicente
2942 3385 3146 3457 judice,
3172 3404 3193 3438 t
3216 3399 3397 3439 nonne
3414 3397 3621 3454 cogno-

2048 3491 2202 3538 scent
2219 3496 2429 3546 omnes,
2473 3481 2567 3553 qui
2624 3499 2642 3532 ι
2679 3495 2823 3536 nunc
2870 3497 2890 3532 ι
2935 3488 3229 3550 operantur
3278 3476 3623 3548 iniquitatem

2050 3572 2228 3643 (ibid.,
2256 3573 2369 3644 45),
2405 3592 2424 3624 ι
2455 3570 3003 3642 quoniamDominus
3028 3568 3082 3624 in
3107 3569 3458 3641 generatione
3472 3568 3623 3640 justa

2050 3665 2198 3721 etin
2241 3665 2394 3737 plebe
2442 3674 2520 3720 est
2567 3664 2921 3720 minimorum
2967 3678 3216 3728 suorum,
3259 3662 3460 3733 quibus
3507 3662 3625 3731 ipse

2050 3759 2303 3832 promisit
2328 3773 2557 3830 regnum
2601 3758 2888 3826 coelorum,
2915 3756 3103 3813 dicens
3135 3775 3149 3811 ε
3181 3775 3201 3809 ι
3234 3754 3384 3812 Beati
3413 3770 3621 3826 paupe-

2051 3866 2141 3909 res
2167 3850 2383 3922 spiritu,
2411 3850 2672 3920 quoniam
2696 3849 2940 3920 ipsorum
2964 3856 3049 3905 est
3075 3863 3302 3919 regnum
3324 3847 3630 3904 coelorumt

2053 3944 2268 4018 (flattu.
2302 3960 2359 4012 v,
2384 3944 2464 4016 5.)
2499 3963 2519 3996 ι

2123 4038 2381 4094 Dominus
2406 4045 2486 4092 est
2530 4037 2589 4091 in
2638 4037 2968 4107 generatione
3011 4036 3184 4107 justa.
3219 4034 3345 4101 Sed,
3375 4049 3410 4089 o
3436 4033 3625 4088 miseri

2051 4147 2150 4188 vos
2177 4129 2383 4187 Judaei!
2430 4143 2541 4185 non
2570 4128 2747 4185 solum
2793 4129 3199 4201 generationem
3232 4127 3435 4199 justam
3470 4141 3624 4195 spre—

2052 4225 2229 4294 vistis,
2265 4221 2360 4279 sed
2398 4231 2454 4277 et
2493 4221 2775 4276 consilinm
2831 4221 3003 4291 inopis
3035 4218 3241 4277 Christi
3286 4219 3621 4290 confudistis,

2056 4317 2110 4373 id
2143 4325 2250 4384 est,
2284 4314 2525 4386 recipere
2569 4313 2851 4385 sprevistis
2905 4323 2961 4369 et
3002 4311 3412 4382 contempsistis
3437 4311 3623 4366 bumi-

381 4422 601 4480 contriti
641 4421 886 4476 vadunt*
872 4437 927 4476 1n
962 4418 1268 4487 infernum,
1299 4419 1444 4476 unde
1469 4418 1592 4475 ideo
1618 4436 1729 4477 non
1769 4435 1955 4476 rever·
1983 4434 2029 4490 ῃ
2057 4411 2160 4466 lem
2190 4409 2483 4466 adventum
2511 4403 2738 4473 (musti,
2764 4404 2984 4477 qunudo
3003 4404 3154 4461 veuit
3166 4405 3297 4460 dare
3320 4402 3622 4467 concilium.

382 4524 609 4571 tuntur:
641 4513 769 4583 quia
792 4513 931 4566 viam
952 4513 1118 4582 pacis,
1147 4510 1201 4567 id
1229 4518 1313 4567 est
1335 4509 1611 4568 Christum
1643 4526 1744 4565 non
1764 4526 1956 4581 coquo-

382 4617 588 4665 vcrunt.
630 4605 784 4679 Sicut
824 4615 1003 4675 autem
1032 4602 1134 4682 piis
1169 4623 1188 4656 ι
1225 4603 1441 4659 initium
1483 4602 1767 4674 sapientiae
1790 4603 1956 4660 timor

385 4699 602 4757 Domini
632 4698 825 4774 (Eccli.
862 4716 903 4765 1,
944 4696 1033 4769 16)
1072 4717 1092 4751 ι
1133 4706 1217 4754 est
1249 4697 1557 4754 inchoativa
1584 4711 1748 4753 causa
1777 4697 1955 4756 bono·

383 4808 530 4860 rum,
575 4792 655 4848 sic
693 4792 813 4848 istis
862 4790 1046 4863 impiis
1091 4789 1397 4846 inchoativa
1445 4805 1613 4847 causa
1659 4789 1954 4856 malorum,

385 4887 532 4957 quod
558 4903 663 4941 non
689 4894 765 4941 est
795 4887 952 4940 timor
974 4884 1074 4939 Dei
1093 4894 1213 4940 ante
1233 4883 1410 4939 oculos
1436 4900 1638 4953 corum,
1667 4899 1805 4955 quos
1825 4899 1958 4940 ocu-

388 4981 472 5036 los
510 4980 788 5047 claudunt,
829 4994 897 5035 ne
931 4977 1209 5034 veritatem
1253 4977 1489 5045 videant,
1538 4993 1703 5050 quam
1749 4986 1954 5043 tamen,

385 5071 574 5136 velint,
619 5071 813 5146 nolint,
853 5078 1201 5147 cognoscent.
1241 5068 1378 5127 Nam
1416 5069 1655 5143 Spiritus
1690 5070 1821 5127 dicit
1848 5069 1956 5127 Ec-

386 5164 605 5220 clesiis:

459 5255 625 5312 Vens».
659 5258 713 5312 t.
754 5255 942 5311 Nonne
978 5265 1281 5331 cognoscent
1314 5272 1511 5324 omnes,
1547 5257 1640 5327 qui
1676 5264 1960 5326 operantur

388 5348 765 5419 iniquitatem?
793 5345 980 5402 Nonne
1017 5356 1322 5418 coqnoscent
1351 5346 1539 5403 saltem
1570 5346 1627 5402 in
1649 5346 1958 5428 tormentis,

391 5457 517 5497 cum
556 5444 672 5498 sola
697 5442 913 5498 vexatio
939 5440 1088 5518 dabit
1119 5441 1445 5498 intellectum
1485 5439 1736 5496 auditui?
1766 5437 1960 5496 Nonne

394 5539 525 5587 tunc
570 5542 864 5604 agnoscent
910 5531 1211 5600 veritatem,
1260 5535 1350 5604 qui
1397 5549 1544 5589 nunc
1584 5533 1732 5588 velut
1783 5531 1960 5589 oculis

395 5622 595 5677 clausis
635 5636 919 5692 operantur
958 5626 1310 5696 iniquitatem,
1358 5626 1499 5681 banc
1545 5625 1771 5689 scilicet.
1809 5623 1958 5695 quod

399 5713 645 5781 (levarant
699 5715 894 5770 alehem
946 5728 1112 5772 meam
1164 5716 1508 5777 seducendo?
1550 5716 1660 5772 Aut
1702 5716 1864 5774 ctiam
1900 5715 1960 5774 in
1999 5794 2019 5800 Β

2057 4500 2151 4572 qui
2180 4507 2443 4555 venturus
2470 4504 2553 4553 est
2608 4495 2787 4567 facere
2812 4494 3102 4566 judicium,
3151 4510 3315 4567 quem
3353 4509 3449 4550 vos
3503 4492 3627 4548 ideo

2058 4589 2459 4661 contempsistis
2486 4606 2499 4642 z
2525 4589 2775 4661 quoniam
2810 4586 3069 4643 Dominus
3096 4604 3211 4658 spes
3243 4587 3357 4656 ejus
3377 4595 3476 4642 est.
3512 4583 3627 4642 lloc

2058 4683 2447 4745 subsannando
2492 4682 2728 4747 dixistis,
2777 4680 2997 4754 quando
3051 4682 3107 4736 in
3162 4695 3324 4736 cruce
3372 4678 3628 4750 pendenti

2057 4778 2337 4837 clamastis
2373 4797 2386 4832 ε
2422 4797 2443 4837 ι,
2476 4775 2715 4832 Confidit
2756 4776 2810 4830 in
2838 4774 2973 4840 Deo,
3006 4775 3199 4841 liberet
3226 4789 3374 4829 nunc
3396 4787 3546 4836 eum,
3579 4770 3627 4828 si

2056 4877 2191 4932 vult.
2220 4874 2368 4930 Dixit
2390 4873 2557 4940 enim,
2582 4871 2710 4945 quia
2738 4869 2910 4935 Filius
2938 4869 3032 4926 Dei
3059 4885 3180 4926 sum
3204 4867 3421 4940 (Maeui.
3451 4881 3624 4930 xxvii,

2057 4970 2170 5041 43).
2214 4989 2232 5022 ι
2270 4966 2363 5025 Sic
2390 4966 2622 5023 dicendo
2671 4979 2770 5022 vos
2817 4980 2941 5020 etim
2985 4961 3335 5019 confudistis.
3385 4958 3455 5016 Et
3498 4959 3624 5031 quia

2057 5062 2443 5121 confundendo
2479 5061 2696 5133 inopem
2723 5056 3001 5130 repulistis
3025 5056 3344 5122 salutarem,

2130 5155 2294 5213 Vens.
2368 5155 2419 5209 7.
2482 5153 2614 5220 Quis
2646 5151 2874 5208 veniens
2926 5167 2993 5204 ex
3044 5148 3172 5204 Sion
3218 5147 3367 5202 dabit
3395 5146 3629 5200 salutare

2061 5250 2256 5316 Israel,
2290 5249 2337 5306 si
2367 5263 2478 5304 non
2504 5247 2615 5311 ille,
2646 5245 2805 5316 cujus
2837 5260 2937 5300 vos
2979 5245 3151 5315 inopis
3189 5241 3471 5297 consilium
3504 5256 3626 5294 eon-

2062 5342 2323 5416 fudisti-s?
2350 5339 2717 5397 subauditur:
2748 5337 2950 5392 trullus.
3003 5335 3141 5392 Nam
3179 5335 3288 5403 ille,
3317 5347 3481 5406 quem
3528 5346 3628 5388 vos

2060 5436 2398 5508 confudistis,
2444 5442 2499 5489 et
2538 5432 2836 5500 occidistis,
2893 5430 3290 5503 primogenitus
3341 5425 3530 5494 simul,
3574 5434 3630 5482 et

2063 5526 2375 5598 unigenitus
2400 5523 2579 5582 Patris
2601 5533 2707 5592 est,
2731 5539 2830 5581 nec
2855 5523 3019 5580 habet
3046 5523 3237 5587 alium,
3266 5536 3427 5593 quem
3453 5519 3632 5577 mittat

2059 5619 2218 5675 vobis
2230 5619 2545 5676 salutarem.
2559 5616 2713 5674 Unde
2723 5624 2954 5689 oportet,
2971 5615 3294 5672 utidoleatis
3306 5627 3623 5693 supereum,

2068 5732 2087 5769 ι
2098 5712 2241 5772 sicut
2251 5712 2421 5772 doleri
2438 5713 2597 5772 solet'
2585 5729 2639 5770 ιιι
2651 5722 2825 5770 morte
2841 5708 3372 5784 primogenitifflach.
3387 5724 3487 5777 xit,
3505 5706 3622 5784 Ιο)ι

3505 203 3729 291 820⁴
