3817 6000
191 362 262 425 ¹595
669 362 823 422 centlum
842 364 1039 426 eneruem
1057 364 1332 426 nutcnettsueite.
1747 366 1821 426 159⁶

190 480 323 538 virtutum
343 480 449 537 iructus
463 481 497 536 ad
512 479 603 536 dantis
625 480 769 547 honorem,
781 491 810 538 et
830 481 981 539 videntium
996 491 1019 546 Α
1032 484 1159 555 qttamris
1176 482 1305 539 immunis
1323 482 1411 538 oeulis
1426 497 1481 537 noa
1507 490 1607 552 pateat,
1639 488 1729 537 tamen
1745 480 1823 537 intus

191 573 412 640 edificationem,
437 582 503 629 tono
528 572 661 644 intelliget
680 588 710 629 se
734 574 770 628 ab
784 582 887 629 aeterno
911 573 981 630 dile·
1032 586 1171 646 uteunque
1189 575 1323 642 sentitur,
1343 573 1389 629 ubi
1406 583 1435 629 tu
1453 573 1544 639 rides,
1558 582 1617 628 eta
1639 573 1824 629 mundisoor·

191 677 266 722 etum
286 680 335 735 per
355 663 455 721 dirinae
476 663 724 733 predestinationis
755 664 857 721 indicia
880 665 982 723 taliltus
1031 667 1111 723 dibus
1124 666 1234 723 sideria.
1250 665 1298 721 Est
1310 678 1376 734 ergo
1389 674 1514 735 tanguam
1533 663 1646 718 niltiiuttt
1666 674 1727 719 onte
1742 674 1778 731 te,
1793 664 1823 718 itt

189 753 326 811 fructibus
345 754 489 810 enitentia.
525 752 558 809 Et
583 754 648 825 qnia
672 756 855 810 misericordia
872 755 981 811 Domini
1031 769 1081 815 tuo
1103 759 1229 815 videlieet
1255 766 1414 829 conspectu,
1437 756 1511 828 quod
1534 766 1598 812 ante
1615 755 1742 812 homines
1762 770 1824 811 ωι-

189 853 223 906 ab
242 862 351 918 eterno,
369 859 395 906 et
416 866 499 921 usaue
512 852 540 905 in
554 859 680 905 retentum
692 865 770 919 snper
785 850 904 903 timentes
921 865 981 904 eunt
1032 849 1325 920 guuntquidapparet.
1343 846 1411 904 liam
1429 846 1546 919 quilibet
1559 847 1586 902 in
1598 847 1653 904 boe
1664 847 1824 919 mundopa·

190 941 279 1013 (Psal.
295 960 343 1009 crt,
357 939 412 1013 tt),
442 944 489 1013 qai
504 942 586 997 sentit
599 956 629 998 se
639 943 674 996 alt
686 950 789 997 aeterno
800 940 827 995 in
841 940 982 1011 praedesti·
1032 949 1133 997 tentet
1149 941 1292 997 abundans
1306 940 1410 998 divitiis
1424 956 1541 1013 mugnus
1558 949 1679 1011 putatur.

189 1034 301 1089 statione
321 1032 461 1099 dilectum,
490 1030 578 1103 gratia
597 1029 646 1086 liei
661 1039 815 1103 preventus
842 1029 932 1101 diligit
951 1029 979 1084 itt
1072 1032 1258 1089 Verumtamen
1275 1035 1399 1089 uttioersa
1417 1034 1522 1088 sortitas
1533 1041 1575 1089 est
1589 1031 1765 1087 omnishomo
1779 1032 1824 1089 tl·

190 1134 336 1189 murnum,
349 1123 430 1180 etsie
446 1135 540 1180 notum
559 1123 660 1179 habere
683 1122 780 1193 incipit
799 1122 878 1192 finem
891 1138 979 1189 auum,
1031 1143 1103 1192 nene,
1124 1126 1327 1198 quantumlibet
1339 1133 1490 1184 crassnset
1512 1124 1598 1182 disee.
1626 1124 1718 1180 Omnis
1744 1125 1824 1181 usne

188 1229 213 1273 et
228 1233 365 1273 nonerunt
390 1217 491 1272 dierunt
515 1232 634 1283 suorum,
659 1217 704 1287 qui
726 1224 776 1281 est,
799 1216 826 1270 in
853 1225 981 1286 potestate
1031 1218 1128 1287 amens,
1144 1218 1198 1275 rita
1215 1219 1318 1276 seilicet
1332 1217 1453 1284 mortali,
1476 1233 1532 1274 non
1550 1217 1639 1274 solunt
1659 1231 1758 1284 renus,
1773 1218 1823 1273 ted

189 1308 239 1367 Dei
258 1318 370 1375 aeterna,
384 1321 411 1364 et
426 1309 454 1363 in
476 1307 664 1363 ntiserirordia
687 1307 868 1363 nihilominus
879 1316 980 1362 aeterna
1030 1312 1114 1368 etiam
1131 1313 1246 1366 namins.
1269 1309 1341 1366 Alibi
1354 1309 1454 1367 dieitur
1469 1328 1477 1365 2
1493 1308 1580 1364 llartm
1597 1308 1709 1364 aututini
1724 1310 1824 1364 similis

189 1403 360 1459 inmernum
374 1401 519 1457 cantanda.
547 1400 605 1458 liae
630 1408 727 1466 toturn,
748 1406 777 1454 et
798 1408 905 1455 tantum
930 1401 980 1454 bu·
1032 1404 1168 1474 sactmest
1193 1402 1281 1475 (rtet.
1294 1418 1389 1469 estttt,
1403 1401 1442 1473 l).
1465 1400 1516 1459 ilie
1540 1399 1602 1473 plus
1622 1401 1734 1469 dieitur,
1754 1401 1823 1456 dant

190 1511 257 1550 unm
272 1494 346 1551 brevi
355 1494 526 1551 oratiuncula
539 1505 604 1566 opto
615 1510 665 1567 ego
682 1493 803 1562 lditltun,
819 1509 881 1550 eum
890 1502 981 1549 trans-
1031 1500 1153 1554 uniuersa
1168 1499 1272 1554 namtas
1283 1498 1370 1552 omnis
1381 1496 1458 1552 lamo
1470 1511 1531 1553 esse
1544 1495 1702 1553 adirmatur.
1716 1494 1824 1552 Dicitur

190 1585 292 1642 diendo
317 1585 446 1642 interiora
470 1602 609 1643 summum
622 1588 725 1644 bonurn
741 1588 852 1643 intendo
864 1587 979 1643 dicens:
1031 1600 1122 1649 autern
1142 1605 1316 1655 evanescere,
1341 1589 1415 1661 quod
1436 1591 1505 1645 inter
1526 1598 1637 1644 manus*
1651 1596 1823 1645 eontrecmr

190 1673 292 1734 Notum
303 1676 347 1744 [ae
367 1675 443 1742 arilei,
459 1673 579 1739 Desidiae,
593 1677 674 1745 finem
695 1693 792 1745 menni,
807 1686 981 1731 etrtuttterunt
1031 1685 1111 1753 nium,
1131 1684 1174 1740 nel
1193 1683 1245 1741 snb
1265 1682 1352 1740 oculis
1366 1680 1553 1738 contuentium
1576 1680 1668 1738 subito
1689 1681 1823 1752 disparet.

190 1765 293 1822 dieram
320 1781 438 1821 mearunt
458 1767 517 1838 quis
533 1776 582 1834 est,
594 1776 624 1822 ut
637 1769 721 1823 sciam
736 1769 801 1839 guid
822 1768 890 1823 desit
903 1769 979 1823 milti.
1034 1774 1111 1833 Unde
1124 1776 1195 1833 etde
1208 1775 1327 1831 Domino
1346 1774 1457 1842 dicitnr,
1469 1773 1543 1846 quad
1558 1782 1620 1845 pust
1643 1773 1825 1830 resurreetio-

190 1858 226 1915 Et
248 1874 312 1916 esee
334 1859 363 1915 in
379 1858 478 1916 mediis
498 1861 627 1931 pretinm
650 1861 807 1925 exauditus,
828 1861 891 1917 lieet
913 1876 979 1917 noc·
997 1840 1094 1926 Bnen
1113 1869 1397 1939 atsatputisspparetts
1410 1865 1668 1921 autoramentum
1684 1880 1718 1919 ut
1737 1865 1824 1919 sestis

189 1950 255 2007 dum
271 1960 362 2005 uatum
384 1950 499 2005 ltabeam
513 1950 593 2021 tinem
614 1966 710 2017 meum,
725 1961 750 2006 et
768 1967 906 2005 ttntrterant
921 1951 980 2006 dic·
1031 1978 1122 2018 eornm
1136 1960 1212 2034 (Lite.
1231 1974 1306 2027 un,
1318 1958 1374 2027 bl).
1389 1955 1422 2013 Et
1434 1956 1480 2012 ille
1490 1956 1601 2027 quidem
1616 1956 1681 2013 lieet
1692 1956 1824 2012 evanuis-

189 2058 250 2123 runt
263 2058 390 2110 mearunt,
404 2043 450 2114 qni
468 2052 517 2110 est,
540 2052 630 2099 tumen
645 2043 703 2100 scio
725 2044 790 2116 quid
808 2043 879 2101 desit
906 2044 977 2101 ntilti
1032 2063 1075 2109 ser
1098 2066 1132 2108 ex
1147 2051 1235 2108 nentis
1252 2064 1358 2111 eornm,
1375 2062 1430 2102 non
1457 2056 1547 2103 umen
1567 2046 1679 2103 euanuit
1702 2045 1738 2102 de
1759 2058 1827 2102 our·

188 2134 224 2190 de
237 2149 352 2189 numero
366 2133 470 2190 dierum
489 2134 631 2201 stantium,
649 2142 676 2190 et
701 2134 978 2204 inintensurabilium,

189 2227 237 2299 qui
252 2235 324 2283 tatus
335 2242 429 2283 versor
440 2227 492 2282 snb
507 2227 606 2283 diebus
629 2227 803 2284 instabilibus
818 2236 846 2284 et
866 2242 979 2283 mensu·

189 2317 332 2374 rultilibus.
356 2316 434 2374 Unde
443 2328 470 2374 et
483 2316 546 2374 dieo
560 2336 567 2373 ι

227 2409 308 2470 iens.
335 2412 362 2469 6.
387 2412 455 2468 Ecce
468 2412 658 2468 mensurabiles
681 2413 795 2482 posuisti
819 2412 875 2467 dica
898 2428 979 2481 meos,

189 2512 216 2560 ct
235 2505 385 2560 stastatuta
407 2519 464 2559 mea
490 2513 616 2576 tanguam
630 2504 744 2559 nibilum
759 2514 819 2559 ante
842 2515 876 2560 te.
901 2503 980 2575 Copi-

189 2596 243 2649 taoi
269 2595 324 2650 dies
339 2596 473 2668 antiquos,
485 2606 509 2652 et
527 2612 610 2651 annos
624 2607 735 2652 retentos
756 2600 783 2651 itt
803 2595 980 2650 ntenteltabai

189 2684 278 2756 (Psoi.
307 2702 399 2752 tritt,
415 2690 456 2760 6),
474 2689 588 2760 cupiens
602 2698 629 2746 et
641 2697 739 2762 optans
757 2689 824 2744 ntiiti
843 2688 980 2745 notificati

1031 2144 1113 2202 dibus
1141 2144 1275 2214 ipsorum.
1299 2139 1376 2196 Unde
1407 2148 1436 2195 et
1463 2137 1638 2209 postmodnm
1670 2138 1824 2196 dixeram:

1033 2235 1128 2293 Nonne
1144 2251 1190 2291 cor
1209 2244 1328 2289 nostrum
1348 2232 1444 2287 ardens
1462 2240 1520 2286 erat
1542 2230 1571 2285 itt
1592 2229 1668 2286 crodit
1690 2230 1755 2284 dum
1777 2228 1824 2285 io·

1032 2340 1155 2402 queretur
1175 2308 1249 2383 nolit
1270 2327 1299 2381 itt
1323 2326 1377 2391 oia,
1397 2332 1424 2378 et
1449 2323 1562 2394 aperiret
1594 2322 1668 2378 nobis
1696 2321 1825 2393 scripis-

1033 2439 1077 2477 ras
1092 2422 1106 2477 t
1124 2419 1213 2493 (ibid,
1232 2418 1290 2489 52.)
1314 2415 1363 2474 Est
1383 2415 1456 2472 enirn
1483 2417 1595 2471 sanitati
1617 2415 1754 2472 contraria
1776 2430 1824 2471 re·

1032 2515 1110 2572 ritas.
1139 2511 1173 2568 Et
1200 2510 1246 2568 ille
1272 2510 1356 2566 ltotno
1383 2509 1486 2566 ueritas
1511 2516 1574 2576 est,
1601 2511 1672 2564 sient
1698 2508 1758 2580 ipse
1782 2507 1828 2562 di-

1032 2608 1070 2665 eit
1095 2624 1103 2662 :
1126 2604 1182 2676 Ego
1206 2620 1265 2659 sum
1290 2603 1343 2671 aia,
1367 2603 1475 2668 ueritas,
1498 2613 1524 2657 et
1540 2603 1594 2657 nita
1612 2599 1823 2671 (domandi).

1033 2698 1128 2771 Neque
1145 2697 1179 2753 ad
1194 2697 1273 2753 illum
1293 2695 1411 2769 pertinet
1424 2695 1481 2751 ullo
1496 2694 1579 2750 modo
1594 2694 1667 2767 qaod
1694 2694 1822 2749 dieitur:

189 2782 269 2852 finem
285 2798 382 2848 meunt,
395 2792 420 2839 εί
446 2799 585 2839 dumetum
608 2784 711 2840 dierum
732 2798 849 2839 mmm
863 2783 910 2853 (Μ
928 2791 979 2837 ⁶⁸¹·
1036 2793 1164 2850 Universa
1187 2792 1291 2847 sanitas
1310 2789 1396 2844 omnis
1422 2787 1500 2843 ltomo
1521 2787 1619 2843 uirens.
1646 2786 1696 2842 list
1719 2786 1824 2857 qnippe

189 2875 237 2930 sie
251 2876 342 2930 onmia
356 2876 486 2932 interiora
503 2877 684 2939 transiliendo
699 2891 806 2933 suntme
818 2875 974 2947 concupivi.
1032 2885 1149 2950 vertens,
1170 2890 1199 2938 et
1221 2879 1407 2947 pausanitas,
1430 2878 1514 2934 bomo
1529 2877 1576 2949 qui
1595 2876 1740 2933 desursum
1765 2886 1822 2940 est,

190 2965 247 3026 Sed
259 2978 288 3023 ut
303 2968 386 3023 sciam
403 2969 467 3040 qnid
479 2969 549 3025 dest'i
560 2969 634 3038 milti,
654 2969 814 3043 priusquam
828 2970 918 3042 ipsum
930 2969 980 3027 bo-
1032 2976 1080 3034 ubi
1093 2976 1195 3032 ueritas
1210 2983 1253 3031 est
1265 2990 1273 3042 ;
1292 2988 1347 3028 non
1361 2971 1509 3038 deorsum,
1525 2969 1571 3026 tibi
1586 2969 1694 3026 vanitas
1703 2978 1747 3026 ppt
1759 2984 1822 3025 pn.

188 3076 268 3127 num,
286 3060 359 3132 quod
373 3060 459 3129 deest,
476 3062 620 3132 accipiant,
633 3061 679 3120 bie
693 3063 900 3119 demonstratur
910 3061 979 3117 mibi
1033 3067 1165 3140 ne‚qnad
1181 3066 1303 3123 subsole
1317 3075 1370 3122 est.
1387 3063 1550 3120 isicetenim
1568 3063 1666 3118 aerim
1690 3063 1722 3116 dc
1747 3073 1823 3116 terra

188 3152 296 3208 dierum
318 3167 443 3209 meorum
466 3154 595 3224 brevitas,
611 3164 642 3210 ut
667 3171 718 3227 ego
744 3154 839 3211 ridens
862 3153 1015 3256 multutuc
1033 3160 1142 3217 arrosit
1159 3157 1247 3228 (Paul.
1264 3173 1378 3226 txsxtr,
1405 3156 1450 3227 te)
1479 3175 1486 3211 :
1514 3165 1604 3211 tamen
1621 3154 1691 3226 ipse,
1714 3154 1761 3227 qui
1784 3155 1823 3210 de

189 3243 258 3299 milti
269 3244 364 3301 deesse
378 3244 413 3301 de
426 3245 602 3317 antiquorum
615 3244 721 3301 dierum
745 3245 908 3312 aeternitate,
924 3246 979 3301 bu·
1031 3253 1103 3309 eaelo
1115 3250 1210 3318 uenit,
1228 3248 1420 3322 superomnia
1445 3257 1488 3304 est
1502 3247 1681 3316 constitutus,
1693 3245 1822 3302 videlieet

189 3337 282 3395 milior
300 3339 376 3405 llam,
398 3347 426 3394 et
445 3338 480 3394 tle
497 3338 640 3409 praesentis
658 3338 772 3410 justitia
798 3338 895 3411 gloria,
917 3355 979 3410 quae
1030 3341 1232 3413 superomnia,
1249 3338 1821 3411 etiamsupersolem,iongeiniuiinitum

189 3440 349 3498 evacuatur,
365 3430 477 3487 minime
492 3431 659 3502 superbiant,
676 3431 724 3487 sed
741 3431 768 3486 itt
796 3447 859 3487 reru
885 3431 979 3487 ltumi·
1030 3434 1253 3507 superexcellens
1263 3433 1357 3490 omnia
1372 3448 1442 3487 vana
1454 3431 1506 3488 sub
1520 3430 1579 3488 sole
1592 3431 1694 3503 posita,
1706 3446 1769 3488 cum
1784 3429 1823 3485 sit

188 3522 266 3579 litate
298 3523 418 3578 dieunt:
457 3522 526 3578 Eece
554 3523 743 3580 mensurabiles
780 3526 892 3595 posuisti
923 3525 980 3581 dies
1031 3529 1093 3601 ipse
1119 3530 1178 3600 ipsa
1199 3528 1312 3592 veritas,
1335 3525 1380 3581 eui
1401 3524 1527 3596 opposita
1553 3533 1596 3581 est
1621 3524 1739 3580 sanitas.
1767 3520 1822 3592 lpsi

189 3629 271 3671 mett·
1030 3636 1098 3694 ergo
1113 3618 1358 3677 adherettsomnis
1381 3618 1465 3674 horno
1481 3633 1564 3674 verax
1579 3617 1763 3687 estsabipso
1776 3631 1822 3669 re·

226 3707 258 3763 Et
273 3708 300 3764 itt
315 3707 429 3765 lieltraeo
448 3709 548 3781 legitur
564 3728 571 3765 :
597 3709 664 3764 Ecce
680 3709 766 3765 irenes
793 3710 908 3782 posuisti
924 3709 981 3766 dies
1032 3714 1133 3770 cedens
1148 3711 1240 3768 omnis
1256 3710 1339 3767 bomo
1359 3709 1487 3777 mendax,
1501 3720 1530 3764 et
1543 3709 1622 3781 proin
1644 3724 1749 3775 uanus,
1763 3707 1824 3763 site

189 3816 270 3868 nuos,
284 3811 308 3857 et
329 3802 383 3857 nita
396 3818 453 3857 mea
467 3802 544 3874 quasi
566 3820 618 3858 nott
638 3804 684 3868 sit,
702 3804 729 3858 iti
751 3811 888 3874 conspectu
910 3812 955 3858 tuo
972 3823 979 3858 z
1032 3808 1138 3863 sanitas
1151 3812 1203 3871 est,
1218 3812 1246 3861 et
1257 3819 1312 3860 non
1327 3802 1417 3859 solutu
1431 3802 1554 3869 vanitas,
1569 3803 1617 3858 sed
1633 3802 1755 3856 uniuersa
1773 3816 1824 3854 attt-

189 3894 279 3949 omnia
291 3896 361 3950 enim
373 3896 489 3963 sanitas,
501 3897 586 3951 amnis
600 3897 676 3951 natira
689 3899 775 3952 uirens
787 3914 898 3969 semper.
918 3896 982 3952 Sive
1033 3903 1115 3956 nitas.
1132 3897 1254 3954 Vanitati
1268 3897 1340 3954 enim
1356 3896 1485 3953 nnirersa
1500 3904 1626 3951 creatura
1640 3893 1763 3965 subiecta
1776 3899 1826 3951 est

189 3986 283 4058 itaque
294 3986 492 4055 mensurabiles,
512 3988 570 4044 sive
582 3988 669 4043 irenes
685 3988 812 4045 dieantur
828 3990 884 4044 dies
896 3989 984 4044 ltotni·
1034 3993 1062 4048 in
1079 3991 1277 4057 bomineselo;
1295 3988 1360 4060 quia
1383 3987 1474 4042 omnis
1485 3994 1611 4043 ereatura
1624 3985 1714 4040 bomo.
1739 3981 1824 4042 Unde

189 4078 245 4147 nis,
259 4078 330 4135 idem
343 4095 441 4136 sensus
454 4089 507 4148 est,
525 4081 579 4136 boe
592 4081 765 4152 significante
789 4079 893 4154 Spiritu
917 4098 983 4139 san·
1033 4098 1097 4139 curu
1113 4081 1217 4138 bomini
1232 4080 1283 4136 soli
1295 4079 1475 4134 atntunt'tatnr
1497 4076 1690 4147 Euangeliou,
1716 4072 1825 4132 dieitur

190 4179 247 4238 eto,
260 4172 383 4227 nondum
400 4172 532 4243 prolatam
552 4173 696 4230 asserium
711 4175 745 4230 ad
759 4173 818 4230 dies
833 4175 984 4230 immensu·
1035 4174 1125 4244 ipsum
1139 4170 1283 4243 predicari
1297 4167 1373 4226 omni
1390 4176 1535 4225 creaturas.
1551 4165 1682 4223 Similiter
1696 4183 1759 4222 cuna
1770 4183 1825 4223 so-

190 4262 291 4320 rabiles
308 4273 336 4320 et
354 4273 482 4330 aemrnos,
498 4264 619 4334 quandiu
633 4266 662 4319 in
681 4266 824 4336 imaginem
838 4266 982 4336 pertransit
1035 4266 1078 4320 lus
1093 4263 1177 4319 ltnmo
1189 4262 1287 4318 similis
1299 4276 1361 4317 esse
1376 4260 1501 4326 rattitati,
1514 4274 1562 4315 seu
1577 4259 1637 4329 ipsa
1649 4260 1755 4313 auritas
1774 4258 1824 4314 di·

190 4354 279 4422 nomo,
293 4364 318 4410 et
336 4356 438 4426 [rastra
458 4356 642 4421 conturbatur,
671 4356 847 4424 thesaurizat,
862 4366 888 4412 et
908 4358 985 4428 iptto·
1034 4359 1127 4425 eitttr,
1161 4356 1290 4411 uniuersa
1324 4362 1450 4411 ereatura
1483 4352 1614 4408 vanitatis
1645 4353 1674 4408 in
1708 4353 1824 4408 bomine

191 4456 234 4500 rut
249 4446 441 4517 cuicoapregat
458 4462 499 4501 eu.
520 4446 586 4502 bico
599 4462 687 4517 ergo:
707 4446 774 4501 Ecce
789 4447 981 4502 mensurabiles
1037 4450 1161 4522 arguitur
1181 4463 1231 4518 pro
1258 4461 1292 4502 eo
1313 4445 1389 4517 qttod
1417 4444 1568 4512 euanescit,
1595 4444 1641 4514 qui
1668 4445 1745 4515 euasi
1770 4444 1824 4513 pos

190 4548 216 4595 et
227 4537 313 4592 ireres
326 4538 439 4607 posuisti
461 4537 517 4593 dies
533 4554 613 4593 meos.
635 4536 701 4594 Natu
716 4548 744 4594 et
753 4548 817 4596 unte
836 4547 980 4611 peecatum
997 4542 1191 4615 negreditnr,
1223 4549 1248 4594 et
1281 4538 1447 4602 conteritur,
1479 4545 1503 4589 et
1523 4535 1592 4606 fagit
1609 4535 1678 4590 aciat
1705 4535 1825 4600 umbra,

190 4631 298 4700 positus
315 4631 382 4686 milti
402 4630 455 4686 init
475 4647 607 4689 numerus
632 4632 826 4690 mensurabilis
838 4641 865 4689 et
889 4633 981 4689 breuis
1032 4643 1057 4687 et
1086 4648 1221 4703 tranquaut
1244 4630 1458 4684 ineademstatu
1479 4636 1612 4696 permanet
1628 4624 1690 4695 (loir
1712 4642 1765 4692 itt,
1778 4625 1822 4696 2).

191 4725 310 4788 dierum,
331 4723 432 4793 quibus
442 4725 590 4780 transactis
604 4740 693 4781 essem
719 4724 925 4783 transferendas
946 4727 980 4783 ad
1068 4722 1150 4778 Vsus.
1165 4724 1194 4778 t.
1214 4720 1394 4775 Verumtamen
1409 4721 1437 4773 c'n
1450 4720 1565 4791 itttagt‘ne
1577 4720 1720 4791 pernotuit
1731 4717 1821 4772 ianm.

191 4819 263 4873 diem
287 4832 384 4884 utrum,
398 4818 469 4873 diem
486 4817 609 4889 longum,
629 4819 703 4874 nulla
717 4835 833 4891 uespera
847 4820 980 4877 claudun·-

190 4911 267 4966 dunt.
284 4907 392 4977 Quanto
404 4910 492 4982 tnagis
503 4920 566 4982 post
583 4912 794 4983 peccaminum
813 4914 866 4967 ntet'
883 4913 983 4967 iretis·

191 5007 309 5072 beentur,
328 5016 353 5060 et
375 5004 461 5060 tolum
490 5005 555 5060 milti
573 5016 689 5077 superest
715 5008 864 5078 sepulcrum
885 5009 898 5062 i
918 5007 980 5078 (Job

190 5114 258 5164 xrtt,
275 5099 313 5168 l.)
330 5098 405 5154 lieet
420 5099 493 5154 enirn
511 5098 626 5154 interior
639 5099 722 5155 ltomo
736 5108 882 5156 renovetur
893 5100 981 5157 dedic

190 5190 221 5248 iu
236 5191 320 5257 diem,
334 5191 368 5247 de
378 5191 423 5246 die
436 5191 578 5262 temporali
594 5192 621 5246 in
643 5191 716 5247 diern
731 5200 873 5260 aetcrnum,
889 5203 980 5248 tamen

189 5283 320 5350 exterior,
336 5294 363 5339 et
381 5293 459 5340 vetus
489 5284 572 5341 ltotno
594 5284 779 5354 corrumpitur
800 5284 871 5341 sieut
897 5286 981 5341 uesti-

190 5384 314 5432 mentum
339 5377 413 5446 quod
439 5378 591 5434 comeditur
615 5393 631 5432 a
652 5378 723 5433 tinea
752 5393 839 5448 usque
865 5378 933 5433 adeo
950 5389 982 5433 ut

189 5482 255 5522 nere
278 5468 380 5537 possim
399 5468 509 5524 dicere:
525 5467 593 5523 Ecce
604 5467 690 5523 breues
702 5467 817 5538 posuisti
828 5468 882 5522 dics
897 5484 979 5533 uscos,

190 5567 215 5611 et
229 5559 447 5614 substatttiamea
459 5571 584 5630 tanquam
599 5559 710 5614 nihilum
725 5571 785 5615 ante
799 5569 833 5616 te.
852 5560 982 5616 Substan-

192 5659 231 5700 tta
248 5665 316 5715 mea,
343 5649 408 5705 dum
425 5651 480 5707 cito
500 5652 598 5708 transit
617 5667 697 5709 estse
718 5653 760 5708 vel
774 5653 808 5708 ad
838 5669 981 5724 compara-

191 5735 294 5792 tionem
308 5739 468 5796 substantie
488 5750 542 5798 tuae
562 5744 604 5799 rel
623 5744 875 5816 attemperatione
901 5746 982 5801 elari-

194 5823 256 5879 tstit
272 5833 333 5896 tuce,
346 5837 470 5901 tattpuam
483 5831 594 5888 nilrilum
605 5843 654 5905 est,
669 5835 742 5906 quod
754 5835 790 5891 ita
805 5852 897 5894 terum
909 5851 980 5907 esse,

1032 4815 1096 4871 Fuit
1112 4813 1223 4885 quidem
1238 4823 1347 4869 creatus
1364 4812 1447 4867 bomo
1460 4812 1495 4867 ad
1510 4812 1658 4884 imaginem
1672 4821 1700 4866 et
1720 4809 1822 4865 simili-

1033 4906 1155 4963 tudinem
1169 4905 1229 4973 liei,
1248 4915 1278 4960 ut
1290 4905 1414 4962 uidelicet
1427 4907 1455 4962 in
1468 4905 1589 4981 bominis
1602 4904 1690 4960 liltero
1704 4902 1824 4958 arbitrio

1032 5001 1177 5073 refulgeret
1192 5000 1283 5055 diuina
1298 5000 1399 5071 imago,
1421 5000 1448 5054 in
1473 4998 1595 5054 bottimte
1615 5010 1681 5051 vero
1698 4996 1759 5066 ejus
1772 4994 1821 5049 nei

1032 5093 1193 5149 similitudo.
1209 5091 1262 5148 Sed
1274 5091 1318 5147 ille
1332 5108 1381 5163 per
1393 5092 1526 5147 malitium
1540 5090 1642 5148 diaboli
1655 5090 1822 5159 depravatas

1031 5187 1106 5242 venit
1120 5188 1147 5240 itt
1160 5185 1335 5257 longinquam
1344 5183 1483 5255 regionem
1496 5181 1739 5247 dissimilitudinis,
1751 5181 1822 5237 alie·

1033 5290 1114 5336 natus
1127 5278 1280 5335 videlieeta
1296 5278 1476 5334 similitudine
1491 5278 1591 5334 dirinae
1604 5276 1743 5333 bonitatis.
1772 5273 1825 5329 Vc·

1033 5380 1181 5426 rumtamert
1204 5372 1231 5425 itt
1257 5371 1372 5440 imagine
1387 5370 1529 5440 pertransit
1551 5370 1610 5425 sire
1633 5368 1667 5423 ad
1689 5377 1825 5424 uternam

1032 5463 1238 5529 beatitudiuem,
1251 5461 1308 5516 sire
1326 5462 1359 5517 ad
1371 5461 1601 5518 interminabilem
1619 5477 1739 5532 poettatn,
1755 5461 1826 5531 quia

1033 5558 1148 5612 liberum
1165 5556 1192 5610 in
1216 5572 1250 5612 eo
1273 5556 1416 5611 arbitrium
1432 5571 1487 5612 non
1512 5555 1672 5627 perimetur,
1691 5555 1750 5610 sire
1773 5554 1826 5610 iilo

1033 5649 1102 5705 bene
1118 5659 1197 5704 utens
1212 5648 1391 5714 beatificetur,
1407 5651 1464 5704 sive
1480 5648 1551 5703 male
1572 5658 1650 5702 utens
1663 5648 1823 5701 damnetur.

1033 5741 1158 5797 Libertas
1179 5742 1281 5813 quippe
1297 5739 1414 5808 arbitrii,
1430 5757 1485 5813 qua
1498 5741 1617 5797 liberum
1633 5749 1676 5796 est
1688 5756 1705 5794 a
1719 5743 1826 5794 'neees-

1033 5835 1111 5893 sitate
1123 5834 1306 5894 indifferenter
1317 5835 1372 5894 lteo
1384 5837 1571 5908 universaeque
1581 5844 1636 5892 tam
1646 5834 1827 5905 unusquam
