3817 6000
199 206 254 263 oso
390 160 394 169 ’
678 178 834 263 cunnum
851 201 1049 262 annonem
1068 201 1343 266 nutcnsosrsno.
1787 207 1847 267 aas

199 317 994 392 spersainsortaginccalidumofferebaturldeuit,unii).
1009 318 1225 387 ddascrriant,
1246 329 1347 391 etquae
1370 318 1522 375 moliuntur
1540 325 1638 376 contra
1658 317 1846 393 Etugciianr

198 410 229 470 lu
245 411 403 483 hujusmodi
428 422 600 469 sacramento
625 427 676 466 ooo
698 420 759 467 sarit
788 412 924 482 infirmato
947 428 992 466 ae·
1043 409 1842 493 meum,baecnragisadproiectumilrangeliiperreniarst

199 506 281 578 stigio
293 521 363 573 mea,
378 505 630 577 qnoniamcuilibct
644 518 689 561 rue
702 504 782 575 digne
797 503 992 572 manducanti,
1044 503 1081 561 Et
1107 521 1160 559 rroa
1177 515 1329 572 convertar,
1342 505 1424 559 donee
1448 505 1572 576 deficiant
1584 504 1627 559 rel
1639 519 1689 575 per
1701 506 1846 576 poeniton·

199 599 252 656 etsi
271 612 326 654 non
348 597 464 664 uerbis,
486 608 579 653 tamen
605 597 688 653 rebus
714 596 801 652 dico:
830 596 931 652 Cresco
945 612 994 668 per
1045 599 1123 666 tiam,
1138 598 1379 670 relperprcnam,
1407 596 1479 653 sicut
1492 595 1584 653 delicit
1598 612 1648 666 per
1660 612 1770 667 poenam
1786 598 1844 654 iai-

199 677 358 759 bujusmodi
379 690 459 761 quasi
485 690 604 745 lacteum
619 703 667 745 scu
684 688 805 744 oleatum
834 688 948 754 cibum,
966 694 994 742 ci
1044 693 1135 749 micus
1144 708 1225 748 meus
1238 691 1350 758 Saulus,
1362 698 1389 746 ct
1403 688 1493 747 iactus
1510 697 1552 746 cst
1573 689 1686 744 Paulus.
1697 687 1737 746 ita
1752 691 1843 746 etiam

200 782 291 838 adbuc
313 780 463 853 pericctius
483 780 665 837 manducabis
689 794 742 835 me·
754 779 873 835 solidum
888 780 992 835 cibum.
1044 784 1180 841 acaereris
1195 782 1316 839 inimicis
1328 783 1397 837 meis
1411 779 1607 852 persequendis
1623 796 1673 834 uon
1688 789 1840 843 concertor,

198 869 254 929 Ner
269 883 297 928 tu
311 887 356 928 mc
373 872 493 929 mutabis
504 872 532 927 iu
544 880 570 928 te
581 871 751 928 sicutcibunt
762 870 855 928 carnis
870 879 933 939 tuae,
945 870 994 927 sed
1044 873 1126 930 donec
1136 872 1271 943 deficiant.
1282 871 1455 943 confringam
1467 869 1841 942 illoa,quomodoconiracta

199 972 231 1021 tu
250 964 401 1021 mutaberis
417 965 445 1020 iu
460 980 515 1024 me.
541 963 603 1018 Non
630 978 696 1035 crgo
709 973 771 1019 ruat
797 963 933 1034 iulirmata
953 980 995 1019 re·
1045 973 1109 1023 suut
1125 979 1207 1019 crura
1225 964 1343 1020 duorum
1360 962 1497 1018 latronum
1521 961 1637 1023 alterius
1662 962 1841 1033 poenitentis,

201 1058 281 1128 stigio
293 1073 361 1125 raca,
372 1055 438 1112 dum
450 1056 525 1128 quod
549 1054 640 1127 lragili
662 1054 853 1111 ministrorum
871 1055 994 1111 celebra·
1046 1058 1161 1114 alterius
1185 1055 1395 1128 impenitentis,
1413 1070 1458 1110 mc
1477 1054 1519 1110 sic
1531 1054 1702 1124 disponente,
1722 1062 1752 1109 ut
1769 1052 1842 1110 alte*

201 1156 247 1203 tur
260 1148 360 1217 officio,
376 1149 414 1204 ita
428 1148 539 1220 prodest
552 1162 584 1205 et
598 1147 752 1204 fortissimo
765 1147 917 1204 diuinitatis
926 1160 996 1202 mcae
1046 1151 1105 1206 rius
1126 1164 1175 1221 por
1188 1148 1269 1204 talem
1280 1146 1431 1204 cruciatum
1455 1146 1483 1202 in
1497 1146 1548 1201 bac
1559 1146 1615 1201 uita
1626 1161 1841 1202 consummare«

202 1240 316 1308 auxilio,
333 1249 364 1295 ut
382 1240 455 1296 sicut
468 1239 572 1311 angelis
597 1253 642 1296 mc
650 1237 883 1295 manducantibus
899 1237 996 1309 impri·
1046 1248 1091 1295 tur
1113 1236 1284 1310 poenitcutia,
1316 1244 1344 1293 ct
1370 1235 1485 1292 alterius
1498 1235 1544 1291 bic
1565 1234 1697 1306 inciperet
1714 1250 1799 1306 prena
1811 1235 1841 1289 in

201 1340 315 1388 mnotur
326 1331 481 1388 indelebilia
494 1331 607 1401 uestigia
624 1345 693 1388 mcae
711 1330 927 1398 conformitatis,
956 1329 994 1386 ita
1046 1337 1179 1386 aetcrnuru
1192 1342 1383 1399 permansura.
1413 1324 1462 1384 Sic
1490 1340 1587 1383 omncs
1610 1326 1739 1382 inimicos
1759 1341 1842 1383 mess

201 1422 249 1478 ilat
276 1424 357 1479 ctiam
387 1421 546 1479 bominibus
576 1436 621 1478 me
647 1421 676 1477 in
701 1430 875 1479 sacramento
901 1418 995 1476 altaris
1046 1420 1223 1492 confringam,
1244 1417 1312 1474 alios
1326 1416 1487 1474 adsalutem
1506 1433 1556 1489 per
1581 1417 1750 1489 poenitentiae
1768 1434 1840 1478 coa·

201 1514 442 1584 manducantibus,
453 1529 504 1571 nec
515 1529 559 1570 me
572 1514 601 1569 in
613 1529 643 1572 se
656 1513 836 1581 mutantibus,
852 1510 937 1568 sedin
951 1524 996 1566 mc
1047 1510 1197 1579 tuitionem,
1211 1509 1281 1565 alios
1292 1509 1495 1580 impoenitentes
1505 1509 1538 1564 ad
1548 1509 1764 1565 damnationem.

201 1622 299 1680 paucru
311 1607 352 1665 sic
364 1608 580 1675 uuuscrurtibus,
592 1615 623 1662 ut
635 1615 663 1663 et
683 1606 737 1678 ipsi
750 1605 806 1663 sint
821 1622 893 1662 unus
905 1604 995 1677 panis,
1082 1602 1165 1660 Vsus.
1177 1602 1222 1658 tu.
1248 1600 1422 1675 destringunt
1439 1601 1521 1670 iiior,
1547 1618 1593 1656 rrer
1617 1609 1742 1673 poterant
1754 1609 1838 1657 stare.

201 1716 288 1756 unum
303 1716 412 1772 corpur,
427 1699 455 1755 in
468 1716 524 1771 quo
533 1700 644 1771 antiqia
655 1696 934 1755 mcaeconiormitatis
944 1711 995 1774 per
1011 1672 1033 1729 B
1046 1695 1122 1752 Licet
1135 1694 1170 1751 ad
1187 1695 1284 1752 boram
1298 1694 1438 1760 resistant,
1450 1704 1541 1749 tamen
1553 1709 1605 1748 sorr
1617 1702 1741 1764 poterant
1753 1703 1839 1760 stare,

200 1804 284 1862 opera
301 1790 434 1847 virtutum
451 1804 581 1861 supressa
592 1789 776 1845 inveniantur.
1045 1804 1078 1843 ae
1093 1787 1193 1843 durare
1203 1795 1299 1845 contra
1314 1801 1370 1852 me,
1384 1786 1433 1843 sed
1451 1784 1546 1840 eadent
1559 1790 1652 1841 aaaron
1662 1787 1741 1855 pedes
1754 1801 1839 1842 areos.

238 1878 371 1936 Sturiliter
383 1880 557 1937 sentiendum
574 1889 617 1937 est
632 1880 714 1936 ctiam
736 1879 770 1935 dc
783 1880 891 1936 ceteris
902 1879 993 1936 cccic-
1046 1879 1148 1936 dadon
1161 1878 1219 1934 sire
1234 1893 1283 1949 per
1294 1876 1494 1948 poenitcntianr,
1510 1875 1568 1932 sire
1575 1890 1623 1945 per
1637 1890 1748 1946 poenam
1774 1890 1838 1945 pra-

202 1970 322 2028 siasticis
336 1971 528 2038 sacramentis,
556 1970 584 2025 in
600 1969 701 2042 quibus
713 1985 766 2024 oon
782 1979 843 2024 runt
854 1970 994 2039 infirmata
1046 1972 1135 2031 strati.
1147 1971 1248 2029 Cadent
1265 1971 1357 2026 auitas
1370 1970 1446 2041 pedes
1458 1986 1538 2037 arear,
1553 1969 1635 2026 idest
1648 1969 1838 2039 apostolos,et

201 2059 312 2131 asstiqia
329 2073 401 2128 mea,
427 2059 553 2130 quumvis
576 2059 672 2115 cadent
682 2057 797 2131 uestigia
805 2059 993 2130 cupiantabo-·
1045 2066 1114 2123 alins
1137 2064 1300 2136 apostolicos
1315 2062 1489 2133 viros,quos
1502 2077 1553 2134 ego
1572 2060 1737 2119 constituam
1765 2060 1837 2131 prist

201 2150 259 2206 lere
270 2150 374 2206 inimici
386 2151 440 2207 mei
466 2152 589 2208 volentes
605 2151 699 2223 potius
727 2166 772 2207 mo
793 2151 846 2207 sibi
868 2166 952 2223 quarn
964 2166 995 2207 se
1045 2159 1120 2230 elpes
1130 2171 1213 2228 super
1225 2171 1334 2212 omnem
1346 2162 1460 2211 gemm,
1476 2153 1650 2226 confringam
1667 2169 1779 2226 qunque
1795 2154 1838 2209 in.

201 2243 269 2299 mibi
283 2240 462 2311 conformari,
480 2243 603 2300 tolentes
613 2242 697 2300 etiam
712 2242 836 2299 membra
849 2258 910 2299 mea
925 2241 994 2299 mibi
1045 2248 1167 2306 risibiles
1182 2247 1309 2304 inimicos
1320 2245 1412 2302 dando
1427 2247 1555 2302 virtutem
1576 2246 1671 2302 electis
1698 2245 1781 2314 meis,
1807 2253 1838 2301 st

200 2348 250 2408 per
267 2333 394 2390 uirtutem
405 2343 639 2390 sacramentorum
659 2334 833 2406 incorporata
854 2333 907 2391 sibi
925 2348 994 2389 con·
1044 2350 1188 2400 conserant
1199 2338 1331 2395 salanam
1347 2338 1400 2395 snb
1414 2338 1531 2410 pedibus
1548 2338 1618 2394 suis.
1643 2336 1682 2393 lta
1709 2337 1838 2394 diabolas

200 2422 316 2484 formari
331 2440 378 2495 per
392 2425 536 2493 malitiam,
547 2433 575 2481 ct
588 2425 758 2498 incorporari
770 2440 819 2497 per
832 2426 995 2498 mysterium
1044 2435 1160 2506 ejusque
1187 2431 1320 2489 satellites
1338 2430 1567 2501 concupiscentiae
1586 2445 1620 2486 ac
1643 2429 1771 2486 libidines
1789 2436 1837 2488 aut

202 2518 369 2590 iniquitatis,
385 2518 458 2590 quod
469 2519 527 2589 jam
542 2527 673 2590 operatur
695 2520 724 2575 in
744 2519 808 2576 liliis
828 2519 993 2576 dillidentiae.
1044 2540 1152 2582 errores
1165 2539 1217 2579 oon
1232 2530 1355 2593 potuerat
1366 2528 1447 2589 stare,
1461 2521 1510 2577 sed
1533 2520 1629 2576 radent
1641 2520 1734 2577 auitas
1757 2521 1837 2592 pedes

200 2610 237 2668 At
250 2626 301 2684 ego
313 2604 482 2669 fortissimus
501 2612 578 2684 gigas
599 2611 715 2684 geminae
729 2611 994 2682 substentaculis
1046 2633 1128 2683 meua,
1141 2615 1224 2671 etiam
1242 2614 1352 2669 inlitora
1378 2612 1501 2668 membra
1515 2627 1586 2681 mea,
1598 2612 1745 2669 relicitur
1757 2613 1837 2684 pedes

200 2715 257 2756 non
272 2710 337 2756 sunt
350 2700 489 2761 infirmata
517 2700 652 2772 uestigia,
677 2717 828 2774 persequar
857 2702 994 2774 geminata
1045 2706 1217 2775 arena,idest
1236 2704 1289 2761 sub
1309 2703 1423 2760 uirtutes
1437 2718 1561 2760 meorum
1582 2703 1771 2774 parvulorum,
1785 2702 1835 2774 qui

200 2789 377 2846 inimicorum
392 2805 517 2854 meorum
535 2791 655 2862 agmina,
669 2791 796 2848 uidelicet
810 2791 994 2863 malignorum
1045 2799 1193 2856 curantibus
1206 2799 1280 2854 uelut
1307 2797 1422 2869 pedibus
1433 2798 1565 2869 speciosis
1580 2796 1669 2853 adme
1690 2805 1836 2870 pergentes

201 2881 350 2952 spirituum
372 2890 399 2937 et
430 2880 613 2953 malignorum
633 2882 777 2939 hominum
803 2892 927 2953 cateruas
945 2898 994 2939 ex·
1045 2892 1152 2949 calcant
1174 2891 1277 2947 eisdem
1305 2888 1419 2960 pedibus
1433 2904 1516 2960 super
1531 2897 1682 2961 serpentes,
1709 2898 1738 2945 et
1751 2904 1836 2962 super

199 2972 356 3044 pugnaudo.
1046 2983 1214 3057 scorpiones,
1236 2987 1265 3038 ct
1283 2995 1364 3052 supra
1390 2995 1500 3037 omnem
1515 2979 1645 3037 uirtutem
1674 2979 1793 3051 inimici,
1807 2990 1835 3039 et

239 3064 319 3129 luas,
340 3064 385 3122 58.
400 3064 679 3138 Persequariniaricoa
696 3075 811 3136 metuet
823 3069 992 3140 comprebeu·
1045 3074 1294 3133 nihileisnoceblr.
1445 3066 1448 3073 '

199 3156 262 3212 doro
279 3157 349 3212 iiior.
365 3156 467 3214 Contra
483 3157 634 3215 invisibiles
642 3160 824 3232 malignorum
844 3160 992 3232 spirituum
1078 3168 1162 3227 Vsus.
1174 3168 1219 3223 tu.
1230 3166 1266 3223 lu
1275 3166 1438 3238 praecinxisti
1448 3182 1489 3220 nte
1509 3164 1647 3222 virtateod
1659 3164 1766 3220 bellare.
1782 3163 1835 3223 srr·

199 3251 389 3321 suggestiones
417 3265 468 3322 ego
495 3251 567 3307 dabo
589 3250 721 3322 Spiritum
747 3260 872 3309 sanctum
898 3253 992 3311 clectis
1042 3256 1226 3333 periusdiri:
1255 3256 1337 3325 Desa,
1350 3257 1397 3328 qai
1410 3255 1550 3326 prccirrait
1564 3271 1604 3310 rae
1619 3256 1739 3313 uirtute:
1760 3271 1834 3313 nuuc

199 3342 282 3413 rucis,
306 3342 354 3413 qui
371 3355 500 3415 suggerat
513 3343 555 3400 eis
577 3344 669 3398 omnia
698 3358 869 3414 quaecunque
895 3344 992 3401 dixero
1042 3358 1142 3409 rurum
1158 3349 1232 3407 uelut
1255 3346 1405 3419 repetendo
1430 3347 1456 3402 id
1473 3347 1563 3417 ipsum
1578 3345 1607 3401 in
1622 3346 1771 3418 gratiaram
1788 3361 1834 3402 ac·

199 3432 251 3499 eis,
263 3441 290 3488 ot
303 3434 343 3488 sic
357 3434 509 3504 pecbonas
524 3434 706 3505 cogitationes
720 3434 748 3488 in
766 3435 896 3492 cordibus
912 3452 990 3493 meu·
1042 3443 1115 3501 tione
1128 3441 1191 3498 dico
1203 3459 1211 3496 ε
1225 3438 1259 3494 lit
1270 3437 1435 3510 praeeirrairtt
1448 3453 1490 3493 ore
1502 3436 1641 3491 uirtuteart
1652 3435 1833 3508 tetiam,quia

198 3538 261 3579 rum
277 3540 419 3595 porosquar
437 3525 525 3580 malas
539 3534 566 3580 ct
580 3525 799 3594 comprobandam
826 3525 888 3583 illas
901 3527 989 3596 rivas,
1041 3538 1112 3592 sient
1127 3550 1168 3589 are
1186 3532 1214 3597 in
1239 3546 1300 3587 mea
1315 3544 1434 3602 persona
1458 3528 1623 3599 prceiuaiati
1649 3529 1770 3595 uirtute,
1793 3528 1833 3585 sic

199 3613 416 3684 comprehendam
427 3613 564 3685 principes
572 3613 806 3685 ralinmgentium
821 3615 892 3672 sicut
901 3630 990 3687 quon·
1040 3625 1122 3680 etiaur
1134 3623 1298 3694 pretiosiori
1310 3638 1351 3677 ore
1363 3622 1392 3677 in
1408 3620 1478 3676 meis
1496 3627 1574 3679 tanta
1600 3619 1713 3688 oirtato,
1729 3627 1832 3690 quanta

200 3704 263 3767 dam
281 3721 330 3776 per
341 3704 475 3761 famulum
487 3720 578 3762 orcum
597 3703 681 3766 lasne
696 3706 891 3777 comprehendi
906 3707 990 3778 quina
1041 3716 1157 3776 sufficiat
1177 3716 1219 3772 cis
1240 3714 1276 3771 ad
1302 3712 1410 3781 tellam,
1422 3712 1455 3767 ad
1471 3710 1545 3783 quod
1556 3711 1621 3766 misi
1637 3725 1687 3767 eos
1712 3711 1829 3767 dicens:

199 3813 253 3870 quo
273 3814 351 3870 reges
372 3797 599 3869 alienigenarum.
617 3812 689 3869 (tuos
712 3798 742 3853 iu
761 3798 891 3869 spelunca
915 3812 990 3855 cour·
1044 3807 1144 3867 «Sicut
1156 3806 1232 3863 misit
1245 3803 1485 3876 mePater,etcgo
1498 3798 1827 3874 urittnuosllrre.x,5):r

198 3891 362 3965 prehensos,
374 3897 403 3945 ct
416 3890 577 3962 aliquandiu
604 3890 726 3947 inclusos
745 3890 853 3947 tandem
875 3890 989 3961 produci
1040 3900 1145 3956 luem„
1162 3897 1242 3964 Eece,
1259 3910 1310 3968 ego
1327 3896 1405 3952 mitto
1417 3909 1469 3951 sos
1488 3897 1560 3951 sieut
1571 3893 1739 3966 agnosinter
1750 3893 1830 3963 lupos

199 3982 265 4040 ierit
281 3982 366 4040 Joruc
384 3992 466 4053 atque
481 3983 630 4054 productos
646 3981 747 4040 occidit
761 3980 831 4054 lios,
846 3999 874 4049 x,
887 3981 931 4050 18,
942 3982 989 4050 ιι,
1041 3990 1123 4063 (toan
1136 3988 1258 4059 unm).
1277 4005 1287 4040 r
1301 3985 1369 4042 item
1381 4004 1389 4042 ε
1401 4005 1410 4038 r
1420 3983 1451 4041 ln
1462 3984 1566 4045 mundo
1578 3999 1737 4055 pressuram
1746 3983 1830 4039 babe-

197 4070 256 4143 aa).
289 4072 335 4130 sn
361 4087 411 4144 eso
438 4087 521 4130 verns
539 4071 620 4129 tosus
648 4073 868 4144 campanariam
887 4073 991 4142 pnnu-
1040 4083 1187 4151 narremur
1203 4081 1352 4143 conuulso:
1379 4070 1640 4151 egovromunu'nu
1655 4078 1826 4150 proruent·

197 4164 275 4238 pales
299 4164 509 4236 malignantium
530 4164 659 4235 spiritus,
680 4164 746 4220 etin
774 4164 906 4234 spelunca
928 4179 990 4220 eor-
1040 4175 1125 4247 igitur
1138 4173 1197 4229 baec
1210 4171 1327 4229 dicendo
1338 4170 1413 4235 misi,
1425 4181 1453 4227 et
1462 4171 1582 4226 animari
1595 4185 1644 4226 eos
1671 4169 1825 4226 adbellare.

198 4256 273 4313 dium
289 4257 448 4327 aliquandiu
465 4257 622 4328 castigabo,
647 4257 711 4312 dum
724 4256 764 4313 cis
777 4255 891 4313 eductus
910 4256 990 4312 mali-
1040 4266 1076 4323 fir
1094 4274 1135 4334 ru,
1149 4264 1240 4332 Pater,
1258 4263 1495 4336 prouinciatim,
1510 4261 1586 4317 idest
1608 4261 1683 4332 ipsus
1697 4276 1772 4317 meos
1793 4261 1828 4319 ad

198 4348 301 4403 tiorum
313 4348 464 4418 denegabit,
478 4356 506 4403 el
531 4348 641 4403 landem
654 4363 703 4419 pet
716 4346 894 4415 ιοιιῐιιιῑθῐιιι
913 4346 989 4406 forts
1004 4371 1027 4427 [l
1041 4356 1149 4427 bellom,
1160 4355 1270 4427 quando
1281 4353 1380 4410 misisti
1402 4354 1443 4409 eis
1466 4352 1638 4409 Paracletum
1655 4367 1724 4421 ,per
1746 4366 1826 4421 quera

196 4437 344 4509 producws
354 4436 516 4491 inlelsssltm
528 4436 651 4501 omnino«
1040 4448 1139 4506 dedisti
1151 4448 1193 4505 cis
1205 4445 1326 4518 gladium
1344 4446 1468 4517 spiritus,
1484 4443 1558 4517 quod
1569 4452 1612 4500 cst
1635 4443 1752 4500 llcrbuur
1769 4441 1825 4501 [ici.

232 4524 268 4579 El
283 4542 335 4580 titt
349 4526 579 4594 convitiandum
590 4526 726 4598 deficiam·
739 4527 768 4582 Ν
768 4545 802 4584 ⁰¹1
812 4531 989 4586 θθιιθιιιιιὶῐι
1040 4539 1136 4597 Gladio
1149 4538 1202 4595 istu
1215 4552 1298 4608 super
1312 4538 1491 4593 icmursuum
1500 4545 1625 4607 potenter
1637 4536 1754 4591 accincti
1771 4550 1826 4593 non

196 4615 250 4671 boc
266 4618 371 4686 studio,
383 4618 466 4673 donec
475 4618 612 4688 deficiunt,
621 4627 649 4675 et
660 4633 757 4676 omnes
770 4622 842 4678 uires
862 4622 987 4692 perdant.
1039 4630 1191 4687 nnmerum
1204 4628 1324 4698 periculo
1336 4626 1440 4682 mnndi.

197 4706 272 4775 eras
304 4724 338 4764 nc
367 4710 474 4779 possint
505 4724 695 4780 recuperare,
726 4711 893 4783 corritinqom
925 4712 987 4769 iiius
1074 4719 1300 4790 Etsrrppioutasti
1320 4720 1481 4786 insurgentes
1502 4718 1530 4771 in
1547 4734 1587 4772 are
1606 4716 1699 4773 saitae
1714 4715 1826 4772 raeda·

196 4815 273 4857 ruore
295 4801 490 4872 antiquorum,
517 4805 565 4872 qui
592 4817 655 4860 reos
670 4804 760 4874 primo
776 4803 805 4858 in
829 4820 911 4862 cruce
925 4821 988 4862 sus·
1039 4824 1174 4885 surgentes
1189 4813 1217 4865 in
1229 4828 1279 4878 me,
1291 4810 1318 4868 id
1340 4819 1382 4866 cst
1403 4818 1499 4865 contra
1514 4824 1569 4877 mc,
1587 4823 1620 4864 ac
1632 4808 1755 4866 volentes
1765 4825 1825 4868 csse

195 4895 357 4966 panderunt,
366 4908 393 4952 ct
401 4905 494 4965 postea
510 4910 607 4952 eorum
620 4910 701 4951 crura
709 4895 857 4969 fregerunt,
871 4907 900 4954 ut
907 4899 986 4969 justa
1039 4921 1121 4975 super
1137 4918 1191 4971 me,
1206 4902 1250 4959 rel
1260 4917 1343 4973 super
1359 4916 1445 4967 meos,
1462 4910 1489 4954 to
1501 4899 1689 4970 supplantasti,
1701 4908 1825 4958 utasscat

196 4982 265 5055 legis
280 4985 440 5040 mandatum
453 4986 548 5041 eadem
569 4985 614 5042 die
627 4987 828 5058 sepelirentur,
846 5004 900 5059 qua
923 5006 988 5056 crue
1037 4998 1130 5052 salros
1145 5013 1185 5051 nro
1209 5003 1265 5052 tam
1288 4995 1427 5051 daemoncs
1451 5008 1533 5064 quam
1563 4993 1689 5051 homines
1701 4994 1823 5066 maligni,

196 5076 390 5147 ciligcrontur;
405 5075 478 5146 quod
489 5084 516 5145 ct
533 5075 635 5133 lactum
661 5086 703 5134 cst
718 5078 746 5132 in
761 5079 925 5148 latronibus,
938 5080 986 5151 qui
1038 5092 1085 5162 qui
1104 5105 1193 5161 nequo
1206 5088 1286 5153 mihi,
1302 5101 1390 5157 neque
1404 5085 1474 5142 meis
1494 5086 1643 5156 praeualere
1665 5095 1822 5155 potueruut,

194 5168 319 5222 crucillsi
330 5178 395 5223 surrt
407 5183 524 5224 mecum.
541 5168 593 5225 Sed
603 5185 685 5225 crura
699 5185 759 5226 ntea
776 5186 831 5226 nou
847 5180 912 5228 sunt
930 5171 987 5228 ira-
1037 5182 1106 5240 urdo
1116 5196 1160 5236 me
1173 5189 1221 5235 aur
1233 5178 1302 5233 meis
1318 5176 1482 5247 proficerent
1502 5177 1576 5246 quod
1588 5176 1750 5232 volucrunt:
1770 5177 1823 5230 imo

195 5266 250 5324 ιιι,
264 5258 329 5328 quia
341 5275 392 5314 ιιι
403 5268 464 5315 sont
475 5260 613 5331 infirmam
623 5262 731 5334 ιθιιῑιιῑθ
746 5272 851 5330 menet
861 5263 922 5318 {110⁰
933 5279 987 5335 ego.
1036 5289 1087 5344 ego
1105 5270 1235 5343 praevalui
1261 5268 1302 5323 cis
1313 5267 1341 5322 in
1361 5282 1448 5323 meac
1462 5267 1542 5333 meis,
1567 5266 1735 5323 utrolnnras
1764 5281 1822 5325 mea

196 5349 325 5405 cruribus
339 5349 555 5422 infatigabilibus
577 5369 720 5425 persequar
751 5369 805 5410 uon
822 5353 931 5421 solum,
955 5364 987 5421 ut
1036 5365 1213 5436 perficeretur
1232 5359 1318 5415 autin
1337 5359 1414 5431 ipsis,
1428 5369 1476 5414 aut
1486 5375 1534 5431 per
1552 5358 1628 5430 ipsos
1641 5367 1671 5413 et
1690 5356 1822 5426 ‹loipsst

195 5437 263 5506 ⁶¹¹1.
275 5440 426 5498 invisibilis
447 5443 575 5499 inimicos
603 5460 692 5515 meos,
714 5460 811 5502 telum
824 5446 908 5504 stiam
920 5447 988 5509 titis
1036 5455 1066 5514 ln
1081 5453 1149 5525 ipsis
1162 5452 1355 5508 uoluntasmea
1366 5450 1568 5522 perficiebatur,
1581 5449 1605 5505 si
1618 5446 1745 5506 conuersi
1759 5454 1821 5503 suut

195 5525 310 5593 biles,er
326 5535 544 5605 comprabandam
562 5534 635 5591 illos.
654 5534 893 5607 comprehendam
907 5545 984 5597 astu-
1036 5542 1070 5608 ad
1083 5543 1186 5597 bonum
1201 5558 1208 5596 ι
1221 5555 1271 5611 per
1278 5540 1353 5610 ipsos
1366 5546 1394 5595 et
1415 5539 1449 5594 dc
1464 5538 1532 5609 ipsis
1544 5537 1672 5593 uoluntas
1688 5550 1748 5592 mea
1759 5549 1820 5604 per·

196 5623 241 5676 tos
255 5620 283 5676 in
294 5624 394 5683 astutia
406 5641 515 5699 torum,
527 5635 557 5685 ut
567 5628 637 5686 mibi
651 5630 804 5695 uoseieutcs
818 5642 845 5690 ct
860 5635 985 5692 nolentes
1036 5632 1190 5705 ιιιιιιιιιιιιι
1203 5631 1228 5689 si
1246 5631 1425 5705 perstiterunt
1437 5629 1466 5687 iu
1480 5644 1531 5711 spa
1550 5628 1655 5693 malitia
1669 5646 1676 5697 ;
1700 5640 1763 5685 nam
1774 5638 1821 5701 pra
