3817 6000
91 121 176 187 ,ttcl
483 119 760 177 colltlllxtsltllltl
780 118 813 174 bl
834 118 1004 177 mutilos
1024 152 1059 163 -
1076 119 1168 177 PARS
1187 120 1219 177 ι’.
1244 152 1274 162 -
1289 120 1386 177 l‘sab.
1406 122 1437 176 L.
1675 121 1743 181 lata

107 234 164 291 hoc
176 242 228 300 cst,
254 234 303 305 uui
328 234 395 389 {sss
413 235 488 290 obliti
509 233 595 289 Deum
617 234 815 305 judicaturum,
844 235 905 291 aui-
918 243 942 299 A
957 235 1010 291 hoe
1020 245 1071 301 est,
1087 236 1114 289 iu
1127 235 1173 290 illo
1183 235 1316 306 sucmficio
1330 246 1373 291 est
1385 236 1445 302 iter,
1461 251 1516 308 quo
1529 237 1626 293 itinere
1644 238 1743 294 duram

105 324 272 382 madrertite
294 342 331 397 qu
380 342 493 396 arguam
502 340 552 381 rus
562 326 595 380 de
606 326 735 396 peccatis,
745 335 773 381 et
785 334 904 382 statuam
955 326 1033 382 illum
1047 327 1181 397 usquead
1197 326 1330 382 visionem
1347 326 1408 382 Filii
1428 325 1486 394 Dei,
1503 329 1615 397 hocest,
1630 344 1679 400 por
1691 330 1744 387 boc

107 436 162 477 ros
172 430 268 478 contra
281 422 378 478 laciem
391 430 521 487 uestram,
533 422 559 475 id
576 430 618 476 est
632 437 681 492 per
692 436 741 476 ros
753 421 828 492 ipsos
838 435 904 476 con·
953 416 1121 473 sacrilicium
1134 417 1273 487 perveniet
1283 417 1316 473 ad
1327 419 1511 490 coguitionem
1524 420 1587 475 inci.

107 514 220 569 vitream
236 529 295 570 ros,
309 512 372 570 ldco
385 527 458 568 nurre
471 512 600 583 corrigite
616 525 677 579 ros,
691 528 723 566 ne
736 511 842 582 quando
856 527 902 565 ro·
995 508 1024 564 br
1054 508 1168 565 llehrseu
1184 509 1285 581 legitur
1301 529 1307 564 :
1331 510 1384 575 Qui
1409 510 1528 567 immolet
1555 513 1743 585 confessionem

108 606 181 675 piot,
193 615 218 660 et
230 622 280 660 nort
291 606 325 660 ait
351 605 397 676 qui
416 604 524 675 eripiat,
542 603 593 659 boc
609 611 661 664 est,
676 618 711 657 nc
737 602 845 657 laudem
861 599 902 655 ia·
949 602 1083 673 glorificat
1094 619 1145 668 me,
1164 612 1188 656 et
1201 602 1247 673 qai
1264 602 1372 657 ordinat
1386 604 1467 669 oium,
1482 605 1620 659 ostendum
1631 606 1656 659 ei
1666 605 1743 661 solo·

109 696 226 752 clatros
243 697 301 768 rapi
317 711 368 752 suo
390 694 524 766 iudieioa
545 693 663 760 diaholo,
678 702 706 749 et
726 702 791 747 tunc
807 692 899 747 nullus
950 703 1008 747 tore
1029 691 1085 747 Dei.
1106 691 1164 748 lloc
1178 701 1229 761 est,
1255 693 1303 764 qui
1316 692 1442 748 ordinato
1465 709 1513 765 per
1527 695 1600 750 riam
1616 696 1741 752 dileetio·

107 788 209 858 eripiat
222 802 281 853 sos,
297 787 344 858 qul
364 802 438 842 nuuc
458 785 573 857 potestis
589 784 657 854 eripi
677 784 712 839 ab
724 797 768 839 eo.
785 781 819 837 Et
832 781 899 853 quid
948 787 993 842 nis
1015 785 1151 842 laudando
1177 783 1263 840 licum
1284 784 1415 850 ambulat,
1432 785 1466 840 ad
1481 786 1626 842 ridendam
1640 786 1741 843 laniem

108 880 152 934 ris
168 894 220 935 rius
235 877 343 935 lacere?
354 877 448 934 Dicam
465 896 473 933 ι
949 874 996 932 bel
1023 876 1171 947 perveniet,
1186 875 1232 930 uhi
1259 873 1358 930 Filium
1373 873 1422 930 liei
1438 875 1465 929 in
1483 877 1638 947 aequalitate
1651 875 1742 932 Patris

145 968 228 1026 Vens.
242 970 288 1025 ιδ.
304 970 472 1039 Sacrificium
487 968 576 1024 laedis
587 968 771 1040 hereditabit
782 985 833 1035 are,
844 967 898 1024 boc
948 970 1098 1041 conspiciet
1112 968 1183 1024 sicut
1199 967 1328 1024 scribitur
1343 986 1350 1023 :
1367 986 1376 1018 ι
1393 966 1444 1035 Qui
1458 967 1548 1041 diligit
1560 984 1615 1035 me,
1628 969 1740 1041 diligam

106 1068 162 1123 est,
173 1062 237 1117 rulo
252 1070 283 1116 ut
294 1059 379 1117 iacias
391 1060 459 1116 mibi
472 1059 636 1130 sordicium
656 1059 756 1127 lundis,
777 1074 831 1113 ιιοιι
847 1072 896 1128 pe-
948 1076 1022 1127 eum,
1044 1067 1072 1115 et
1084 1058 1265 1115 manifestabo
1279 1060 1303 1113 ei
1323 1057 1457 1129 meipsum
1470 1058 1561 1130 (ioan.
1582 1076 1639 1127 xlv,
1654 1061 1710 1131 ιι).
1727 1079 1739 1114 ι

105 1152 188 1208 cudis
203 1171 210 1208 :
227 1152 410 1221 credeeurde,
426 1152 506 1209 lauda
518 1168 576 1218 ore,
598 1138 726 1208 errantibus
744 1153 812 1207 irene
830 1168 898 1222 ope-
949 1148 1014 1207 lhec
1039 1158 1105 1205 sunt
1125 1164 1187 1220 qua
1202 1148 1274 1205 Deus
1292 1150 1406 1205 deorum
1421 1147 1553 1206 Dominus
1572 1151 1673 1221 populo
1688 1164 1741 1207 suu

107 1258 180 1299 rare.
197 1242 234 1298 Et
252 1243 382 1313 illiciter,
397 1245 467 1316 paud
482 1245 617 1299 erundum
637 1243 679 1298 iili
699 1241 819 1298 solarere
836 1240 914 1308 liei„
947 1239 1031 1299 lsrael
1043 1241 1151 1296 locutus
1165 1248 1217 1297 cst.

1048 1416 1732 1442 ”W

741 1591 1006 1685 PSllLblUS
1029 1590 1095 1680 .L.

905 1786 941 1797 ἰα

143 1954 266 2009 lliserere
277 1952 337 2019 urei,
366 1952 448 2017 Dens,
468 1952 621 2016 recaredum,
638 1963 691 2009 etc.
705 1952 756 2009 liic
772 1955 893 2025 psalmus
909 1957 1134 2027 Bpoeuiteotiam
1148 1974 1180 2015 ex
1204 1961 1287 2018 corrle
1300 1963 1366 2035 egit,
1389 1971 1416 2019 et
1430 1965 1504 2022 liunc
1525 1968 1661 2038 psalmum
1685 1987 1736 2044 pro

102 2057 219 2120 piractus
229 2046 263 2101 de
281 2044 514 2116 poenitentialibus
527 2046 672 2113 scribitur;
685 2047 750 2117 quia
767 2063 816 2118 per
827 2064 894 2119 qrra-
944 2049 1132 2108 satisfactione
1151 2054 1315 2124 composuit,
1327 2065 1354 2111 et
1366 2056 1509 2127 pristinam
1523 2061 1638 2131 gratiam
1652 2080 1668 2119 a
1680 2064 1736 2122 Ds-

103 2150 168 2194 tuor
182 2140 305 2203 virtutes,
319 2136 502 2207 prudentiam,
529 2136 727 2204 tortitudinem,
745 2139 892 2211 justitiam,
944 2142 1180 2212 minopromeluit
1196 2143 1241 2216 ill
1255 2144 1319 2217 Nep.
1335 2148 1397 2217 ιιι).

4 2306 5 2313 ¹
102 2229 320 2301 temperantiam,
335 2230 418 2283 humo
430 2227 566 2297 perlectus
579 2229 705 2285 allicitur.
721 2227 830 2300 Septem
841 2248 892 2287 au·
980 2232 1029 2291 llic
1052 2250 1118 2307 crgo
1137 2237 1257 2306 psalmos
1281 2239 1428 2296 ascribitur
1450 2240 1536 2297 Dauid
1550 2246 1606 2316 regi
1626 2256 1654 2302 et
1670 2265 1735 2320 pro·

101 2330 157 2376 tem
172 2320 374 2392 poeniterrtiales
397 2320 495 2389 psalmi
509 2319 570 2376 idco
588 2329 740 2391 ponuntur,
765 2323 829 2393 quia
845 2339 893 2393 per
943 2328 1041 2398 phetae,
1052 2330 1099 2400 qui
1110 2339 1170 2386 erat
1180 2331 1328 2401 respiciens
1353 2333 1381 2387 in
1398 2336 1488 2403 finem,
1512 2336 1538 2391 id
1554 2346 1596 2392 est
1610 2338 1637 2393 in
1653 2340 1735 2396 Clui-

4 2462 6 2499 ᾗ
101 2422 206 2483 septem
223 2413 295 2468 dona
318 2411 438 2483 Spiritus
464 2412 551 2467 sancti
574 2423 686 2483 peecata
704 2414 890 2471 remittuntur.
942 2430 1026 2497 stum,
1046 2437 1095 2491 per
1112 2438 1194 2492 quem
1213 2423 1342 2481 riditsibi
1357 2417 1549 2483 remit'teudom
1564 2441 1729 2500 peccalum:

100 2504 210 2560 Primus
231 2503 344 2576 Spiritui
364 2505 482 2569 timoris,
496 2506 633 2561 secundus
646 2503 760 2576 Spiritui
771 2508 890 2579 pietatis,
941 2509 1006 2564 dum
1018 2511 1086 2564 uenit
1100 2513 1135 2565 ud
1146 2527 1206 2566 eum
1226 2510 1337 2568 Notion
1350 2518 1487 2586 propbeta,
1501 2519 1607 2589 quando
1620 2519 1731 2578 intrusit

101 2597 199 2654 tertius
218 2596 333 2669 Spiritui
347 2597 479 2663 scientiae,
501 2597 546 2652 hic
566 2606 683 2668 quartus
704 2596 818 2670 Spiritui
834 2600 891 2657 lor·
941 2602 977 2655 ud
988 2601 1141 2671 bethsabee,
1152 2605 1205 2659 buc
1219 2614 1270 2669 est,
1282 2607 1393 2675 uuarrdo
1406 2622 1469 2662 eum
1481 2606 1588 2666 Nathan
1599 2614 1730 2684 propbeta

4 2748 5 2757 χ
101 2690 225 2747 titudinis
249 2690 408 2756 ascribitur,
433 2706 495 2761 guae
510 2705 563 2745 uua
581 2690 615 2745 de
626 2701 744 2761 quatuor
755 2693 892 2765 principa·
941 2692 1092 2763 increparit
1109 2707 1160 2763 pro
1174 2693 1310 2749 adulterio
1321 2695 1469 2751 commisso
1480 2695 1630 2755 Betbsabec
1641 2712 1669 2756 et
1681 2703 1732 2757 bo-

99 2784 333 2842 libusrirtutihus
356 2788 476 2855 ponitur.
506 2784 535 2841 lu
550 2787 602 2841 hoe
627 2787 733 2857 psalmo
755 2789 891 2860 praecipue
941 2784 1051 2839 micidid
1066 2782 1148 2839 Utiae·

100 2879 241 2935 humilitas
253 2888 281 2935 et
292 2881 529 2946 oratiouotantur,
546 2895 595 2951 per
607 2896 677 2951 quas
692 2882 811 2937 institue
826 2898 890 2954 pec·
977 2874 1098 2944 Nathan,
1118 2875 1165 2948 qui
1179 2874 1264 2932 David
1275 2877 1309 2932 dc
1323 2877 1482 2948 poenitentia
1493 2878 1610 2946 monuit,
1631 2881 1732 2938 dicitur

98 2979 160 3027 cata
180 2972 350 3028 relasautur.
939 2969 1023 3037 dedit,
1041 2978 1068 3025 et
1086 2970 1222 3043 signilleat
1240 2970 1364 3028 ordinem
1378 2973 1541 3042 doctorum,
1566 2974 1615 3049 utri
1629 2977 1731 3050 populo

134 3062 164 3119 ln
179 3064 407 3134 quinquagesimo
430 3064 490 3118 loeo
515 3062 626 3132 ponitur
645 3074 747 3135 quotus
759 3081 889 3124 uumerus
939 3064 1059 3119 lidelium
1071 3064 1215 3121 consilium
1226 3065 1260 3120 de
1272 3065 1431 3135 poerrlteutia
1441 3065 1497 3122 dat.
1507 3064 1559 3133 eri
1571 3067 1730 3139 paradigma

96 3154 206 3210 dierum
228 3154 262 3210 ad
276 3153 454 3210 Pentecosteu
470 3153 611 3222 scribitur,
631 3163 658 3210 et
671 3155 806 3226 signillcat
820 3158 883 3214 lati·
937 3155 973 3211 de
996 3155 1093 3213 ovibus
1112 3159 1276 3228 proposuit,
1301 3158 1367 3231 quia
1382 3158 1472 3214 borrrrs
1497 3167 1592 3229 pastor
1609 3160 1728 3216 animam

97 3247 177 3312 dam,
191 3261 274 3318 quam
289 3245 425 3317 poenitens
449 3231 607 3315 assequitur
625 3261 673 3316 per
700 3247 817 3301 veniam.
831 3247 889 3305 lluc
939 3263 989 3319 pro
1010 3248 1107 3306 oribus
1123 3251 1225 3320 posuit.
1245 3249 1331 3306 Porro
1356 3249 1390 3305 ad
1412 3250 1530 3306 litteram
1552 3251 1657 3319 bomo,
1681 3254 1729 3323 qui

96 3355 256 3411 expressum
275 3348 318 3395 est
344 3355 392 3408 per
412 3353 515 3396 anuum
540 3338 816 3411 quinquagesimum,
839 3343 886 3413 qui
901 3314 922 3372 C
939 3341 1040 3397 multas
1062 3357 1127 3398 oves
1141 3342 1245 3411 babuit,
1261 3341 1346 3398 llarid
1367 3339 1430 3407 luit,
1445 3342 1492 3413 qui
1508 3343 1609 3398 multas
1628 3358 1729 3399 uxores

96 3434 187 3488 dictus
197 3441 239 3488 est
248 3432 387 3502 jubilaeus,
399 3431 426 3487 id
437 3439 488 3496 est,
499 3430 662 3502 jubilatione
674 3432 818 3501 pleurisin
831 3449 887 3504 quo
937 3432 1043 3488 habuit.
1068 3432 1184 3505 Pauper,
1200 3435 1246 3505 qui
1272 3450 1354 3490 urtam
1372 3434 1486 3500 babuit,
1511 3431 1590 3490 Urias
1607 3433 1668 3501 luit,
1680 3435 1728 3506 qui

98 3524 200 3593 reecpit
223 3523 339 3594 populus
357 3523 487 3578 amissam
508 3522 703 3589 hereditatem,
719 3530 747 3578 et
762 3525 887 3580 scoditus
937 3542 1020 3581 uuam
1038 3535 1143 3582 tautum
1159 3543 1273 3584 uxorem
1288 3528 1394 3586 habuit.
1408 3526 1525 3600 Hospes,
1542 3528 1586 3585 oui
1599 3529 1728 3601 pauperis

99 3616 221 3671 rediitad
232 3618 363 3686 perditam
379 3615 542 3672 libertatern.
565 3615 611 3671 Sic
628 3629 676 3686 per
696 3615 885 3685 penitentiam
936 3620 995 3675 uvis
1006 3619 1148 3686 occiditur,
1164 3628 1207 3675 est
1217 3618 1326 3676 illicitus
1343 3635 1431 3687 amur,
1447 3620 1493 3691 qrri
1508 3621 1542 3676 de
1553 3621 1727 3690 copulatione

97 3710 199 3765 amissa
213 3708 357 3764 liaeredilas
368 3708 487 3780 paradisi
501 3709 644 3780 recipitur,
655 3709 727 3764 etad
742 3711 885 3782 pristinam
936 3711 1032 3766 uxoris
1050 3712 1181 3766 relicitur.
1201 3709 1235 3765 lit
1263 3720 1327 3765 nota
1346 3711 1419 3780 quod
1437 3711 1544 3766 luxuria
1574 3711 1646 3781 apud
1674 3710 1727 3767 lla·

98 3802 247 3857 libertatem
273 3802 385 3857 reditur.
411 3800 498 3857 Homo
515 3802 589 3857 enim
608 3802 828 3875 conccupiscentia
845 3807 885 3861 vi·
934 3805 980 3859 rid
994 3803 1094 3874 hospes
1109 3801 1169 3868 luit,
1190 3800 1261 3872 apud
1277 3795 1451 3855 Salomonem
1469 3816 1534 3857 sero
1546 3817 1660 3873 reguum
1683 3810 1725 3858 te·

97 3903 158 3951 ctus
174 3896 226 3951 sub
236 3904 347 3965 peccato
365 3894 546 3959 uerrundatur,
562 3910 625 3950 cum
650 3897 741 3952 omnis
754 3898 801 3969 qui
818 3897 885 3955 lacit
935 3897 1005 3952 nuit.

98 3997 237 4059 peccatum
253 4003 349 4043 servus
362 3986 464 4057 peccati
488 3985 630 4042 alliciatur.
644 3985 674 4041 br
692 3989 885 4059 quiuquagesi-
970 3987 1076 4059 lapsus
1094 3994 1250 4043 sanctorum
1273 3984 1333 4040 idco
1356 3984 1529 4049 scribuntur,
1550 3995 1580 4040 ut
1603 3986 1726 4056 potentia

4 4143 5 4166 χ
98 4097 142 4136 ruo
162 4077 416 4136 numerodenarius
440 4078 588 4149 quinquies
600 4079 807 4150 multiplicatur,
819 4081 883 4151 quia
934 4082 1032 4136 medici
1046 4080 1074 4135 in
1096 4079 1213 4135 salutem
1226 4075 1362 4146 desperati
1387 4076 1481 4147 egroti
1504 4079 1724 4148 commendetur,

96 4181 157 4242 pust
166 4171 289 4242 unirique
302 4170 394 4226 saeculi
405 4178 498 4227 etates
512 4169 640 4228 Christus
655 4172 729 4228 salus
739 4173 881 4230 homiuum
932 4183 960 4229 et
970 4172 1039 4243 lapsi
1050 4170 1175 4242 exenrplo
1189 4169 1296 4224 illorum
1311 4168 1346 4224 ad
1365 4183 1441 4238 spem
1455 4169 1541 4224 reniae
1555 4171 1722 4227 animentur.

96 4274 122 4319 et
135 4265 196 4319 ritca
213 4265 342 4320 denarius
352 4271 507 4334 generatur,
520 4278 664 4334 perquem
686 4263 805 4336 Spiritus
818 4283 883 4323 san·
933 4266 986 4323 Sed
1000 4265 1075 4322 stulti
1095 4264 1211 4320 iurnram
1225 4261 1356 4333 peccandi
1369 4262 1403 4318 de
1416 4262 1519 4318 sanctis
1530 4271 1653 4332 sumunt,
1665 4262 1723 4320 lor·

96 4367 166 4424 ctus,
180 4360 226 4428 qui
246 4368 287 4414 est
311 4359 438 4414 remissio
453 4368 639 4429 peecatorum,
654 4361 743 4417 datur.
772 4360 882 4418 Titulus
931 4376 1004 4416 mam
1016 4356 1166 4431 poenitendi
1179 4355 1328 4427 refugiunt.

96 4450 177 4520 lrtrjus
186 4451 282 4521 psalmi
299 4461 362 4507 est:
967 4452 1035 4508 Cum
1052 4449 1147 4505 Doridi
1161 4449 1234 4505 sicut
1246 4448 1308 4503 aliis
1321 4447 1480 4504 homiuibus
1502 4459 1643 4520 peccatum
1657 4448 1722 4505 sita

4 4599 5 4618 g
96 4543 295 4615 (veromam
308 4558 881 4610 assumeremusnarro,cuttrsrurausua
932 4544 988 4600 beo
1006 4543 1180 4613 imputatum,
1202 4549 1230 4596 et
1251 4540 1333 4595 etiam
1351 4540 1474 4595 districto
1489 4540 1517 4594 in
1537 4555 1570 4596 eu
1585 4541 1622 4596 sit
1634 4541 1723 4596 vindi-

4 4627 6 4645 *
110 4651 375 4701 ιιτιιιιιιοιιιειι,
390 4651 494 4700 pomae
509 4650 636 4690 ιιιιιιιιιι
651 4653 685 4691 ιι
699 4654 860 4695 recusasse.
932 4647 1034 4701 catum,
1045 4633 1177 4705 quaeritur
1191 4647 1241 4687 eur
1256 4632 1283 4686 in
1311 4630 1398 4701 llgura
1413 4640 1542 4700 ponatur.
1560 4629 1612 4686 Sed
1632 4631 1723 4687 scien·

127 4727 195 4784 Nota
213 4740 257 4785 est
272 4728 384 4783 lastaria
401 4725 504 4784 :Urias
523 4742 595 4784 uirus
609 4728 643 4782 de
656 4729 773 4785 ducibus
794 4729 880 4788 David
930 4731 995 4786 dum
1011 4723 1138 4796 estquod
1154 4722 1225 4779 licus
1238 4723 1271 4778 de
1284 4730 1342 4778 loto
1367 4723 1487 4778 humano
1498 4737 1597 4796 genere
1612 4721 1722 4778 israeli-

4 4891 5 4894 Ἴ
93 4817 234 4896 pulchram
253 4838 367 4878 uxorem
381 4822 486 4889 babuit,
499 4836 582 4892 quam
599 4836 645 4875 rer
665 4837 694 4877 se
709 4822 879 4879 balneantem
928 4822 1012 4876 ticum
1033 4814 1164 4890 pupulum
1182 4815 1210 4870 in
1232 4815 1348 4886 liguram
1368 4813 1501 4885 elegerit,
1523 4814 1580 4885 ‚qui
1601 4812 1720 4885 populus

93 4915 264 4987 susspiciens
289 4914 464 4984 concupiuit,
485 4913 583 4969 adduci
604 4915 743 4984 precepit,
758 4931 820 4970 com
847 4931 879 4972 ea
928 4910 1080 4970 Christiani
1093 4908 1186 4981 populi
1205 4907 1302 4962 umbra
1315 4906 1376 4964 luit.
1391 4905 1460 4962 Nam
1475 4905 1610 4978 uniriquid
1624 4905 1665 4961 vel
1676 4905 1720 4960 in·

92 5009 248 5067 corrcubult.
275 5006 387 5063 iuterim
404 5006 445 5062 sir
458 5006 519 5076 ejus
536 5006 564 5060 iu
580 5004 724 5060 obsidione
735 5008 884 5076 cuiusdam
927 5005 1002 5061 scius
1014 5002 1087 5068 lecit,
1100 5000 1223 5056 loturum
1235 4993 1382 5071 aliquando
1393 4998 1547 5070 praenotuit.
1559 4995 1719 5067 specialiter

91 5103 208 5161 civitatis
219 5118 283 5159 (ιιιιιι
293 5101 414 5158 exercitu
430 5099 563 5168 cotrsedit,
578 5100 625 5155 sed
644 5098 754 5156 bacidis
764 5102 879 5156 consilio
927 5108 1019 5153 tamen
1033 5094 1153 5165 Spiritus
1167 5102 1290 5158 sanctus,
1306 5092 1379 5162 quud
1393 5092 1427 5147 de
1442 5091 1496 5148 illis
1507 5091 1549 5146 rel
1565 5091 1598 5147 de
1609 5089 1719 5145 cunctis

4 5243 5 5252 ,
91 5197 197 5254 occisos
214 5196 327 5254 interiit
352 5193 411 5250 lloc
434 5192 506 5249 iactu
523 5192 599 5249 misit
622 5191 754 5249 Dominus
771 5191 876 5248 Nathan
927 5200 1002 5245 rutro
1017 5186 1125 5259 populis
1143 5202 1191 5258 per
1204 5186 1351 5257 prophetas
1367 5184 1447 5240 scribi
1463 5184 1559 5250 voluit,
1573 5183 1659 5255 ligura
1674 5181 1719 5236 iu·

3 5314 5 5320 ¹
91 5291 250 5362 prophetam
264 5289 298 5346 ad
318 5288 424 5355 David,
445 5286 492 5356 qui
506 5286 531 5340 ei
552 5284 710 5356 paradigma
736 5287 770 5343 do
783 5302 834 5342 ore
851 5296 878 5342 et
928 5282 982 5341 turi
997 5281 1058 5336 luit.
1075 5278 1152 5335 Unde
1166 5272 1296 5335 scribitur
1321 5295 1328 5334 ε
1354 5296 1364 5331 ι
1382 5278 1474 5333 omnia
1498 5277 1525 5333 in
1541 5277 1627 5348 llgtrra
1651 5290 1718 5331 eorr-

92 5383 196 5453 bospite
209 5382 364 5453 proposuit,
379 5395 428 5451 per
440 5378 513 5451 quod
527 5378 554 5432 ei
573 5377 681 5450 culpam
693 5387 875 5449 perpetratam
927 5373 1068 5445 lingebant
1082 5370 1135 5426 illis
1150 5368 1175 5440 (l
1190 5368 1252 5430 Cur.
1267 5385 1294 5435 x,
1310 5368 1366 5433 ll).
1383 5388 1392 5421 ι
1414 5366 1496 5424 [iavid
1507 5368 1599 5441 itaque
1613 5366 1716 5423 Christi

91 5583 115 5628 at
126 5569 365 5626 comurhrationeur
391 5564 498 5622 bonini
514 5563 662 5620 terribilem
681 5578 875 5634 expavescens,
929 5578 990 5618 nem
1005 5560 1096 5634 gessit.
1113 5558 1147 5614 m
1158 5558 1229 5615 sicut
1243 5557 1300 5629 illa,
1312 5556 1377 5612 dum
1391 5557 1420 5612 iu
1434 5554 1509 5612 ionte
1521 5552 1628 5609 Gedros
1644 5550 1717 5606 lara·
