3817 6000
174 223 245 282 tite

649 214 801 273 centlum
818 211 1012 271 PRAEPOSlTl
1032 209 1305 273 untcflcttsrnttc.

1733 213 1800 268 titt

176 363 185 397 r
198 338 296 395 Plures
309 335 452 392 nobiscum
466 342 530 389 sum
546 348 628 402 quam
644 342 739 387 contra
755 348 805 386 ntis
822 329 848 399 (ι
856 329 877 383 i'
896 329 960 400 lieq.
977 334 1101 392 Acoetes,
1117 325 1163 395 qui
1175 326 1264 381 solent
1277 339 1339 380 esse
1355 323 1476 381 dominis
1490 323 1592 391 lidclcs,
1605 326 1648 380 vel
1667 336 1697 381 ut
1723 343 1801 380 raam

172 449 211 502 ιι,
224 432 278 499 ιιι).
294 449 304 482 ι
330 426 388 483 Hoc
402 426 473 481 idem
486 426 513 478 in
525 424 630 481 eaeteris
647 439 679 477 er
689 420 845 477 irrdaeorum
858 422 960 491 populo

173 521 314 582 conversis
335 532 482 590 agnoscere
497 516 523 570 in
540 524 665 585 prompto
689 522 741 580 cst,
761 512 807 583 qni
833 513 866 566 dc
886 527 962 566 eusc-

173 617 326 670 rrutioucet
345 611 482 665 mendacio
495 607 647 662 urrttuntiati
668 615 728 661 surtt
747 607 774 659 in
793 620 961 659 rorrsummu·

173 709 244 760 tione
266 706 294 759 in
315 706 357 757 ire
377 699 622 756 corisummationis.
648 697 681 752 Et
701 697 763 752 idco
784 712 837 750 nou
860 705 961 750 erum:

1013 419 1040 474 in
1058 417 1183 474 convivio
1196 418 1371 473 dominorum
1389 431 1441 472 uec
1451 417 1538 472 micas
1552 419 1730 489 negligentes.
1746 416 1801 472 'ia-

1012 511 1172 567 mendico:
1190 509 1342 579 Patientur,
1361 511 1434 583 quod
1464 512 1589 566 sanitatis
1610 522 1653 566 est
1680 512 1801 584 signum,

1012 604 1084 658 sicut
1098 613 1220 659 econtra
1235 602 1406 674 aegritudinis
1418 613 1461 658 est
1475 605 1607 659 indicium
1623 601 1750 660 fastidire
1764 604 1802 658 ci-

1011 696 1088 752 bum.
1101 694 1186 752 Nemo
1197 695 1270 752 enim
1284 696 1464 751 insanabilior
1474 705 1517 751 est
1528 710 1562 752 eo
1587 696 1634 767 qui
1649 696 1702 751 sibi
1717 711 1802 752 saum

1011 789 1128 856 videtur,
1140 798 1167 844 et
1183 789 1274 843 cibum
1290 787 1405 854 fastidit,
1425 805 1480 859 quo
1510 789 1586 844 salus
1607 789 1763 860 acquiritur
1776 799 1803 844 et

1012 888 1149 936 servatur.
1169 879 1222 935 Sed
1239 880 1296 948 isti,
1314 881 1362 950 qui
1381 890 1580 936 convertuntur
1603 880 1639 934 ud
1657 897 1801 950 uesperum,

173 797 317 862 subaudis,
332 794 406 865 quod
421 792 528 847 inerant
542 792 630 860 prius.
644 790 722 859 juxta
737 790 811 859 quod
825 789 960 858 scriptum

172 902 233 947 est:
251 908 260 940 ι
278 888 358 942 Verte
379 886 489 955 impios,
510 892 537 938 et
557 899 612 938 non
627 890 707 937 erunt
719 880 809 951 (Pron.
824 896 873 945 ιιιι,
892 879 957 950 il.»

209 980 244 1036 Et
261 981 342 1035 scient
361 978 424 1049 quia
437 976 508 1029 Deus
529 973 712 1028 dominabitur
724 972 809 1026 tacut
823 982 849 1027 et
865 972 959 1043 fiuvium
1011 969 1074 1038 qnia
1090 984 1169 1024 suum
1186 970 1393 1025 couversionem
1409 979 1538 1041 reputant
1553 971 1638 1025 nimis
1649 971 1756 1025 tardam
1774 981 1803 1025 et

174 1085 261 1130 terre·
287 1072 374 1126 Antea
395 1084 458 1124 cum
481 1065 594 1137 justitia
614 1065 661 1121 Dei
683 1081 738 1120 non
759 1063 886 1134 subjecti,
913 1064 960 1120 sed
1011 1061 1090 1131 quasi
1114 1061 1297 1131 vespertinam
1322 1063 1365 1117 vel
1390 1064 1559 1128 serotinam,
1589 1063 1696 1118 etiarnsi
1724 1062 1801 1132 pueri

173 1182 250 1223 suam
268 1170 416 1219 statuentes
429 1159 624 1215 extolleremur
638 1165 735 1212 contra
746 1156 872 1227 gerrtiles,
888 1171 960 1226 quos
1011 1163 1206 1209 convertantur
1231 1164 1292 1223 post
1311 1165 1451 1224 expertam
1477 1155 1639 1224 nequitiam,
1656 1170 1706 1225 pro
1720 1171 1802 1209 reru·

172 1256 375 1315 arbitrabantur
397 1251 554 1307 immundos
576 1249 655 1320 quasi
676 1263 773 1315 canes,
795 1257 961 1319 putaverunt
1010 1247 1271 1317 perationeamissae
1288 1247 1451 1303 innocentiae
1464 1246 1742 1317 samernpaticutauat
1755 1264 1803 1302 cu·

173 1366 228 1406 non
241 1344 367 1403 csseDeo
386 1359 480 1399 curam
501 1341 553 1396 nisi
571 1339 605 1396 de
618 1341 685 1395 solis
705 1340 807 1395 iudaeis
821 1354 870 1410 per
877 1339 961 1410 justi·
1010 1355 1069 1405 ries,
1082 1338 1139 1409 jam
1155 1337 1226 1392 beati
1238 1352 1272 1392 ex
1284 1353 1317 1393 eo
1330 1338 1403 1409 quod
1428 1342 1553 1393 esurium
1571 1347 1598 1393 et
1612 1337 1803 1408 sitiuntjusti·

172 1442 238 1497 tiam
257 1437 334 1510 legis,
360 1443 390 1489 ut
406 1432 574 1488 arbitrantur
592 1429 760 1501 justificatis.
781 1426 861 1483 Nunc
872 1430 899 1483 in
918 1429 960 1482 iru
1010 1430 1075 1484 tium
1091 1444 1146 1483 non
1163 1428 1253 1483 solum
1266 1428 1293 1482 in
1307 1442 1349 1495 se,
1363 1427 1504 1483 sedetiam
1530 1427 1558 1482 in
1581 1428 1643 1483 aliis
1655 1429 1803 1498 peronen-

173 1527 407 1585 consummetionis
418 1524 566 1589 emendati,
583 1532 609 1578 ct
624 1521 797 1593 pergratiam
813 1520 959 1576 illuminati
1010 1523 1083 1579 dam.
1096 1521 1159 1578 ideo

172 1624 254 1676 scient
287 1619 360 1691 qnod
388 1617 460 1674 sicut
484 1629 581 1670 omnes
603 1620 798 1685 peccaverunt,
823 1613 909 1668 iudaei
932 1621 960 1667 et
1051 1611 1733 1685 Venelli.ipsidiaperqeutursdmmdtrcuadarm.
1748 1614 1804 1686 ipsi

172 1715 295 1786 gentiles,
311 1712 348 1766 ita
361 1724 461 1766 onvncs
476 1716 556 1779 egent
573 1706 657 1777 gloria
673 1716 700 1762 et
714 1707 801 1779 gratia
820 1705 878 1773 liei,
895 1705 960 1775 quia
976 1695 997 1750 Β
1011 1707 1045 1762 ad
1060 1707 1112 1761 lroc
1123 1705 1211 1776 ipsum
1222 1705 1314 1761 idonei
1327 1704 1510 1778 dirperqentavr
1520 1706 1556 1759 ad
1573 1707 1804 1773 manducandam,

172 1809 243 1863 sieut
267 1806 421 1861 dominatur
437 1800 536 1868 Jacob,
558 1800 690 1856 salvando
710 1814 744 1855 ex
761 1799 890 1870 progenie
914 1796 961 1853 ia·
1011 1798 1038 1852 iti
1053 1797 1139 1853 estad
1155 1796 1224 1851 alios
1238 1795 1397 1861 lucrandos,
1412 1806 1440 1852 et
1464 1798 1492 1852 in
1511 1812 1613 1868 corpus
1625 1814 1709 1853 suum
1726 1800 1806 1870 traji-

171 1897 223 1952 cob
240 1911 310 1966 quos
326 1894 407 1957 vult,
426 1893 467 1948 sic
489 1892 572 1946 etiam
593 1889 747 1943 dominatur
765 1889 859 1958 linium
882 1898 960 1942 terre
1011 1889 1134 1945 ciendos.
1156 1885 1187 1944 Si
1209 1904 1268 1942 vero
1286 1904 1337 1942 nou
1365 1889 1462 1959 [mrim
1479 1891 1596 1944 saturati
1619 1889 1673 1946 fide
1689 1892 1807 1962 popule

172 1986 303 2043 salvando
322 1999 392 2056 quos
410 1983 479 2050 volt,
500 1997 554 2037 uon
575 1980 663 2036 solum
689 1982 716 2035 in
735 1980 811 2035 omni
827 1976 960 2035 iudaeaet
1011 1997 1083 2048 rum,
1095 1980 1477 2037 dolebuntetmurmumbuut
1489 1980 1804 2054 bominesincrepandn,

173 2078 306 2141 Saurania,
316 2076 362 2131 sed
372 2075 549 2144 etiamnsque
560 2073 594 2128 ad
606 2073 731 2128 ultimam
743 2080 833 2138 terrae,
844 2070 959 2127 audiens
1010 2073 1094 2129 licum
1110 2075 1281 2131 obsecrando
1300 2074 1344 2128 vel
1358 2075 1416 2130 sois
1431 2075 1520 2146 culpis
1536 2075 1710 2146 imputando,
1726 2079 1804 2147 quod

172 2177 198 2222 ct
212 2166 361 2225 exaudiens
382 2179 464 2220 voces
488 2179 503 2219 a
522 2164 623 2219 linibus
645 2173 724 2218 terrae
738 2162 772 2217 ad
788 2166 819 2218 se
837 2164 959 2218 claman-

173 2261 251 2323 tium,
269 2259 326 2314 sire
339 2256 495 2313 intimorum
509 2255 566 2311 sive
580 2253 774 2326 gentiliumde
788 2253 889 2324 quibus
899 2267 959 2308 om-

172 2353 253 2408 nibus
269 2367 323 2406 urta
339 2349 478 2422 perticitur
490 2347 622 2415 Ecclesia,
646 2347 690 2401 illa
708 2346 831 2401 videlicet
853 2346 957 2417 regium

171 2462 231 2517 qum
248 2444 322 2500 veuit
342 2460 357 2498 a
380 2441 480 2497 llnilms
498 2454 576 2495 torrae
590 2439 686 2495 audire
700 2439 861 2509 sapientiam
880 2437 958 2494 Salo·

170 2538 270 2594 tunnis.
285 2535 363 2592 Unde
379 2535 551 2606 jamdictum
570 2542 631 2589 estc
651 2531 796 2588 Evidenter
809 2534 892 2587 acient
909 2531 958 2588 lu-

170 2631 220 2687 daei
235 2632 267 2685 ad
282 2629 367 2685 lierrm
382 2628 518 2693 conversi,
533 2627 596 2698 quin
616 2626 688 2680 liena
708 2625 889 2680 dontinciitur
907 2624 957 2679 ln·

168 2724 226 2794 rob,
236 2735 262 2779 ct
280 2724 374 2794 tioium
385 2731 472 2778 terre.
491 2720 539 2776 Vel
558 2720 628 2775 licus
639 2718 722 2774 iacob
737 2721 795 2791 ipsc
808 2720 958 2776 doctrinabi-

170 2824 214 2871 ιιι
232 2815 326 2886 tiniam
346 2823 434 2880 terme,
452 2812 574 2868 onmium
595 2810 700 2866 babens
715 2826 821 2876 coram,
837 2826 907 2881 quos
927 2812 954 2867 in

169 2907 242 2963 muni
266 2915 345 2977 gente
365 2904 517 2976 prescivit,
538 2913 566 2958 ct
587 2903 791 2972 predestinavit
812 2902 846 2958 nd
870 2903 954 2958 vitam

1010 2181 1101 2222 sermo
1116 2168 1239 2238 ipsorum
1253 2183 1307 2222 non
1324 2167 1397 2237 capit
1422 2168 1449 2221 in
1473 2167 1655 2237 auditoribus,
1670 2171 1806 2241 qnodque

1010 2272 1063 2312 uon
1076 2259 1196 2313 sentiunt
1212 2266 1321 2328 optatos
1350 2259 1463 2313 effectus
1486 2260 1513 2314 in
1529 2261 1654 2316 doctrina
1665 2263 1806 2319 obeditio-

1008 2349 1064 2416 nis,
1082 2350 1109 2405 in
1125 2350 1253 2420 precibus
1264 2350 1457 2405 exauditionis.
1472 2350 1553 2407 'iales
1567 2357 1806 2411 murmurationes

1008 2440 1036 2494 in
1047 2440 1171 2496 ieremias
1177 2440 1430 2496 immutationibus
1437 2442 1551 2512 requirit
1560 2443 1804 2517 spirituspropbe-

1009 2531 1089 2589 ticos.
1106 2550 1117 2583 r
1131 2532 1212 2599 Quid,
1229 2552 1239 2585 ι
1253 2533 1352 2603 inquit,
1370 2550 1379 2584 t
1398 2537 1582 2590 murmuravit
1595 2537 1677 2591 bonto
1694 2538 1738 2592 vir
1753 2555 1804 2609 pro

1007 2632 1121 2696 peccato
1132 2626 1202 2680 suoi
1219 2623 1327 2693 (ibren.
1342 2640 1383 2691 ιιι,
1404 2624 1462 2694 59.)
1481 2645 1493 2677 ι
1508 2623 1612 2694 Virum,
1627 2628 1687 2683 sire
1709 2630 1803 2684 borni·

1008 2731 1082 2784 nem,
1106 2716 1134 2772 id
1157 2726 1199 2772 est
1212 2717 1366 2772 virtuosum
1390 2725 1418 2772 et
1442 2717 1601 2773 rationalem
1624 2729 1700 2775 recte
1725 2721 1804 2778 hnrrc

1007 2817 1240 2864 murmuratorem
1256 2810 1390 2875 nominat,
1405 2811 1453 2880 qui
1469 2824 1523 2865 non
1538 2819 1634 2866 eontra
1654 2811 1742 2867 ὓειιιιι
1768 2816 1804 2869 ad

1006 2911 1149 2973 peccatum
1174 2916 1226 2957 suo
1248 2918 1390 2958 murmure
1411 2905 1656 2974 augmentandum,
1675 2907 1723 2960 sed
1752 2923 1805 2977 pro

169 3001 287 3057 beatam.
1009 3003 1121 3065 peccato
1139 2996 1336 3052 suoabolendo
1355 3012 1528 3053 murmurare
1550 2999 1630 3053 dulce
1656 2999 1742 3054 balrct
1775 3002 1804 3055 iu

204 3087 271 3144 Nam
287 3087 444 3160 quicunque
462 3086 555 3140 talium
578 3101 632 3141 non
657 3092 855 3141 convertuntur
875 3101 956 3142 mane
1009 3089 1136 3157 precibus
1148 3098 1175 3144 et
1193 3088 1414 3145 confessionibus
1436 3090 1470 3144 ad
1498 3089 1595 3156 Deoua,
1623 3107 1677 3146 vion
1701 3104 1804 3148 contra

168 3178 210 3234 vel
234 3177 392 3234 meridie-ut
408 3175 522 3245 apostoli
539 3183 602 3230 ante
614 3190 743 3230 occasum
754 3174 826 3232 Solis
842 3175 957 3246 iustine
1007 3180 1103 3250 Deum,
1115 3183 1186 3239 sicut
1199 3184 1249 3249 illi,
1269 3185 1304 3239 de
1330 3185 1432 3255 quibus
1457 3184 1524 3240 dicit
1537 3185 1707 3257 Apostolus:
1725 3208 1736 3237 ι
1753 3187 1806 3241 tta.

168 3272 302 3342 adipsum
317 3269 454 3328 conversi.
471 3268 512 3323 vel
528 3269 609 3323 etiarn
628 3267 743 3337 gentiles
758 3268 807 3335 illi,
819 3269 867 3339 qui
879 3268 957 3324 dixe-
1006 3290 1060 3345 que
1072 3277 1321 3344 murmuraveritis,
1338 3278 1410 3334 sicut
1422 3278 1534 3348 quidam
1557 3295 1653 3334 eorum
1670 3296 1806 3336 murnac-

168 3371 232 3417 ront
244 3360 392 3430 Philippo:
411 3357 672 3414 ‹Volumnsiesum
688 3359 779 3414 videre
795 3357 886 3432 (que.
903 3377 953 3427 ¹¹¹.
1005 3376 1144 3437 caverunt,
1159 3377 1186 3424 et
1200 3384 1215 3423 a
1228 3369 1400 3439 serpentibus
1413 3370 1553 3440 perierunt
1565 3369 1591 3441 (l
1601 3369 1666 3426 Cor.
1677 3388 1707 3440 x,
1723 3374 1772 3444 to)
1790 3393 1802 3425 ι

166 3454 223 3525 ut),
241 3473 250 3504 ι
271 3462 352 3523 atque
374 3452 420 3506 illa
438 3449 640 3505 Cbnuanaeavle
661 3449 714 3505 tide
734 3465 832 3522 magua
852 3451 956 3507 collan-
1006 3458 1177 3532 litlloyses:
1196 3478 1205 3512 ι
1223 3458 1296 3528 Νοι,
1315 3461 1438 3531 ιιιιιμιιι,
1455 3471 1694 3519 ‹contrariosest
1723 3479 1806 3522 mare

166 3547 240 3613 data,
258 3562 306 3601 seu
321 3544 366 3600 ille
378 3544 513 3610 centurio,
530 3544 611 3615 cujus
624 3541 704 3599 lldcm
719 3541 853 3599 Dominus
863 3544 954 3599 admi·
1005 3565 1067 3603 mur
1080 3560 1211 3613 vestrum.
1225 3551 1273 3606 sed
1287 3560 1380 3606 contra
1396 3551 1658 3625 Dominurnldrud.
1670 3571 1731 3622 xm,
1741 3556 1801 3624 iii.»

166 3647 243 3695 ratus
257 3637 336 3704 dixit,
350 3651 405 3692 uon
422 3651 452 3691 sc
464 3636 601 3692 invenisse
620 3643 721 3692 tantmn
733 3636 813 3691 iidem
827 3636 854 3690 iu
870 3634 953 3692 lsrael
1004 3641 1221 3698 llnrmurarcrat
1235 3646 1306 3698 enim
1322 3644 1441 3714 populns
1460 3645 1682 3716 indisciplinatus
1698 3659 1802 3706 contra

167 3730 276 3804 (ιιιιιιι.
292 3745 351 3796 ιιιι,
364 3728 421 3801 ιι),
435 3727 475 3783 illi
494 3728 590 3783 saltem
1004 3733 1114 3806 lloyseu
1126 3735 1252 3791 ctiaron
1263 3747 1373 3806 propter
1387 3735 1524 3793 delectum
1542 3755 1620 3809 aquae
1633 3741 1660 3795 iu
1671 3742 1799 3810 deserto,

200 3815 285 3879 inus.
300 3821 345 3878 15.
366 3820 755 3891 Convertunturndmspcram,
772 3819 798 3874 id
813 3830 865 3886 est,
879 3834 952 3888 sero,
1003 3841 1087 3896 quam
1102 3842 1166 3882 cum
1192 3828 1267 3883 nulla
1290 3828 1410 3884 hnmana
1435 3831 1571 3885 industria
1595 3831 1634 3886 iili
1652 3837 1804 3902 potuerint

166 3924 354 3987 postmortem
366 3912 485 3981 Domini,
507 3927 560 3983 qua
581 3913 640 3983 ipse
656 3912 703 3967 Sol
716 3927 798 3967 verus
809 3912 949 3979 occubuit,
1003 3916 1115 3985 babere,
1130 3933 1185 3973 noo
1197 3927 1292 3976 eontra
1316 3935 1347 3976 se
1369 3920 1422 3976 luit
1438 3937 1563 3978 murmur
1575 3925 1653 3991 illud,
1669 3929 1719 3982 sed
1733 3943 1801 3983 ceu·

165 4007 212 4080 qui
223 4009 305 4063 etiam
316 4021 399 4078 super
411 4020 540 4062 occasum
556 4005 697 4061 ascendit:
717 4004 761 4061 vel
782 4006 907 4073 sero,ch
923 4006 952 4062 iu
1003 4018 1045 4065 tra
1058 4009 1213 4067 bominum.
1227 4010 1299 4068 Sane
1311 4013 1357 4068 ubi
1368 4014 1541 4083 prelatorum
1556 4017 1691 4073 industria
1701 4035 1802 4074 mum·

164 4099 219 4156 ιιι
233 4099 336 4166 saecuti,
357 4099 469 4170 quando
483 4098 609 4169 ingressa
629 4096 687 4169 jam
707 4097 952 4169 plenitudineqen·
1002 4101 1068 4157 dare
1081 4110 1169 4172 potest
1180 4113 1207 4159 et
1219 4103 1311 4172 debet,
1332 4104 1493 4175 hujusmodi
1511 4108 1654 4177 penuriam
1683 4110 1729 4165 rel
1752 4111 1802 4165 in·

165 4191 232 4249 tium
247 4199 441 4248 convertentur
453 4189 535 4245 etiam
548 4188 671 4260 reliquiae
684 4186 852 4244 iudaeorum.
1002 4192 1118 4260 curiam,
1133 4194 1167 4251 de
1183 4210 1238 4266 qua
1255 4210 1429 4253 murmurare
1442 4197 1544 4254 babent
1553 4199 1683 4268 subiecti,
1698 4219 1800 4261 revera

199 4282 285 4337 Aliter
310 4297 318 4338 :
341 4279 530 4336 convertentur
554 4280 589 4333 od
621 4281 764 4349 vesperam,
790 4279 818 4336 id
838 4281 950 4350 estqui
1001 4285 1183 4356 contraipsos
1197 4287 1380 4357 praelatmest
1403 4303 1529 4344 murmur
1549 4290 1799 4360 subjectorum,si

164 4389 255 4442 mane,
273 4373 301 4429 id
324 4381 366 4429 est
384 4372 413 4428 in
431 4372 626 4437 adolescentia,
650 4387 713 4427 cnm
738 4373 875 4443 perversis
888 4388 951 4443 per·
966 4387 1050 4449 npro
1059 4393 1140 4450 posse
1154 4395 1206 4436 suo
1214 4397 1268 4436 non
1280 4382 1452 4438 satislaciunt
1464 4384 1675 4441 necessitatibus
1684 4402 1799 4444 corun.

163 4465 236 4520 versi
263 4473 351 4530 erant,
379 4463 431 4534 ipsi
466 4473 530 4533 post
555 4462 751 4533 multiplicatas
776 4463 950 4523 infirmitates
1001 4467 1080 4525 Unde
1104 4471 1132 4526 in
1156 4471 1271 4528 Actibus
1295 4474 1568 4546 apostolorum,cum
1596 4477 1701 4535 iactum
1724 4495 1799 4538 esset

163 4571 229 4614 suat
246 4557 334 4627 magia
349 4555 383 4611 ad
396 4554 483 4610 Deum
499 4555 622 4611 converti
645 4555 800 4613 accelerant
819 4556 949 4615 inclinata
1000 4576 1126 4617 murmur
1139 4560 1298 4618 Graecorum
1328 4566 1461 4623 adversus
1488 4565 1628 4636 Hebraeos,
1659 4585 1694 4625 eo
1722 4575 1797 4644 quel

160 4649 217 4721 jam
232 4648 287 4718 dic,
300 4648 353 4704 boc
363 4657 415 4715 est,
428 4647 575 4704 obscurata
588 4648 616 4703 iu
628 4647 669 4705 eis
681 4648 742 4705 luce
753 4650 876 4721 iustitia.
893 4650 950 4707 Ta·
1000 4667 1054 4707 rrou
1070 4654 1139 4709 bene
1162 4667 1375 4725 procurarentur
1400 4658 1427 4712 in
1454 4658 1608 4716 ministerio
1628 4665 1799 4731 quotidiano

162 4741 202 4798 les
228 4741 301 4796 enim
326 4740 437 4796 Cbristo
459 4741 554 4797 dicunt
570 4758 577 4795 :
594 4740 697 4797 allam
721 4742 876 4810 nobiseum,
893 4743 949 4800 llo·
999 4745 1088 4801 viduae
1106 4761 1213 4815 eorum,
1240 4760 1422 4806 conmeantes
1445 4752 1561 4821 apostoli
1585 4754 1796 4812 multitudine·

161 4833 247 4901 smne,
262 4834 390 4904 quoniam
403 4833 606 4903 advesperascit
621 4831 698 4903 (duc.
712 4850 765 4902 mv,
778 4834 837 4905 29),
855 4854 865 4888 ι
881 4837 947 4893 acsi
998 4837 1174 4893 reddiderunt
1190 4854 1239 4909 pro
1255 4843 1411 4911 semetipsis
1434 4844 1523 4912 primo
1552 4846 1703 4912 rationem,
1721 4852 1796 4921 quod

160 4925 253 4982 dicant
268 4944 276 4980 t
292 4925 370 4980 Mane
384 4925 541 4993 nobiscum,
559 4934 588 4980 tu
603 4934 700 4981 auctor
710 4935 738 4982 et
760 4928 872 4999 largitor
886 4943 948 5001 gra·
998 4945 1053 4986 non
1068 4939 1142 4987 esset
1160 4930 1278 4987 officium
1289 4948 1385 4989 corum
1397 4934 1528 4991 derelicto
1545 4938 1705 4993 ministerio
1719 4941 1798 4999 verbi

161 5018 236 5073 tuitae
248 5016 361 5088 iustitiae
373 5028 437 5083 tue,
452 5032 514 5087 que
528 5032 667 5087 nunqnam
691 5018 863 5083 tenebrescit,
878 5033 948 5089 uuo·
997 5025 1156 5080 ministrare
1180 5025 1295 5093 mensis,
1322 5041 1354 5081 ac
1375 5027 1436 5082 dein
1457 5028 1574 5085 consilio
1605 5033 1799 5092 munimini·

159 5110 233 5167 niam
246 5125 342 5166 ornnes
356 5110 470 5181 justitiae
488 5117 590 5164 nostrae
604 5124 619 5164 a
634 5117 660 5163 tc
674 5124 723 5179 pro
738 5109 825 5164 nibilo
845 5124 948 5181 coquo·
997 5116 1193 5171 ordinaverunt
1205 5124 1308 5186 septem
1324 5118 1457 5173 diaconos
1478 5120 1505 5173 in
1519 5120 1572 5176 boc
1588 5135 1662 5196 optas
1672 5126 1799 5194 cletus,

161 5211 275 5257 scantur
289 5201 430 5269 habende,
443 5200 466 5257 si
480 5216 496 5256 a
511 5209 538 5257 te
554 5200 713 5273 judicentur
727 5201 832 5274 absque
856 5202 947 5257 indul·
997 5223 1114 5279 quorum
1130 5210 1284 5279 praecipuus
1311 5222 1496 5284 protomartyr
1520 5213 1678 5286 Stephanus
1693 5217 1804 5290 legire

158 5293 254 5366 gemite
266 5294 452 5350 miseratione.
997 5304 1094 5373 plenus
1112 5303 1165 5358 lide
1175 5312 1202 5358 ct
1214 5304 1317 5374 Spiritu
1330 5315 1437 5372 sancto,
1460 5318 1487 5362 ct
1506 5323 1578 5364 unus
1606 5323 1644 5364 ex
1667 5310 1731 5372 iilis
1743 5323 1810 5384 p-

192 5384 245 5451 Qut
262 5386 353 5441 taliter
376 5395 570 5442 convertentur
594 5386 628 5441 ad
654 5400 808 5456 vesperam,
830 5386 881 5457 ipsi
902 5389 947 5458 fo·
996 5405 1054 5450 stoa
1082 5396 1243 5466 reprobatus
1260 5407 1313 5454 cst.
1341 5397 1412 5467 (Act.
1441 5415 1479 5465 ιι,
1493 5399 1505 5454 l
1521 5407 1546 5455 ct
1568 5399 1663 5480 seqq.)
1680 5399 1809 5476 Q*

157 5494 224 5532 mem
243 5479 387 5547 patiemur,
401 5480 500 5535 sivent
521 5482 549 5533 in
574 5477 688 5535 ilebraen
710 5477 831 5549 legitur,
856 5479 944 5536 latru-
996 5487 1079 5557 gestis
1092 5487 1236 5544 umrrilcstc
1256 5488 1338 5544 datur
1351 5490 1477 5562 intelligi,
1497 5491 1570 5562 quod
1588 5487 1813 5584 ἐκμ-

158 5565 222 5620 imit
236 5576 265 5619 ut
278 5584 367 5631 curres,
384 5571 537 5640 reputando
550 5569 719 5627 interresse
737 5572 893 5630 immundos
914 5585 944 5629 m
995 5587 1068 5632 nate
1081 5578 1325 5645 murmurationes,
1340 5595 1402 5650 qnae
1416 5590 1509 5636 contra
1536 5567 1732 5658 1)me

157 5672 245 5723 curres,
261 5660 397 5714 ueletiam
411 5661 445 5717 de
457 5674 555 5719 cetero
577 5663 733 5721 tidelitatcm
757 5666 901 5737 servando,
914 5677 944 5722 ut
994 5668 1144 5738 primcudae
1154 5669 1196 5724 vel
1211 5670 1293 5726 etiam
1319 5673 1524 5732 contemnende
1537 5681 1602 5730 suut
1619 5583 1816 5908 ᾖ
