3817 6000
152 216 203 275 iil
618 214 773 273 caudent
789 216 868 273 CAN.
890 217 970 275 ufic.
991 219 1021 275 5.
1041 216 1201 276 llclbllts
1218 217 1329 274 rabis.
1725 224 1778 281 152

150 333 365 406 concupiscitur,
377 342 507 404 pensetur
518 331 586 404 quid
600 331 636 388 sil
647 331 793 400 exanimis,
816 342 844 388 et
860 332 940 388 inlel-
955 344 978 398 g
992 351 1026 391 er
1038 333 1183 406 putredine
1209 350 1257 406 per
1275 334 1444 390 nativitatem
1462 334 1546 391 venit.
1563 334 1615 402 Qui
1634 344 1727 395 autem
1744 338 1780 397 li·

151 429 245 501 ligitur
257 426 321 499 quid
332 434 450 480 amatur.
472 422 517 479 Nil
532 424 635 495 quippe
650 423 691 479 sic
705 423 738 478 ad
755 423 939 479 010010010οι
991 426 1045 483 lius
1059 435 1103 482 est
1115 425 1246 493 hominis,
1261 426 1363 483 vermis
1376 425 1487 495 dieitur,
1502 427 1634 499 quiriani
1647 444 1681 486 er
1703 447 1780 489 utur-

150 519 352 577 desideriorum
377 516 530 573 carnalium
557 514 708 585 appetitum
736 514 824 582 volet,
856 529 939 585 quant
991 518 1086 573 talium
1099 531 1245 590 corporum
1269 519 1444 588 comuptioue
1455 529 1631 591 propagatur.

152 610 344 681 unusquisque
356 608 409 664 boe
421 607 494 679 quod
508 606 601 662 vivunt
613 605 713 679 diligit,
725 607 806 677 quale
818 607 854 662 sit
864 621 941 662 mor·
1026 609 1101 682 (sub)
1120 608 1259 666 lermium
1275 610 1386 666 nontine
1402 611 1580 680 cogitationes
1593 613 1722 686 inquietae
1732 615 1782 672 de·

153 713 230 759 tuum
246 709 349 773 penset.
372 698 552 755 Considerata
574 697 674 754 etenim
687 699 860 770 corruptione
881 713 941 754 car-
992 701 1146 772 signantur,
1157 701 1228 757 sicut
1243 716 1292 772 per
1305 701 1415 757 beatum
1435 699 1487 759 lob
1500 702 1602 760 dicitur
1619 703 1781 762 :Putredini

152 796 220 861 oali,
235 795 318 851 citius
329 791 516 863 cognoscitur,
529 791 595 862 quia
606 805 669 847 cum
686 789 780 846 illicite
795 805 862 846 caro
875 805 941 847 con·
992 790 1050 846 diei
1061 806 1071 846 :
1084 790 1168 847 Peter
1184 808 1257 847 meus
1275 809 1313 859 es,
1325 802 1411 847 muter
1425 809 1493 861 rnen,
1512 803 1538 848 et
1550 811 1627 850 soror
1649 813 1707 852 nnec
1723 814 1782 852 ner·

153 886 316 958 cupiscitur,
342 884 420 941 tabes
443 893 565 939 amatur.
579 881 729 954 Beueergo
747 882 780 937 de
807 880 943 940 luxuriosi
993 884 1079 939 nribus
1096 883 1156 957 (lod
1171 887 1303 955 lucil).
1315 885 1386 953 Quid
1400 895 1444 942 est
1455 888 1528 958 quod
1539 887 1620 958 dixit,
1631 890 1781 959 putredini,

153 978 361 1045 mentedicilur,
375 977 579 1062 Drlceduillius
598 977 703 1046 neemia,
716 977 781 1048 quia
801 977 887 1049 isqui
914 978 942 1033 10
993 986 1153 1049 putermeue
1167 995 1206 1046 es,
1233 978 1285 1034 nisi
1298 979 1372 1051 quod
1397 980 1490 1036 omnis
1510 980 1592 1037 bomo
1614 982 1649 1037 ab
1674 982 1783 1053 origine

153 1071 288 1130 desiderio
300 1071 418 1128 earnalis
428 1070 612 1141 corruptionis
630 1077 773 1135 exaestuat,
784 1068 818 1125 ad
830 1066 943 1125 fetorem
992 1070 1049 1141 jam
1064 1068 1158 1125 vitiata
1172 1069 1332 1126 descendit?
1348 1069 1423 1128 Unde
1432 1078 1461 1128 el
1474 1071 1596 1141 additur,
1612 1084 1699 1130 neuter
1710 1091 1780 1144 rnre,

153 1165 307 1237 putredinis
321 1163 442 1219 anhelat.
994 1170 1020 1216 et
1031 1176 1173 1217 eorornneo
1185 1160 1326 1230 vermibus,
1343 1161 1408 1233 qula
1422 1161 1551 1221 uidelicet
1560 1164 1596 1220 ab
1608 1164 1668 1236 ipsa
1684 1174 1781 1237 putre-

190 1255 264 1326 (208)
288 1255 395 1312 Vernus
423 1254 534 1310 rromirre
562 1253 682 1309 bominis
706 1250 851 1323 progenies
872 1248 946 1307 desf-
994 1251 1096 1309 diueet
1108 1269 1171 1309 eum
1187 1253 1244 1324 ipsa
1258 1254 1285 1309 iu
1301 1255 1374 1311 hune
1389 1256 1521 1311 muudum
1532 1257 1669 1314 venimus.
1685 1256 1783 1324 Quan-

154 1358 255 1421 gnatur
267 1348 339 1403 sicut
353 1348 381 1401 iu
397 1347 467 1403 libro
483 1345 553 1402 beati
568 1344 619 1402 lob
643 1360 692 1416 per
704 1342 805 1399 llaldad
821 1341 943 1399 dicitur:
995 1350 1054 1398 tum
1072 1343 1106 1398 ad
1120 1343 1263 1398 materiam
1278 1344 1379 1415 quippe
1391 1346 1579 1416 corruptibilis
1600 1346 1705 1413 carnis,
1720 1362 1781 1402 ma·

155 1441 224 1497 Eece
236 1441 300 1496 lune
313 1457 365 1495 non
381 1439 510 1511 splendet,
521 1447 547 1493 et
558 1436 643 1494 stellrc
655 1454 706 1493 non
721 1446 781 1492 sunt
794 1437 900 1491 ntundoe
917 1436 946 1491 in
996 1442 1038 1490 ter
1049 1443 1141 1489 nostra
1156 1443 1183 1489 et
1204 1449 1283 1490 soror
1298 1450 1405 1491 uermes
1424 1444 1498 1503 sulit,
1525 1436 1589 1507 quia
1603 1445 1631 1493 el
1643 1437 1677 1493 de
1688 1447 1784 1509 putre·

154 1540 295 1601 conspectu
310 1529 376 1598 ejus.
393 1526 499 1594 Quanto
512 1527 597 1598 ntnqis
612 1526 688 1580 lonso
700 1526 822 1596 putredo,
836 1538 861 1581 et
873 1526 946 1587 nlius
996 1526 1059 1582 diue
1071 1528 1266 1599 processimus,
1281 1537 1309 1584 et
1322 1543 1386 1584 eum
1401 1529 1546 1599 putredine
1560 1531 1686 1587 venimus
1698 1546 1782 1603 quatu

155 1622 269 1677 leontinis
285 1620 399 1676 oerrndsl
418 1619 480 1690 (101
489 1616 678 1689 mustuole
689 1619 762 1674 euim
774 1633 823 1689 per
839 1616 944 1686 iuuant,
997 1629 1149 1691 portamus.
1169 1619 1281 1688 Quodsi
1295 1622 1408 1694 intelligi
1424 1621 1603 1693 spiritualiter
1628 1632 1728 1695 potest,
1755 1632 1785 1680 et

156 1714 210 1772 nisi
226 1724 324 1770 cuncta
348 1713 430 1768 simul
454 1709 586 1777 lutecia,
602 1709 668 1782 quid
690 1725 739 1781 per
762 1709 866 1778 stellas,
888 1708 943 1766 nisi
959 1684 981 1740 B
996 1722 1083 1768 mater
1107 1722 1215 1779 natura,
1239 1723 1267 1769 et
1290 1715 1461 1769 corrsuctudo
1475 1731 1528 1771 non
1544 1716 1680 1772 immerito
1703 1732 1784 1772 soror

156 1804 327 1875 singulorum
347 1803 416 1857 bene
443 1801 595 1857 virentium
622 1799 721 1856 animas
743 1799 946 1872 designanturl
996 1805 1199 1875 uocatur,qula
1216 1805 1386 1863 abillaeum
1402 1806 1453 1862 ista
1469 1822 1574 1864 sumus.
1608 1806 1784 1874 Quaeuideli·

156 1895 235 1951 1.οιιο
249 1910 315 1967 ergo
330 1908 384 1949 uon
396 1892 530 1964 splendet,
545 1903 574 1947 et
584 1891 668 1948 stelle
685 1906 740 1947 000
762 1891 945 1948 suntmundae
996 1905 1041 1953 oet
1051 1905 1176 1952 maturet
1185 1912 1265 1953 soror
1279 1913 1386 1953 vermes
1396 1907 1472 1966 sunt,
1487 1899 1552 1969 quia
1568 1910 1707 1955 erratura
1717 1916 1782 1957 cor-

156 1989 184 2045 in
196 1997 346 2061 conspectu
358 1988 438 2059 ejus,
456 1986 521 2059 quia
536 2002 588 2043 nec
599 1994 695 2041 saneta
713 1984 834 2042 Ecclesia
846 1984 947 2043 virtute
997 1989 1121 2059 ruptibili
1150 1999 1178 2047 el
1205 1989 1404 2047 consuetudine
1434 2006 1563 2062 peruersa
1586 1992 1724 2064 cogimur,
1751 2002 1784 2048 ut

156 2083 278 2157 propria,
293 2088 334 2137 tot
350 2079 491 2135 miraculis
502 2077 612 2146 emicat,
625 2075 679 2134 uisi
699 2075 772 2132 franc
783 2075 946 2148 prevenien-
997 2080 1251 2154 quasiquibusdam
1263 2083 1452 2140 vermibussic
1467 2084 1598 2156 inquietis
1611 2084 1785 2156 cogitationi·

157 2178 193 2233 tis
207 2175 302 2247 gratiae
329 2173 400 2228 doura
415 2169 600 2243 perfundaul;
619 2184 669 2226 uec
683 2169 854 2242 singulorum
877 2168 947 2225 bene
998 2174 1050 2231 bus
1062 2175 1089 2231 iu
1105 2184 1194 2230 mente
1209 2174 1365 2246 fatigemur.
1382 2175 1479 2232 Carnis
1492 2176 1566 2231 enim
1576 2186 1674 2232 notura
1688 2176 1785 2234 vitiata

158 2267 307 2323 uiuentium
333 2274 438 2321 rnerrtes
461 2278 478 2318 a
500 2270 673 2334 peccatorum
696 2262 816 2318 maculis
838 2263 948 2319 munde
997 2276 1025 2323 et
1038 2267 1208 2323 consuetudo
1228 2282 1365 2338 peruersa,
1382 2268 1542 2325 inenumeras
1555 2284 1638 2326 curas
1651 2270 1679 2325 iu
1700 2270 1786 2327 corde

157 2368 233 2427 surrt,
251 2358 274 2414 si
299 2365 405 2412 remota
429 2355 530 2426 pietate
539 2354 710 2424 judicentur,
733 2352 800 2424 quia
817 2354 889 2425 apud
904 2354 947 2408 di·
997 2357 1164 2414 infirmitatis
1181 2366 1282 2414 nostrae
1295 2368 1437 2430 generant,
1463 2361 1532 2416 bene
1549 2372 1636 2416 mater
1662 2370 1690 2417 et
1705 2377 1784 2419 soror

157 2448 528 2521 strietijudicisoculossua
544 2458 768 2516 unumquemque
783 2445 947 2517 corruptibi-
998 2463 1104 2506 serenes
1129 2448 1209 2524 184
1229 2460 1371 2507 rorantur.
1397 2450 1522 2508 llordent
1545 2451 1667 2508 animum
1699 2469 1785 2523 curae,

157 2550 221 2606 litus
246 2549 383 2620 inquinat,
409 2546 463 2602 nisi
478 2546 552 2601 bunc
566 2542 689 2615 quotidie
707 2542 793 2617 gratia
810 2542 947 2615 parcentis
996 2540 1063 2599 duur
1075 2542 1238 2614 inquietant.
1259 2540 1320 2597 Non
1332 2543 1404 2599 enim
1415 2552 1526 2599 cessant
1535 2542 1603 2614 justi
1615 2544 1666 2601 riri
1674 2545 1715 2601 rel
1730 2547 1786 2602 sul·

157 2647 254 2711 tergat.
262 2637 415 2695 Electorum
426 2636 528 2709 quippe
538 2648 616 2691 mens
628 2631 739 2705 prodire
749 2632 783 2689 ad
794 2633 946 2691 libertatem
996 2631 1071 2690 licite
1088 2634 1207 2706 cogitare
1216 2642 1244 2691 01
1256 2644 1424 2706 pertractare
1435 2633 1501 2705 quid
1515 2644 1607 2706 agant,
1619 2635 1661 2692 rel
1669 2635 1785 2707 provide

153 2732 269 2803 justitiae
289 2731 398 2800 nititur,
415 2729 464 2786 sed
476 2729 567 2786 adbuc
576 2726 708 2799 compede
718 2726 885 2784 infirmitatis
904 2735 947 2783 te·
998 2724 1134 2807 inspicere
1172 2741 1228 2797 quo
1261 2735 1324 2798 post
1358 2735 1519 2797 praesentem
1551 2727 1635 2783 ritem
1666 2728 1783 2785 ducendi

157 2834 250 2892 netur,
265 2833 292 2880 et
302 2825 398 2895 culpas
408 2823 518 2895 quidem
530 2821 658 2893 subigere
669 2819 787 2891 perfecte
800 2819 946 2887 desiderat,
997 2816 1062 2873 sint.

159 2916 207 2972 sed
222 2930 367 2987 quousque
381 2912 558 2984 corruptione
572 2911 666 2968 carnis
689 2909 861 2983 astringitur,
887 2909 948 2980 ejus
1032 2907 1106 2981 (alu)
1124 2906 1265 2965 vermium
1278 2909 1390 2967 nomine
1404 2925 1479 2967 curae
1496 2904 1621 2967 carnales
1638 2910 1787 2984 designan-

157 3007 288 3075 rinculis,
304 3009 386 3064 etiam
406 3024 469 3064 cum
490 3022 545 3061 000
557 3005 626 3074 uult,
641 3003 755 3076 ligatur.
772 3002 843 3059 11100
854 3003 947 3075 itaque
960 3030 984 3092 c
998 3012 1054 3069 tur,
1065 3003 1137 3060 sicut
1148 3018 1197 3074 per
1209 3004 1318 3061 beatum
1332 3003 1385 3061 1011
1399 3004 1500 3062 dicitur
1517 3023 1524 3060 :
1542 3003 1598 3061 frte
1620 3007 1734 3060 moriter
1744 3022 1787 3060 ro·

161 3103 280 3176 colligat,
296 3112 400 3174 quanto
413 3110 587 3172 peccatorum
608 3096 730 3170 pondere
752 3096 842 3168 pressi
871 3105 946 3163 sunt,
999 3096 1091 3152 duetus
1116 3105 1141 3151 et
1164 3112 1256 3164 mnus,
1280 3098 1352 3154 dines
1368 3098 1480 3169 etlelie.
1501 3096 1608 3153 fircera
1629 3096 1687 3168 ejas
1707 3097 1786 3170 plene

157 3197 205 3267 qui
223 3203 317 3251 contra
341 3195 399 3250 baec
419 3192 559 3249 decertare
582 3189 734 3263 negligunt,
750 3187 773 3244 si
786 3187 866 3258 plene
889 3188 948 3244 eul-
998 3200 1061 3246 sunt
1075 3191 1162 3261 adipe,
1179 3199 1205 3245 et
1221 3189 1345 3246 medullis
1362 3206 1424 3247 orsu
1447 3190 1522 3246 illius
1537 3190 1696 3262 irrigentur.
1708 3190 1786 3246 dlirn

157 3305 222 3362 paru
245 3303 295 3345 nec
310 3288 349 3343 illi
370 3295 500 3357 superant
513 3284 561 3356 qui
575 3291 672 3341 eontra
686 3283 759 3338 banc
772 3281 875 3337 utiliter
897 3296 948 3352 pu·
999 3300 1058 3339 nero
1073 3284 1187 3339 moritur
1199 3283 1228 3337 in
1242 3283 1421 3339 amaritudine
1431 3284 1528 3340 enine
1539 3300 1596 3340 sure
1605 3284 1702 3355 nisque
1721 3283 1786 3339 ullis

158 3391 254 3455 gnant.
271 3378 349 3436 Unde
374 3386 402 3435 et
418 3388 564 3450 postquam
584 3376 690 3433 dictum
715 3383 768 3441 est,
793 3388 852 3429 eece
881 3375 947 3428 luna
999 3377 1102 3448 opibus.
1124 3375 1348 3434 Ettdnrsnsinnul
1364 3377 1494 3433 dormient
1513 3379 1542 3434 in
1557 3377 1673 3449 puluere,
1691 3389 1716 3433 et
1730 3396 1789 3435 ner·

158 3491 212 3532 non
224 3472 352 3545 splendet,
366 3480 391 3526 et
406 3469 491 3526 stelle
502 3486 555 3525 non
568 3477 630 3524 sunt
644 3465 750 3522 murtdoe
770 3465 800 3519 in
810 3472 948 3535 conspeetu
999 3486 1052 3525 mer
1063 3471 1179 3542 operient
1190 3487 1234 3526 eos
1247 3468 1308 3540 (101
1330 3487 1389 3539 rtr,
1403 3469 1521 3544 0001).
1542 3469 1599 3527 1100
1617 3471 1641 3527 si
1655 3472 1718 3542 quis
1729 3469 1787 3529 for·

157 3567 226 3639 ejus,
243 3565 368 3637 protinus
383 3563 519 3629 subditur,
543 3570 641 3634 quanto
658 3559 743 3631 nugis
768 3558 845 3612 bomo
859 3566 949 3628 putre·
1000 3562 1071 3618 sitan
1086 3562 1211 3634 accipere
1220 3576 1269 3633 per
1282 3562 1442 3635 allegoriam
1456 3563 1532 3631 velit,
1546 3562 1656 3633 explere
1668 3563 1787 3619 breuiter

159 3659 205 3727 do,
217 3669 242 3714 et
255 3658 328 3729 lilius
342 3655 455 3710 bominis
471 3654 589 3709 uraris?
602 3652 641 3708 Ac
652 3652 675 3708 si
690 3660 781 3723 aperte
791 3648 947 3706 diceretur:
1000 3668 1158 3725 possumus.
1178 3650 1285 3710 [licitur
1307 3668 1427 3725 uamque
1442 3653 1477 3709 de
1495 3652 1592 3724 iniquo
1618 3653 1721 3710 divise:
1741 3651 1787 3707 γε.

164 3749 194 3807 Si
207 3750 259 3822 ipsi
281 3763 392 3822 quoque
405 3761 467 3803 esse
480 3745 540 3802 sine
563 3741 691 3816 rotumgio
702 3757 758 3798 uon
773 3740 877 3810 valent,
900 3737 949 3811 qui
999 3762 1075 3801 earn
1085 3745 1143 3816 ejus
1154 3745 1233 3817 plena
1251 3754 1313 3801 supr
1325 3744 1411 3816 adep,
1430 3742 1551 3802 sicum
1563 3744 1713 3801 abundanti
1725 3744 1788 3800 cibo

160 3843 236 3901 fuller
254 3842 316 3898 vilae
340 3838 483 3912 praesenlis
508 3838 637 3895 1011011108
670 3834 818 3893 villulibtts
845 3834 948 3903 11100111,
999 3840 1095 3911 adeps,
1111 3838 1149 3894 ila
1162 3836 1482 3894 exabundantiaremm
1497 3836 1633 3907 superbire
1651 3835 1785 3902 nascitur,

160 3926 951 4007 0000100001οΜ101001011001001011000000101-
1000 3947 1063 4003 quas
1080 3929 1233 4003 impinguat
1255 3940 1373 3986 mentem
1398 3930 1491 3986 divitis
1502 3929 1567 3985 duur
1588 3929 1709 3984 elevatur
1724 3928 1786 3983 ani-

163 4029 219 4084 lruc
227 4025 375 4084 carnaliter
386 4025 501 4082 riruotl
525 4023 555 4081 Si
574 4031 714 4095 apecceto
728 4021 806 4077 liberi
821 4035 884 4076 esse
899 4035 950 4075 ue·
1000 4038 1063 4079 mus
1084 4021 1279 4093 superbientis.
1309 4020 1443 4093 Superbia
1469 4021 1570 4093 quippe
1589 4019 1681 4077 cordis
1705 4019 1788 4091 quasi

164 4128 270 4191 queunt
282 4117 329 4190 qui
338 4117 396 4188 ianr
418 4116 445 4172 in
458 4114 617 4172 coelestibus
627 4110 772 4169 desideriis
782 4124 949 4166 conversan·
1000 4114 1125 4186 quaenam
1139 4112 1276 4186 pinguedo
1288 4123 1330 4170 est
1341 4113 1542 4171 crassitudinis.
1564 4111 1641 4169 Unde
1655 4111 1719 4183 quia
1730 4112 1788 4184 ple.

164 4222 219 4278 tur,
234 4226 296 4283 quae
318 4217 492 4281 peecatorum
518 4205 638 4277 pondera
664 4201 781 4259 tolerant
796 4201 844 4272 qul
857 4197 949 4256 earnis
1000 4205 1122 4276 rlqueer
1135 4204 1305 4261 abundantia
1317 4215 1429 4276 peccata
1453 4212 1620 4276 perpetrant,
1647 4219 1695 4275 per
1720 4202 1789 4261 Pro-

161 4319 220 4361 suae
244 4301 432 4372 uoluptatibus
454 4297 537 4355 dediti
568 4296 659 4352 adlrue
679 4293 832 4366 putredinis
851 4293 948 4366 jugum
1000 4297 1111 4369 phetam
1123 4295 1224 4353 dieitur
1242 4295 1367 4351 :Prodiit
1379 4298 1456 4367 quusi
1467 4312 1501 4351 es
1515 4296 1594 4367 adipe
1606 4296 1789 4366 iniquitoseo·

163 4395 291 4469 portanti
308 4391 378 4449 lliuc
396 4391 495 4448 Petrus
506 4389 546 4445 ait
562 4408 568 4443 :
582 4386 709 4459 Sijurtus
730 4387 775 4440 nie
788 4385 948 4453 sulcabitur,
964 4370 988 4427 ⁰
1002 4404 1062 4443 run
1081 4386 1169 4460 (Puel.
1188 4403 1275 4455 urrrr,
1298 4386 1336 4457 l).
1361 4387 1507 4444 Amatores
1530 4397 1621 4446 autem
1638 4387 1722 4458 liujus
1737 4402 1789 4443 sae·

163 4485 259 4557 impius
273 4493 297 4538 et
318 4491 440 4553 peccator
465 4479 510 4535 udi
529 4477 682 4550 perclsus?
708 4475 735 4548 (1
760 4475 820 4531 Pet.
836 4490 872 4542 tv,
891 4474 949 4546 18.)
1001 4482 1056 4539 culi
1068 4483 1149 4554 quasi
1164 4496 1227 4537 ossa
1239 4480 1349 4548 habeut,
1360 4480 1425 4551 quia
1438 4481 1465 4535 in
1479 4480 1531 4537 boc
1547 4478 1651 4535 mundo
1676 4478 1788 4537 formu.

161 4576 316 4634 Notandum
332 4590 398 4631 uero
412 4574 441 4630 iu
454 4587 582 4630 sermone
603 4586 656 4628 suo
670 4580 804 4636 duantum
831 4567 946 4625 Beldalh
1000 4574 1093 4631 dinem
1103 4574 1265 4646 dignitatum
1282 4572 1431 4645 possident.
1449 4571 1502 4629 Sed
1517 4573 1541 4628 si
1560 4573 1588 4628 in
1603 4572 1733 4628 exteriori
1745 4571 1788 4627 di-

162 4669 288 4727 0l'dftlem
301 4666 466 4724 conditionis
477 4674 578 4723 nosirae
589 4665 676 4721 fellllii
688 4671 716 4720 el
726 4661 885 4729 nativitatis,
900 4660 949 4732 qui
1001 4667 1104 4740 gnitate
1121 4667 1212 4723 desint
1223 4675 1337 4722 lerrenae
1352 4666 1508 4722 domestice
1524 4665 1637 4733 divillae,
1653 4672 1787 4735 quantum

166 4763 306 4819 bominem
335 4776 390 4816 non
418 4775 539 4816 vermem
576 4758 623 4816 sed
649 4758 840 4829 putredinem,
862 4756 948 4811 lilium
1000 4752 1749 4827 0110110100]00000000001101011011000000100101100
1758 4752 1787 4808 10

161 4872 227 4913 roro
241 4855 362 4912 bominis
374 4871 494 4911 serment
512 4863 602 4911 uocat.
624 4853 734 4909 Primus
753 4868 872 4923 namque
897 4853 948 4908 hu·
1001 4851 1111 4909 ossibus
1122 4866 1177 4907 uon
1190 4850 1301 4906 11011001.
1314 4850 1383 4918 Quia
1391 4864 1459 4918 ergo
1472 4849 1513 4905 sie
1523 4849 1574 4904 iste
1589 4853 1694 4902 amator
1703 4843 1788 4915 hujus

162 4949 237 5006 merri
261 4949 368 5021 generis
384 4962 496 5019 pareus,
514 4946 609 5012 bomo,
631 4961 686 5001 non
715 4944 790 5001 lllius
816 4943 947 5000 bominis.
1001 4944 1093 5003 000011
1103 4943 1240 5001 exteriore
1254 4951 1387 5014 potestate
1400 4941 1511 4998 fulcitur
1526 4950 1557 4997 ut
1569 4938 1651 4994 etiam
1663 4936 1788 4993 interiori

161 5040 202 5098 Ex
214 5056 270 5113 quo
282 5039 408 5111 quisquis
418 5040 530 5111 prodiit,
546 5053 601 5094 non
626 5038 715 5094 solum
739 5037 834 5104 bomo,
848 5035 897 5093 sed
917 5038 949 5091 li·
1001 5045 1029 5093 01
1043 5045 1151 5092 terrem
1174 5034 1271 5091 domus
1293 5032 1470 5096 abundantia¹
1490 5031 1642 5103 saginetur,
1675 5027 1786 5084 dieitur.

162 5134 217 5191 lius
230 5148 338 5204 quoque
361 5131 482 5187 bominis
507 5129 568 5186 fuit.
590 5128 668 5185 Sicuti
689 5144 756 5200 ergo
782 5144 816 5185 er
840 5127 950 5184 bomine
1001 5126 1036 5182 Et
1052 5125 1176 5182 medullis
1196 5141 1258 5180 osso
1276 5124 1351 5179 illius
1376 5124 1534 5194 irrigentur.
1559 5117 1608 5176 llel
1628 5129 1702 5176 certe
1722 5134 1788 5176 ossa

163 5227 238 5285 lillus
265 5224 397 5290 bominis,
414 5223 451 5278 itu
479 5236 512 5277 er
528 5219 671 5291 putredine
691 5219 814 5276 nascitur
838 5220 948 5274 vermis.
1001 5230 1066 5278 sunl
1083 5220 1167 5292 hujus
1190 5218 1283 5275 divitis
1305 5231 1396 5289 praue
1418 5225 1446 5271 et
1466 5215 1543 5271 durae
1557 5212 1787 5277 consuetudines;

163 5316 421 5376 llndereetelromo
435 5314 561 5386 putredo,
581 5313 654 5368 frlius
671 5327 736 5367 vero
749 5310 870 5368 bominis
889 5326 949 5366 rer·
1001 5313 1127 5371 medullae
1142 5326 1207 5368 rero
1230 5311 1258 5366 iu
1274 5308 1384 5365 ossibus
1397 5319 1462 5365 suut
1471 5307 1530 5379 ipsa
1556 5305 1692 5362 desideria
1718 5303 1789 5359 nrale

163 5410 218 5467 mis
235 5417 359 5465 vocatur.
381 5404 491 5461 Primus
512 5405 614 5476 quippe
638 5403 723 5457 leonto
744 5401 870 5472 0011010,
894 5415 949 5456 000
1000 5406 1119 5476 visendi,
1144 5404 1192 5478 qui
1206 5418 1294 5476 neque
1315 5417 1349 5458 ex
1371 5402 1514 5474 prauitatis
1541 5399 1730 5457 satisfactione
1744 5412 1788 5453 sa·

164 5501 277 5566 vermis,
287 5500 351 5571 quia
365 5499 417 5555 etsi
428 5509 477 5569 per
489 5506 605 5553 mortem
633 5495 750 5566 putruit,
775 5510 828 5549 uon
858 5503 949 5549 tamen
1001 5501 1115 5557 uanum,
1137 5497 1204 5567 Quae
1226 5496 1353 5553 medullae
1375 5495 1454 5568 quasi
1479 5512 1543 5553 ossa
1572 5494 1699 5567 inrigant,
1723 5502 1788 5546 curu

202 5612 266 5681 (²⁰⁸
294 5613 333 5696 ¹23¹
348 5616 396 5671 ιώ·
409 5629 463 5669 ”¹¹
477 5613 504 5668 ³¹¹
518 5610 581 5680 ¹⁰¹³·
593 5627 616 5666 ⁰·
630 5624 669 5664 ¹¹·
1037 5610 1162 5684 (1111)Εο
1178 5610 1224 5666 lib.
1239 5626 1282 5681 rr,
1294 5627 1318 5666 r.
1342 5626 1428 5667 rrtru
1443 5610 1470 5665 in
1485 5608 1537 5666 lob
1547 5624 1610 5664 xrr.

201 5682 266 5754 (209
292 5682 453 5741 1111101ιο
472 5682 608 5751 1010100.
626 5697 691 5736 retr.
