3817 6000
104 204 177 261 ttst
399 205 676 265 COMMENTdeUil
694 206 727 264 ΙΝ
746 205 914 268 ΡὸΑιΜθὸ.
934 241 969 256 -
988 212 1078 272 PARS
1096 217 1128 273 li.
1147 250 1183 262 -
1197 218 1295 279 issu.
1311 221 1428 279 xlt'ttt.
1660 233 1746 290 1230,

104 323 213 384 Sntnntt
223 322 267 393 [oc
284 320 410 394 mpetum
429 332 516 392 tuum,
528 322 650 392 Domine,
672 334 699 380 ct
718 325 824 382 hertedic
836 327 891 384 irc·
904 338 928 397 A
942 330 978 386 cii
992 332 1047 388 cito
1058 347 1280 405 promoveantur.
1297 339 1457 398 inscribitur
1468 353 1557 401 autem
1572 347 1612 403 sic
1628 365 1635 403 :
1653 349 1729 407 Prol-

105 416 215 472 „dfftan'
228 424 291 471 tttoe.
787 469 798 491 ,
944 439 1003 476 mna
1016 424 1103 480 Dauid
1117 426 1144 482 in
1160 433 1385 488 consummatione
1404 434 1578 493 tutamenti.
1594 438 1731 513 Mittitque

142 507 201 563 iloc
214 508 336 565 elamore
352 506 413 579 alus
428 509 522 566 audito
535 507 672 581 Propheta
687 520 798 584 repente
816 514 892 583 psal·
945 530 996 570 nos
1017 515 1051 571 ad
1065 516 1221 588 historiam,
1245 522 1309 594 quia
1326 524 1397 581 sicut
1409 525 1493 583 David
1511 538 1573 602 post
1595 533 1731 603 receptiffi

104 613 152 654 mo
163 597 347 669 subsequente
354 598 486 655 uicesimo
499 608 597 657 octavo
609 601 762 658 conclamat
772 619 780 655 z
792 603 891 673 Aperte
945 617 1008 658 nem
1024 620 1096 662 arcae
1108 608 1222 667 sublate
1240 628 1257 668 a
1279 611 1445 673 philisthaeis
1457 618 1663 677 tabernaculum
1676 622 1730 679 Do·

108 688 229 756 Domino,
240 688 293 758 filet
306 687 366 755 Des,
378 689 470 759 afferte
491 689 685 763 Dominotitioa
697 694 821 762 arictum,
835 703 888 752 etc.
944 696 1020 752 mino
1036 699 1070 753 ad
1090 700 1224 757 orandum
1247 713 1276 760 et
1301 706 1509 765 sacrificandum
1531 710 1659 779 instituit,
1688 713 1730 770 sic

104 778 169 834 ilaec
193 777 267 835 enim
285 779 401 837 mendo
415 782 598 839 communiter
618 797 713 841 omues
736 784 829 841 tiddcs
842 785 890 842 ad·
942 792 1047 863 quique
1057 792 1151 852 Ddeles
1164 806 1226 867 post
1240 797 1302 856 ddci
1317 801 1459 859 catholicae
1472 803 1673 875 perceptionem
1686 820 1730 869 see

105 871 242 939 bonatur,
261 879 292 926 ut
312 870 445 928 imitando
470 872 547 929 illum
567 874 729 945 semetipsos
753 874 809 931 Deo
823 874 890 940 otie-
942 883 1074 955 metipsos
1085 899 1237 956 praeparare
1249 888 1349 945 debent
1358 890 1562 950 tabernaculum
1575 896 1731 956 sanctitica-¹

105 970 178 1029 narrt,
192 962 345 1020 admonens
359 964 495 1036 perlectos
510 968 584 1025 relut
597 968 708 1038 arietes,
724 979 753 1025 ut
766 986 892 1042 persctc·
943 973 1037 1041 tionis,
1049 976 1078 1030 in
1090 992 1145 1048 quo
1159 976 1216 1034 Deo
1228 978 1345 1037 oderant
1359 983 1524 1041 sacrificium
1539 986 1639 1054 landis,
1652 987 1729 1045 ride-

104 1061 166 1108 rent
179 1060 206 1108 et
217 1065 438 1125 augmententur,
454 1057 523 1113 alios
541 1071 617 1123 uero,
643 1067 673 1112 ut
690 1058 732 1114 sel
746 1058 794 1113 tilii
817 1059 890 1115 arie·
942 1065 1007 1122 lioet
1020 1066 1112 1134 tidem,
1125 1079 1240 1140 spernet
1252 1071 1436 1130 dilectionem.

103 1152 163 1200 turn
175 1146 246 1202 bene
256 1147 395 1218 operando
409 1147 444 1204 ad
458 1147 624 1205 oblationem
647 1149 769 1234 ejusdem
784 1150 890 1208 sacrifi·

111 1305 1721 1350 mm

651 1455 913 1548 PSALMUS
947 1458 1179 1553 xxvttt.

141 1777 224 1834 icas.
240 1777 266 1834 l.
278 1777 378 1847 Aperte
394 1775 518 1843 Domino,
531 1783 581 1831 ctc.
597 1775 705 1834 Titulus
718 1783 760 1832 est
775 1796 782 1833 ι
905 1782 927 1839 Β
941 1785 1014 1843 narrt,
1034 1777 1128 1834 dicens
1144 1793 1151 1830 ε
1172 1778 1272 1848 deserte
1285 1779 1410 1849 Domum,
1424 1782 1477 1852 fitii
1490 1782 1551 1852 Dei,
1566 1785 1660 1856 offerte
1671 1786 1727 1844 Do·

153 1884 270 1927 ostanus
280 1883 360 1922 narro
378 1883 404 1923 tn
416 1881 638 1925 consummans
654 1882 847 1923 rmuanacuut.
941 1867 1012 1924 mitto
1033 1868 1103 1929 filios
1114 1870 1236 1927 orntum.
1249 1868 1303 1927 Sed
1316 1880 1461 1944 numquam
1475 1875 1660 1948 ingrediamur
1669 1885 1729 1937 seg.

135 1961 245 2034 Legitur
269 1960 390 2016 inlibris
407 1959 611 2032 Regum,qnod
634 1967 756 2030 tempore
770 1956 890 2016 lielisa·
940 1970 998 2017 tum
1018 1961 1115 2032 psalmi
1129 1960 1165 2017 de
1186 1963 1425 2022 consummatione
1450 1966 1630 2036 murraenli,
1650 1970 1728 2040 prius

100 2052 233 2118 cerdatis,
245 2050 396 2109 Philisthaei
410 2052 531 2108 tulerunt
547 2066 640 2109 arcam
663 2050 771 2109 Domini
786 2067 802 2106 a
816 2050 888 2119 loco,
940 2055 1048 2111 videtur
1064 2054 1166 2126 aliquid
1192 2055 1327 2127 agendum
1351 2064 1380 2114 et
1391 2056 1583 2130 inquirentium
1599 2062 1633 2119 de
1644 2078 1729 2126 causa

98 2147 151 2218 uui
165 2145 266 2203 dieitur
276 2145 346 2217 lapis
360 2144 500 2217 adjutorii,
511 2144 541 2200 in
554 2144 683 2211 Azotum,
695 2155 723 2202 et
739 2151 891 2216 posuerunt
939 2144 1092 2202 edificandi
1105 2153 1134 2201 et
1151 2144 1361 2203 consummandi
1376 2146 1555 2207 tabemacuii.

101 2252 166 2292 eam
180 2235 260 2306 juxta
273 2235 388 2302 idolum,
405 2234 479 2307 quod
504 2234 605 2291 dicitur
623 2232 717 2307 Dagon
730 2232 757 2305 (l
773 2233 838 2305 ch.
849 2232 887 2305 r).
976 2235 1023 2293 Dis
1035 2252 1154 2308 namque
1164 2237 1280 2311 legimus
1290 2237 1407 2297 Domino
1417 2240 1580 2299 mdidcatum
1599 2245 1728 2306 taberna·

102 2325 134 2380 in
150 2325 272 2384 crastino
283 2342 349 2383 vero
362 2327 525 2383 inuenerunt
535 2325 628 2399 Dagon
643 2335 707 2383 ante
722 2341 813 2383 arsam
835 2323 891 2382 Do·
940 2329 1044 2395 culum,
1058 2329 1143 2386 semel
1165 2345 1214 2401 per
1228 2325 1338 2404 iiogsen
1360 2331 1388 2387 in
1399 2331 1517 2403 deserto,
1535 2338 1667 2409 secundo,
1680 2356 1728 2413 per

102 2419 173 2474 titini
187 2427 366 2490 prostratum,
380 2428 408 2475 et
421 2428 578 2486 ereremum
596 2429 623 2476 et
637 2419 764 2476 similiter
787 2419 814 2474 in
829 2434 891 2476 cra·
941 2419 1026 2477 David
1041 2420 1069 2475 in
1086 2429 1178 2477 monte
1200 2420 1277 2479 Sion.
1294 2421 1347 2480 Sed
1361 2422 1428 2479 illud
1443 2424 1584 2498 antiquius
1599 2429 1729 2490 tabernae

103 2511 178 2567 stino
191 2510 354 2567 inuenerunt
365 2519 542 2582 prostratum,
553 2524 634 2582 quem
647 2520 674 2567 et
686 2510 783 2566 iterum
794 2526 890 2569 erexe-
941 2513 1033 2570 culum
1048 2513 1167 2585 positum
1182 2514 1209 2570 in
1235 2514 1292 2571 Silo
1316 2513 1451 2574 Dominus
1478 2519 1578 2590 repulit
1598 2520 1626 2577 in
1641 2522 1728 2595 ngura

102 2610 171 2657 runt
186 2620 193 2672 ;
209 2613 237 2659 et
247 2603 328 2659 tertio
340 2602 502 2659 invenerunt
514 2617 625 2675 quoquc
646 2611 709 2659 ante
726 2617 817 2660 arcam
829 2618 890 2674 pm·
942 2604 1093 2678 synagoga
1105 2604 1265 2675 abjicienda
1275 2619 1308 2664 ac
1322 2607 1493 2679 repellendae.
1508 2609 1649 2671 Posterius
1661 2631 1728 2673 tero

104 2703 223 2750 stratum
248 2694 371 2752 abscisso
396 2695 494 2766 capite,
508 2704 536 2752 et
557 2695 656 2766 palmis
669 2711 812 2752 manuum.
828 2695 891 2753 Fuit
940 2695 1147 2751 tabernaculum
1160 2711 1209 2766 per
1220 2695 1305 2753 Dauid
1318 2695 1481 2756 lubricatum
1496 2698 1531 2756 de
1544 2703 1661 2773 pellibus
1672 2720 1728 2761 non

103 2795 197 2841 autem
218 2786 246 2841 in
271 2786 431 2858 regionibus
443 2786 673 2843 Philistbinorum
695 2802 758 2844 arca
786 2797 889 2858 septem
940 2786 1041 2858 iegitur
1053 2802 1069 2842 a
1082 2787 1140 2844 Deo
1150 2788 1302 2859 repulsum,
1315 2789 1378 2848 licet
1391 2790 1479 2848 cidem
1492 2796 1656 2851 successerit
1670 2812 1729 2853 ma·

103 2877 257 2944 sirensibus,
270 2888 297 2933 et
311 2878 434 2949 percussi
447 2888 512 2935 sunt
533 2879 612 2951 plaga
627 2879 779 2936 vehementi
792 2897 799 2933 ι
811 2880 890 2937 ιὶιιιῐω
940 2894 1024 2951 gnum
1038 2879 1180 2950 tempium,
1192 2878 1265 2951 quod
1277 2878 1407 2938 Salomon
1423 2882 1497 2941 Diius
1511 2883 1596 2941 Dauid
1609 2885 1728 2943 aedifica

103 2971 205 3029 licrunt
227 2971 300 3028 enim
315 2987 407 3029 oroma
427 2972 456 3029 in
468 2982 587 3043 terra,et
600 2974 817 3034 demoliebantur
830 2992 889 3044 eos,
940 2970 989 3040 rit,
1006 2970 1287 3043 (tumqussdediwvib
1311 2973 1421 3046 quantlD
1444 2989 1508 3032 aret
1528 2974 1648 3046 Domini,
1661 2993 1727 3049 Dt0·

101 3074 131 3119 ct
145 3071 373 3135 computruerunt
385 3066 569 3135 prominentes
581 3067 695 3137 extales,
710 3068 801 3140 idest,
812 3071 890 3142 podi-
940 3073 1090 3135 pterquam
1100 3063 1344 3139 tumatutrumque
1355 3066 1561 3125 &belnaium
1572 3068 1687 3139 iactum,
1699 3070 1726 3126 ¹¹¹

101 3172 149 3214 ces
160 3171 266 3213 eorum.
279 3154 336 3213 ilac
358 3157 441 3228 igitur
452 3157 532 3230 plaga
547 3160 670 3230 percussi
685 3161 792 3218 taudem
814 3172 888 3219 retu·
941 3158 1007 3214 iliud
1022 3156 1183 3214 introduxit.
1198 3157 1287 3214 Causa
1301 3173 1420 3231 namque
1446 3158 1499 3219 furt
1525 3160 1671 3234 utriusque
1686 3171 1728 3218 ta·

101 3248 195 3304 lerunt
209 3263 300 3305 arcam
316 3249 344 3305 in
357 3248 449 3306 Gabaa
462 3265 536 3308 anno
551 3250 681 3309 vicesimo
696 3271 703 3310 ι
721 3262 749 3310 et
762 3269 812 3324 pro
825 3270 888 3326 pec·
939 3251 1079 3309 bernacnii
1104 3262 1132 3310 et
1152 3251 1246 3324 tempii
1273 3251 1424 3309 adidcandi
1437 3269 1501 3310 arca
1524 3252 1642 3323 DomIni,
1660 3269 1727 3311 arca

101 3348 164 3396 cato
176 3339 311 3398 miserum
334 3355 397 3398 cum
420 3356 482 3398 area
510 3343 588 3414 juxta
609 3358 754 3400 numerum
777 3346 888 3416 prorin·
938 3343 1063 3411 tecente.
1077 3345 1103 3401 in
1117 3361 1171 3417 qua
1191 3353 1250 3401 erat
1264 3360 1333 3400 urna
1361 3360 1444 3401 aurea
1458 3345 1561 3403 habens
1575 3361 1687 3415 manna,
1700 3355 1727 3403 et

101 3434 207 3491 riarum
222 3433 344 3505 quinque
356 3447 426 3489 anos
439 3447 548 3497 aureos,
562 3443 590 3490 et
607 3434 719 3492 totidem
734 3450 827 3492 mures
839 3452 888 3494 au·
939 3439 1015 3510 uirga
1035 3437 1138 3505 baron,
1153 3452 1214 3509 quse
1225 3435 1394 3507 fronduerat,
1406 3447 1433 3494 et
1448 3435 1509 3494 duae
1525 3437 1625 3494 tabula
1640 3445 1735 3495 testa·-

101 3540 175 3582 reos.
191 3524 260 3581 Cum
275 3537 366 3582 autem
384 3525 480 3595 Dauid,
497 3538 606 3584 mortuo
622 3525 704 3584 Saule
717 3536 745 3585 et
759 3527 816 3585 filio
828 3528 889 3600 ejus
939 3527 1034 3584 menti.

100 3616 236 3687 isboseth,
252 3633 383 3691 prospere
395 3628 531 3691 regnaret,
548 3619 610 3675 tulit
631 3626 722 3676 arram
737 3619 771 3677 de
795 3620 889 3679 Gabas
974 3618 1044 3675 drea
1054 3620 1112 3675 haec
1127 3619 1298 3693 significabat
1317 3618 1468 3686 Cirristunr,
1482 3618 1525 3676 vel
1546 3617 1649 3676 Christi
1664 3633 1728 3677 cor·

101 3710 131 3766 in
146 3710 263 3769 Domum
278 3709 435 3769 Dbededom
450 3711 565 3781 Gethaei,
579 3713 626 3770 ubi
639 3728 703 3771 eum
717 3712 817 3771 inisset
837 3713 888 3770 tri·
939 3726 991 3783 pus
1003 3710 1038 3768 de
1050 3710 1157 3782 virgine
1173 3721 1356 3783 assumptum,
1371 3711 1400 3767 in
1411 3727 1467 3783 qna
1477 3721 1537 3769 erat
1548 3726 1618 3768 urna
1630 3726 1726 3779 aurea,

101 3805 155 3862 bus
167 3805 320 3874 mensibus,
333 3803 449 3861 adduxit
466 3818 526 3861 eam
541 3802 626 3862 Darid
641 3804 669 3860 in
683 3803 847 3876 ierusalem,
861 3814 889 3864 et
939 3804 967 3861 id
984 3811 1037 3872 est,
1060 3803 1152 3862 anima
1175 3803 1318 3859 ratiomlis
1342 3802 1490 3873 purissima
1504 3813 1530 3860 et
1543 3802 1726 3867 divinissima,

102 3896 257 3955 introdusit
268 3912 330 3954 eam
340 3897 367 3953 in
381 3896 474 3954 locum
496 3912 577 3953 suum
588 3897 617 3953 in
631 3895 754 3953 medium
762 3896 889 3955 taberna·
939 3893 1043 3950 babens
1055 3908 1167 3961 manna,
1178 3893 1204 3950 id
1216 3902 1269 3961 cst,
1286 3893 1360 3949 illam
1373 3892 1544 3950 dulcedinem
1560 3893 1725 3961 munitatis,

101 3990 168 4058 culi,
180 3988 256 4062 quod
272 3989 422 4047 temnderat
434 3989 460 4047 ei
472 3987 569 4056 Darid,
581 3996 609 4046 et
621 3988 719 4047 obtulit
730 3988 890 4048 holocausta
939 4000 1022 4056 quam
1036 3983 1226 4043 insatiabiliter
1245 3983 1381 4056 gustando
1394 3983 1489 4039 uiuunt
1510 3982 1609 4057 angeli,
1623 3983 1658 4040 de
1672 4000 1726 4054 qua

102 4080 218 4155 (lillcg.
235 4081 286 4153 rr).
938 4077 1022 4134 etiam
1033 4075 1102 4134 vivit
1125 4076 1219 4145 homo,
1233 4075 1345 4148 quando
1357 4090 1455 4148 panem
1472 4076 1631 4148 angelorum
1646 4091 1727 4131 man·

138 4171 209 4229 iinic
223 4172 307 4244 igitur
323 4169 450 4228 ilistoriae
470 4168 605 4244 Propheta
619 4170 744 4229 alludens
758 4171 891 4245 designi·
939 4170 1069 4226 ducatio
1090 4176 1266 4226 sacrosancto
1287 4167 1382 4223 ulmeis
1407 4167 1547 4243 mysterio.
1576 4165 1639 4224 llaec
1662 4180 1726 4222 area

103 4267 186 4322 licato
200 4265 292 4336 potius
316 4263 493 4321 tabernaculo
504 4263 572 4335 agit,
584 4263 659 4335 quod
679 4261 813 4321 Dominus
828 4279 891 4337 sep-
939 4259 993 4318 luit
1009 4259 1098 4333 posita
1114 4260 1142 4317 in
1153 4259 1238 4333 priori
1257 4259 1435 4316 tabernaculo
1451 4274 1500 4331 per
1512 4258 1624 4333 biogscn
1639 4257 1726 4315 aedid-

102 4357 208 4414 tiiormi
221 4356 308 4429 gratia
334 4355 545 4424 consummarit,
560 4354 682 4413 Ecclesia
705 4355 831 4415 videlicet
844 4372 889 4414 re·
940 4351 1139 4426 autequando
1154 4351 1304 4409 meandum
1316 4351 1403 4424 legem
1419 4349 1505 4423 hioysi
1520 4350 1587 4407 fidos
1604 4349 1729 4406 Domini·

102 4452 186 4507 ducta
200 4450 290 4521 ajure
302 4447 414 4505 diaboli.
430 4446 537 4504 Etenim
550 4447 603 4503 iste
625 4448 747 4519 psalmus
761 4450 890 4506 convenit
905 4473 929 4533 ὓ
942 4462 982 4504 aa
992 4443 1188 4502 incarnacionis
1203 4442 1400 4501 observabatur
1411 4442 1440 4499 in
1454 4444 1555 4514 populo
1568 4440 1726 4500 tomorum

102 4538 189 4597 David
204 4539 353 4612 prophete,
365 4538 412 4611 qui
425 4537 547 4610 loquitur
559 4538 593 4594 de
602 4538 838 4598 consummatione
848 4548 890 4597 ta·
942 4536 995 4595 sub
1016 4535 1170 4594 rnamenta
1191 4534 1298 4591 littera.
1315 4532 1369 4592 Sed
1383 4534 1437 4592 hoc
1453 4533 1659 4591 tabernaculum
1673 4532 1728 4590 Do-

101 4632 254 4699 bcrnaculi,
273 4632 301 4689 id
323 4640 375 4697 est,
390 4631 418 4686 in
433 4630 654 4687 consideratione
678 4629 808 4689 Ecclesia
821 4648 889 4691 con·
942 4627 1035 4684 minus
1059 4625 1169 4696 repulit,
1185 4623 1296 4696 quando
1318 4620 1460 4697 Synagoga
1474 4622 1621 4679 Mminum
1638 4622 1728 4694 repel-

103 4735 259 4791 summatae,
276 4723 304 4778 in
319 4737 375 4793 qua
390 4722 418 4778 in
432 4723 485 4778 hoc
510 4721 611 4779 sucula
638 4729 734 4779 contra
748 4723 887 4781 diabolum
942 4719 1012 4786 lurra,
1034 4727 1062 4773 et
1081 4716 1140 4788 ipsa
1159 4713 1253 4785 repelli
1266 4714 1377 4770 meruit.
1396 4712 1466 4783 Quia
1491 4712 1565 4770 enim
1580 4712 1728 4771 Dominum

102 4817 246 4873 nrilitatur.
943 4809 1104 4882 repellentes
1129 4806 1212 4865 ¹udaei
1227 4805 1381 4864 dixerunt:
1407 4804 1470 4861 Non
1485 4805 1610 4862 imatores
1631 4821 1726 4876 regem,

139 4907 233 4964 Primo
255 4915 349 4963 monet
370 4906 404 4963 de
420 4903 563 4962 sauridciis
588 4903 736 4962 suenrus.
762 4904 889 4965 Secundo
942 4903 996 4959 arisi
1012 4901 1145 4959 dotorem
1158 4897 1250 4972 (ioan.
1272 4912 1329 4967 utu,
1343 4896 1486 4969 ligiuste
1509 4897 1655 4969 repellente
1667 4896 1728 4952 illos

103 5001 160 5072 agit
172 4999 206 5057 de
218 4998 414 5056 constitutione
433 4994 613 5063 tabernaculi,
629 4996 676 5052 ubi
693 4995 808 5054 uirtutes
825 4996 888 5070 Spi·
940 4994 1069 5062 Domino,
1082 4990 1175 5048 uaditi
1186 4999 1251 5048 sunt
1264 4989 1291 5047 in
1302 5004 1414 5047 manum
1424 4988 1552 5057 daesaris,
1566 4989 1593 5044 in
1607 4995 1728 5058 potesta·

104 5093 177 5148 ritus
204 5090 293 5147 sancti
318 5097 463 5147 enumerat
487 5087 525 5146 ibi
551 5107 558 5144 :
590 5086 646 5143 Voc
673 5086 783 5144 Domini
811 5104 890 5161 super
941 5097 995 5146 tem
1017 5085 1122 5144 scilicet
1138 5080 1539 5155 homanorumqnsbusquast
1555 5083 1664 5151 placere
1677 5093 1726 5133 ro·

105 5200 201 5257 emtus.
228 5182 322 5240 Tertio
341 5183 470 5248 ostendit,
485 5181 551 5253 quid
574 5180 657 5238 iaciat
681 5179 810 5238 Ecclesia
823 5196 890 5238 con·
940 5180 1027 5238 lentes
1038 5176 1234 5234 crucifixerunt
1245 5174 1384 5231 Christum
1400 5184 1531 5245 unquam
1549 5167 1656 5240 legibus
1668 5165 1720 5223 llo·

104 5277 216 5347 stitutae,
229 5275 380 5333 meandum
399 5274 472 5346 quod
486 5274 640 5341 confirmat,
663 5282 814 5345 promovet,
828 5283 890 5344 post
942 5270 1032 5329 manis
1049 5267 1230 5337 casuarium,
1244 5276 1271 5324 et
1280 5274 1410 5337 nuquam
1423 5262 1611 5334 prohibentem
1623 5257 1724 5314 tributa

104 5367 307 5436 remunerabit,
329 5366 367 5423 ibi
394 5381 401 5419 :
424 5364 554 5422 Dominus
579 5365 709 5421 diluuium
740 5364 890 5421 inhabitare
941 5365 1002 5422 dari
1025 5357 1388 5421 damnanationem
1411 5355 1542 5428 populum
1566 5350 1725 5410 ludaeorum

104 5460 181 5529 imi·
943 5454 1114 5512 vastantibus
1128 5458 1156 5509 et
1169 5449 1389 5522 captivantibus,
1411 5446 1471 5519 ipse
1480 5443 1615 5502 Dominus
1628 5441 1656 5498 iu
1667 5455 1728 5497 ma·

142 5548 171 5606 ln
191 5547 288 5620 primis
308 5559 398 5605 autom
413 5547 537 5605 uorsibus
550 5547 647 5620 aperit,
676 5545 749 5620 qrtod
764 5546 889 5615 intendit,
944 5562 998 5603 nus
1012 5545 1130 5602 militurn
1155 5538 1390 5598 Romanorumab
1410 5537 1451 5595 eis
1469 5535 1598 5604 traditus,
1614 5530 1726 5590 tradidit

105 5642 153 5697 abi
167 5642 260 5700 tidelcs
282 5641 420 5709 admonet,
435 5650 464 5697 ut
478 5642 527 5700 tait
551 5639 765 5700 consummatori
782 5655 812 5698 sc
824 5640 890 5698 ode·
945 5654 1024 5697 rersa
1045 5636 1103 5695 ricc
1125 5636 1152 5690 in
1167 5631 1346 5703 captiuitatem
1368 5630 1488 5689 rietatem
1503 5642 1605 5693 eorum,
1621 5634 1646 5682 et
1665 5624 1728 5699 gol·
