3817 6000
85 224 140 283 too
801 186 992 254 diluluum.
1667 170 1722 230 ott

122 340 159 394 bt
172 350 247 393 nunc
260 344 328 403 rogo
345 341 394 384 ros
408 339 515 387 omnes,
529 321 576 394 qui
593 319 706 386 drusius
719 315 876 379 Dominum,
891 316 914 371 Δ
929 312 985 366 lieo
1001 309 1076 365 Patri
1093 324 1125 364 ex
1151 317 1272 378 tempore
1299 302 1360 376 ejus
1382 294 1510 372 potestati
1539 290 1680 348 metuere.
1709 306 1719 341 r

84 428 231 492 attendite,
243 435 271 483 ct
285 424 425 478 invocetur
444 432 544 472 nomen
559 410 669 469 Domini
684 425 765 481 super
778 423 840 473 uos,
852 415 883 462 ut
969 403 1029 459 Non
1054 403 1147 473 itaque
1167 400 1318 472 glorientur
1336 395 1481 450 aduersum
1494 400 1545 444 nos
1559 400 1593 441 ex
1608 384 1662 439 itae
1673 397 1720 436 au·

85 540 144 580 nou
156 519 266 576 ialsitas
279 513 386 572 ueritati
397 508 564 583 praejudicet,
581 505 629 562 sed
644 504 747 567 lernen,
761 500 834 572 quod
848 499 884 553 il·
929 498 1069 562 ctoritate,
1090 495 1138 565 qui
1164 495 1259 550 dicunt
1278 488 1424 546 Dominum
1437 481 1530 539 lesum
1545 485 1609 535 ante
1618 474 1714 546 presto

85 616 174 671 minut
193 623 296 664 omnem
313 604 445 659 bominem
460 599 604 655 uenientem
626 596 656 651 ln
674 594 742 649 nuuc
756 591 883 647 muudum
928 607 997 649 ,nem
1014 588 1169 659 subiectum
1185 583 1270 640 inisse
1283 580 1340 636 Deo
1351 576 1438 643 Patri,
1456 582 1485 630 et
1503 583 1577 626 nune
1589 575 1651 639 post
1661 579 1722 636 pas·

85 705 183 776 (loen.
195 703 229 774 r),
240 701 275 756 ad
287 694 488 770 agnoscendam
501 690 642 747 ueritatem
650 682 832 747 nordlsnostri
844 688 884 737 te-
931 685 1040 743 ,siorrem
1052 690 1080 738 et
1092 677 1320 738 resurrectionem
1334 686 1385 728 nee
1402 668 1556 739 subiectum
1576 674 1650 726 esse,
1673 669 1724 711 uer

86 798 191 854 nebras
216 793 361 851 illuminet.
388 787 523 858 {nsipiens
553 779 762 840 honoriticentia
787 792 883 834 eorum
933 777 1145 849 subjiciendum,
1159 773 1224 845 quia
1238 768 1312 840 quod
1323 765 1390 823 dicit
1398 758 1583 818 Ambrosiust
1599 750 1723 807 esrem

86 891 137 965 qui
149 891 225 945 banc
236 886 366 957 iniuriam
375 880 432 938 beo
443 879 575 944 inierunt,
589 885 617 932 ct
629 890 684 930 non
694 872 750 928 lieo
766 880 882 938 tantum,
933 878 997 942 pta,
1012 883 1066 924 nou
1080 874 1216 937 perpetuae
1236 855 1402 917 infirmitatis
1419 853 1472 910 erit
1485 849 1530 906 illa
1550 842 1694 916 subiectio,
1710 856 1722 892 r

82 985 136 1050 ,sed
149 982 237 1039 etiam
254 977 370 1043 bomini,
385 985 417 1032 ut
431 973 533 1030 Filium
545 966 664 1024 bortrinis
678 963 810 1034 aequalem
828 960 883 1018 beo
933 961 1004 1033 parti
1017 975 1112 1016 eorum
1126 973 1180 1013 non
1196 955 1276 1021 lauet,
1292 951 1339 1008 sed
1353 956 1448 1017 cpnua
1462 940 1604 1001 hereticos
1619 937 1724 993 dicim

88 1071 207 1143 iaciant,
223 1072 373 1131 secundum
391 1068 465 1140 quud
489 1067 572 1122 boreo
596 1069 647 1118 est.
668 1058 831 1130 Magnopere
853 1071 884 1113 se
933 1064 987 1119 ιιι,
1013 1052 1061 1124 qui
1084 1059 1213 1106 aeteruum
1226 1047 1254 1102 in
1268 1042 1397 1100 Filiollei
1410 1036 1594 1095 inunitatem
1617 1040 1725 1086 assere

90 1177 186 1227 tuctur
210 1163 373 1221 auctoritate
397 1159 536 1215 Ambrosii
549 1157 588 1213 bc
604 1155 657 1211 lide
671 1155 707 1215 ad
724 1152 883 1210 Gratianum
933 1145 1011 1212 baut,
1028 1156 1154 1212 utsupra
1177 1135 1396 1210 explanavimus,
1410 1126 1560 1187 secundum
1573 1136 1644 1194 quos
1661 1131 1724 1189 per-

89 1262 287 1331 imperatorem
302 1253 433 1325 capitulo,
449 1267 506 1321 quo
521 1259 654 1307 tractatur
670 1251 704 1305 de
717 1247 885 1317 subjectione
934 1248 1015 1310 petua
1038 1235 1087 1292 liei
1106 1247 1179 1290 esset
1193 1229 1348 1294 infirmitas,
1364 1226 1387 1281 si
1402 1231 1533 1295 perpetua
1543 1223 1616 1273 esset
1631 1211 1723 1281 suble·

90 1355 167 1419 Filii,
192 1352 273 1421 cujus
286 1346 397 1420 capituti
412 1345 519 1401 initiunt
545 1343 599 1400 tale
612 1352 677 1400 est:
696 1361 706 1395 t
724 1339 884 1410 Subiectum
934 1332 1000 1389 ctio.
1029 1327 1088 1382 Fur
1111 1343 1163 1380 non
1179 1324 1259 1385 teuit,
1279 1320 1331 1374 uisi
1348 1326 1378 1372 ut
1397 1316 1501 1385 {uretur
1524 1309 1586 1380 (lob
1607 1307 1646 1376 x).
1669 1300 1724 1359 Setl

91 1450 199 1519 itaque,
214 1445 360 1514 imperator
380 1447 506 1512 auguste,
528 1435 759 1508 quemadmodum
784 1431 885 1488 debca-
936 1437 1017 1479 nemo
1033 1421 1073 1477 sic
1094 1419 1199 1474 iuretur
1226 1415 1298 1469 banc
1320 1408 1522 1468 auctoritatem,
1544 1410 1576 1456 ut
1590 1394 1725 1456 demendo

91 1540 303 1609 musueqpere,
318 1533 532 1592 consideremus.
551 1549 561 1582 ι
583 1527 636 1585 Sed
656 1527 822 1600 quialittcra
838 1538 887 1579 oc·
935 1511 1113 1585 praecedentia
1152 1505 1266 1569 onrrria,
1289 1495 1494 1567 subsequentia.
1521 1491 1595 1548 dicat
1622 1486 1727 1543 solum·

93 1634 173 1697 cidit,
198 1628 310 1700 spiritus
338 1632 429 1680 autem
449 1621 568 1678 riridcat
588 1617 616 1691 (l
638 1618 699 1675 Cor.
725 1615 778 1689 ιιι),
804 1614 884 1670 rerba
938 1605 1041 1660 modu:
1064 1599 1237 1667 «susceptae,
1257 1608 1311 1648 non
1335 1596 1471 1660 perpetnae
1492 1577 1658 1638 intirmltatis
1674 1572 1727 1632 erit

93 1724 236 1781 arnbrosii
250 1730 326 1777 tanto
339 1714 511 1781 obscuriora,
534 1712 644 1785 quando
669 1709 815 1773 diviniora,
832 1722 886 1762 nnn
938 1697 983 1752 tlta
1003 1691 1168 1762 subiectio.»
1185 1686 1264 1758 qumi
1283 1692 1347 1737 tnnc
1367 1687 1471 1733 tarrmna
1494 1672 1645 1742 subternis,
1661 1679 1726 1721 cum

93 1812 284 1888 perfunctorie
295 1805 488 1881 nquibnsiiber
505 1803 703 1875 legendarum,
715 1801 762 1857 sed
774 1799 887 1872 dingen.
937 1788 1028 1843 adbuc
1045 1791 1117 1841 essct
1132 1779 1266 1841 mortalis,
1287 1784 1314 1833 ct
1331 1772 1411 1828 tttodo
1438 1782 1492 1824 non
1507 1779 1571 1821 cum
1588 1762 1727 1817 immorta·

95 1919 152 1965 tem
165 1916 194 1962 et
211 1903 405 1974 intelligentem
415 1898 543 1955 lectorem
561 1893 726 1951 desiderant.
744 1891 784 1947 st
799 1890 887 1961 runica
937 1883 972 1938 lis
982 1891 1010 1937 ct
1023 1874 1209 1948 impassibilis.

95 2015 155 2056 rem
170 1997 255 2069 igitur
269 2000 352 2049 tarttae
366 1986 537 2046 auctoritatis
552 1984 714 2042 euidentiam
729 1980 888 2053 principalis
972 1973 1039 2028 item
1052 1969 1123 2026 inira
1138 1988 1145 2022 ;
1164 1986 1172 2017 ι
1184 1964 1309 2019 Nondum
1323 1959 1463 2028 subiectus
1474 1958 1517 2007 est
1527 1946 1665 2009 Christus,
1677 1957 1728 2000 cu·

96 2090 215 2148 intentio
229 2086 317 2159 ipsius
337 2081 457 2138 auctoris
472 2077 600 2133 intuenda
614 2084 665 2132 est.
685 2073 786 2130 Contra
803 2073 888 2128 lraere-
935 2066 982 2139 jus
993 2063 1082 2119 adlruc
1102 2057 1222 2115 menrbra
1237 2069 1290 2109 nnn
1303 2059 1368 2106 suut
1387 2046 1520 2116 subjecta.
1544 2038 1614 2095 Cum
1634 2042 1727 2090 atttem

96 2185 171 2240 ticos
187 2182 259 2238 euim
280 2178 434 2247 disputans,
460 2172 507 2244 qui
523 2171 658 2226 minorem
683 2166 763 2223 Patre
789 2164 887 2221 Filium
938 2156 1072 2213 fuerimus
1095 2165 1150 2206 uon
1166 2147 1250 2204 urnita
1276 2141 1409 2204 membra,
1437 2135 1485 2192 sed
1510 2144 1582 2187 ursus
1602 2125 1726 2198 spiritus,

96 2275 269 2340 asserebant,
280 2270 362 2327 etiam
379 2266 529 2324 secuudum
539 2262 613 2334 quod
627 2260 700 2317 Deus
722 2268 774 2326 est,
797 2267 889 2314 aucto-
919 2263 1005 2309 'tuuc
1015 2257 1043 2304 ct
1059 2248 1115 2317 ipse
1126 2242 1264 2312 subjectus
1289 2233 1351 2301 crit,
1367 2241 1398 2287 ut
1417 2243 1465 2301 por
1480 2227 1566 2297 ipsius
1577 2217 1728 2290 subjectio·

96 2366 210 2422 ritatem
237 2359 370 2433 Apostoli,
393 2371 476 2428 quam
498 2352 650 2409 inferebant
670 2353 704 2406 ad
721 2349 888 2421 probandam
939 2360 1001 2402 nem
1026 2341 1061 2397 sit
1086 2339 1158 2392 lictis
1188 2333 1280 2389 orrtuia
1300 2330 1327 2384 in
1351 2324 1515 2381 omuibus.»
1542 2315 1609 2371 ltetu
1632 2311 1726 2367 inira:

96 2459 162 2516 Filii
174 2456 371 2527 subiectionem
387 2451 537 2509 secuudum
555 2448 629 2521 quod
640 2447 712 2502 Deus
726 2454 778 2511 est,
792 2444 889 2501 beatus
942 2457 952 2493 r
970 2433 1109 2505 subjectio
1123 2432 1214 2500 itaque
1230 2421 1390 2480 obedientiae
1406 2414 1511 2479 mortis,
1526 2423 1601 2465 mors
1617 2418 1728 2461 amum·

97 2551 263 2611 Ambrosius
276 2546 449 2612 determinat,
463 2553 491 2600 ιι
505 2538 888 2614 probatralidissimcaucto—
939 2531 1041 2605 ptiouis
1072 2526 1208 2585 hortanae,
1231 2509 1429 2584 ussuruptiouis
1447 2521 1512 2577 ergo
1534 2504 1661 2558 humanae
1676 2495 1730 2551 erit

95 2648 209 2705 ritatem
223 2642 297 2698 illam
317 2637 488 2696 referendam
501 2650 563 2692 csse
577 2648 633 2689 non
645 2631 680 2687 ad
692 2628 888 2701 subjectionem
940 2624 986 2681 illa
1001 2618 1144 2690 subiectio.
1168 2613 1345 2683 Nequaquam
1367 2604 1449 2677 igitur
1475 2595 1626 2654 diuinitatis
1650 2591 1729 2646 intir-

97 2732 162 2796 Filii
177 2735 328 2795 meandum
345 2730 418 2802 quod
432 2726 504 2784 Deus
524 2734 578 2794 est,
594 2722 802 2782 sedsecuodum
816 2718 889 2791 quod
940 2717 1032 2779 mites,
1045 2710 1093 2769 sed
1110 2702 1279 2777 dispensatio
1294 2701 1352 2770 ipso
1366 2694 1475 2768 pictatis
1492 2701 1544 2746 est.
1561 2706 1571 2740 r
1597 2684 1664 2740 item
1686 2680 1729 2736 in·

97 2834 184 2890 bomo
201 2839 252 2887 est.
279 2825 365 2897 Cujus
377 2821 572 2895 disputationis
593 2828 621 2876 et
645 2816 890 2890 argumentationis
940 2808 982 2864 lra
997 2825 1004 2863 ι
1022 2801 1205 2859 ‹blaledictus
1219 2794 1309 2851 omnis
1333 2790 1379 2863 qui
1396 2785 1493 2859 pendet
1514 2783 1541 2838 iu
1564 2780 1647 2851 ligno.
1671 2772 1729 2833 ttr-

99 2923 169 2981 ordo
185 2920 250 2977 talis
269 2927 321 2975 est.
340 2915 449 2988 Colligit
466 2913 538 2970 enim
553 2913 631 2982 plura
651 2909 828 2981 subiectionis
844 2923 890 2979 ge-
941 2899 1066 2963 ludicius,
1086 2893 1152 2966 quia
1169 2897 1263 2945 nostre
1274 2881 1417 2941 maledieta
1436 2873 1572 2944 suscepit3
1589 2865 1729 2937 subjectus

99 3034 179 3088 nera,
194 3012 367 3087 quepassinr
380 3011 497 3066 insuere
513 3006 653 3076 Scriptura
665 3002 850 3068 inueniuntur,
864 3011 891 3059 tt
904 3003 925 3062 G
941 3007 1062 3065 quoque,
1082 2986 1146 3059 quia
1161 2981 1358 3053 subjectionem
1373 2981 1494 3030 nostram
1515 2970 1573 3040 ipsc
1597 2960 1729 3033 suscepli·

99 3106 265 3169 haecomnia
277 3121 292 3161 a
305 3104 375 3160 Filio
387 3103 435 3159 Dei
450 3100 626 3167 removendo,
638 3098 712 3170 qnod
730 3096 835 3152 nulium
845 3109 890 3152 eo-
941 3084 988 3143 sed
1003 3085 1030 3139 in
1044 3079 1151 3138 seruilis
1166 3075 1262 3130 iormae
1275 3066 1474 3137 assumptione.
1489 3081 1499 3113 r
1521 3058 1552 3114 ln
1565 3060 1618 3114 tine
1630 3064 1725 3111 autent

99 3196 354 3264 murmurenitci,
374 3194 525 3251 secundum
539 3192 612 3263 qnod
627 3189 699 3247 [leus
723 3197 775 3257 ιιι,
799 3187 890 3254 iniert,
940 3179 996 3233 rim
1020 3170 1161 3231 sententiar
1188 3163 1326 3224 concludit
1351 3160 1394 3215 bis
1416 3156 1525 3212 uerbis:
1547 3147 1730 3219 ‹Secqudurn

99 3297 177 3367 quod
195 3292 330 3363 reliquum
347 3295 399 3356 est,
417 3287 452 3343 ad
471 3286 622 3350 humanam
639 3282 745 3338 scilieet
764 3289 891 3336 naturam
940 3283 1051 3326 carnem
1076 3266 1100 3320 ei
1129 3260 1222 3319 omnia
1247 3256 1368 3324 subjecta
1397 3248 1554 3311 tradentur,
1580 3241 1729 3298 secuudum

100 3385 274 3446 referendam
287 3397 348 3440 esse
363 3379 560 3451 subjectionem
587 3373 741 3446 dupliciter,
768 3370 893 3430 videlieet
941 3377 1024 3434 quom
1035 3368 1062 3415 et
1074 3373 1090 3413 a
1103 3353 1218 3412 mortuis
1233 3347 1381 3408 suscitatus
1393 3354 1445 3400 cst.
1461 3339 1496 3395 Ει
1506 3335 1655 3395 secundum
1672 3331 1732 3386 arri·

101 3490 160 3537 ιιιιι
176 3474 306 3547 incapite
328 3488 411 3545 quam
427 3471 453 3526 in
464 3468 606 3536 membris,
621 3475 649 3523 ιι
670 3473 725 3521 mm
742 3463 892 3521 mcundum
942 3467 1017 3510 mam
1033 3451 1181 3505 humanam
1203 3457 1236 3497 ac
1251 3434 1441 3494 rationabilem
1456 3426 1654 3500 subjectionem
1677 3420 1731 3474 bo-

102 3585 215 3628 carnem
228 3581 310 3638 quam
325 3561 618 3621 secundumanimam.
630 3557 671 3614 Ad
683 3555 892 3614 edilicatinnem
942 3543 1011 3600 mitti
1029 3541 1091 3611 jure
1115 3535 1237 3608 plerique
1265 3532 1486 3599 interpretantur,
1512 3520 1577 3593 quin
1601 3516 1732 3585 scripturn

102 3676 170 3717 uero
182 3659 338 3714 auditorum
351 3665 378 3710 et
388 3652 521 3723 majorem
542 3648 706 3706 euidentiam
720 3646 778 3717 ipsa
800 3643 893 3715 snbje·
942 3644 987 3693 est
1003 3653 1010 3688 ι
1027 3631 1123 3688 Nonne
1133 3628 1189 3683 Deo
1199 3624 1321 3694 subjecta
1334 3620 1387 3676 erit
1401 3617 1493 3673 anima
1509 3628 1568 3668 mea
1579 3611 1591 3665 i
1604 3608 1732 3663 bnintam

102 3753 227 3812 ctionem
253 3763 353 3821 genera
380 3743 572 3815 compendiose
598 3741 779 3812 perstringere
807 3749 896 3808 operae
943 3727 1023 3793 dixit,
1049 3717 1306 3788 notrdivinitatem.
1323 3711 1356 3766 Et
1373 3719 1402 3766 ut
1415 3707 1549 3764 sciremus
1562 3700 1626 3771 quia
1641 3694 1734 3751 [lotui-

103 3848 223 3921 pretlum
237 3841 431 3916 judicavimus.
446 3836 580 3893 Subtilior
591 3834 663 3891 enlm
680 3832 792 3888 vanitati
817 3845 895 3887 crcu-
944 3835 998 3876 uus
1017 3830 1066 3888 per
1081 3812 1244 3882 Provisum
1260 3807 1295 3862 dc
1311 3800 1483 3870 susctblisstte
1500 3804 1603 3852 ιιιῑιιιθέ
1626 3791 1733 3845 ¹00⁰l¹¹⁵

104 3951 177 4006 tura,
193 3936 292 3993 mulier
309 3936 379 3998 rlro,
393 3931 531 4004 potestati,
547 3927 594 4000 qul
612 3927 664 3984 sub
687 3931 820 3996 potestate
843 3930 895 3991 est,
944 3914 1133 3975 estbumanae,
1147 3902 1252 3961 addidit
1266 3919 1273 3955 ι
1288 3897 1434 3969 Usquequo
1445 3888 1579 3962 adjicietis
1589 3897 1671 3955 super
1683 3882 1735 3937 iro·

105 4046 203 4088 seruus
229 4028 352 4085 domino.
386 4024 555 4082 charitativa
579 4019 661 4077 etiam
685 4016 819 4087 subjectio
842 4022 895 4072 est.
945 3989 1058 4068 minem,
1086 3995 1236 4057 secundum
1263 3990 1328 4068 illud
1351 3985 1424 4060 quod
1449 3984 1489 4039 ait
1509 3983 1537 4037 in
1564 3974 1733 4048 Eratrgelio:

105 4121 185 4180 Unde
199 4140 208 4177 ε
224 4119 341 4190 subjecti
354 4119 465 4173 inuicem
477 4116 504 4170 in
515 4116 607 4170 timore
619 4110 719 4168 Cirrirti
735 4108 844 4182 (Epiros.
857 4107 897 4180 r).
946 4096 1018 4167 Quid
1028 4109 1072 4151 rae
1081 4091 1206 4165 quaeritis
1220 4084 1372 4143 interlicere
1384 4075 1544 4135 imminenti
1562 4072 1595 4127 Et
1606 4066 1711 4126 addidit
1726 4083 1733 4121 r

105 4219 141 4274 Et
159 4213 337 4275 exsecrabilis
355 4211 399 4268 iila
427 4208 570 4279 subiectio,
593 4220 675 4277 quam
698 4201 845 4259 Sabelliani
871 4207 899 4256 et
946 4193 1142 4250 Verumtamen
1155 4182 1272 4257 pretium
1284 4193 1375 4237 mcmn
1386 4173 1573 4245 urgiturerunt
1594 4162 1734 4235 repellere,

105 4305 455 4369 barciontraasrercbanr,
469 4301 543 4373 quod
556 4298 642 4355 Filius
658 4297 686 4352 iu
713 4294 820 4352 Patrem
850 4308 897 4349 re·
947 4281 1058 4342 cucumi
1073 4277 1169 4345 insiti,
1184 4290 1232 4331 ore
1248 4287 1299 4329 suo
1316 4262 1523 4328 betredicebaut,
1537 4267 1565 4316 et
1582 4254 1666 4314 corde
1685 4265 1737 4307 suo

106 4405 250 4468 fundatur,
262 4399 335 4472 quod
352 4395 506 4469 specialiter
518 4392 664 4464 improbat.
679 4388 818 4445 creaturae
828 4399 896 4458 quo·
911 4352 935 4410 D
949 4373 1156 4434 maledicebant.
1173 4388 1182 4422 r
1202 4364 1290 4423 ludaei
1311 4362 1385 4419 enim
1409 4361 1565 4428 reportante
1578 4348 1649 4405 Juda
1673 4360 1737 4416 pre-

107 4516 162 4572 que
173 4494 310 4566 subjectio
324 4491 359 4546 ad
371 4488 529 4546 Creatorem
552 4484 685 4556 subiectio
700 4481 786 4538 solius
797 4480 898 4535 nolun-
948 4472 1017 4526 tium
1036 4466 1158 4536 recipcre
1181 4461 1328 4518 noluerunt
1343 4458 1484 4511 currentes
1502 4446 1530 4503 in
1543 4441 1588 4502 siti
1600 4438 1736 4501 amentiae,

109 4591 188 4656 tatis,
204 4601 266 4659 qua
276 4598 332 4641 nou
347 4584 453 4640 diuersa
464 4587 506 4636 est
522 4578 549 4633 iu
562 4575 643 4632 Patre
656 4583 684 4631 et
693 4573 773 4640 Filio,
788 4572 835 4629 sed
851 4585 898 4626 ca-
948 4562 1014 4635 quia
1035 4555 1166 4631 spiritalis
1183 4561 1263 4624 potus
1277 4547 1391 4621 gratiam
1413 4545 1584 4598 recusarunt.
1612 4532 1676 4588 lluc
1695 4538 1738 4586 est

109 4685 184 4742 dent.
206 4678 319 4737 Cunctis
334 4678 377 4733 bis
387 4672 534 4749 generibus
546 4668 723 4740 subjectionis
737 4684 752 4722 a
767 4666 838 4722 Filio
852 4663 900 4720 liei
949 4659 1002 4732 piae
1015 4649 1193 4722 subjectionis
1218 4636 1415 4711 interpretatio.
1439 4630 1545 4688 Etenim
1570 4643 1634 4685 cum
1646 4621 1739 4679 Domi·

109 4773 261 4832 secundum
274 4770 444 4827 diuinitatem
461 4763 574 4822 remotis
585 4768 784 4832 consequenter
797 4768 826 4814 et
835 4772 901 4814 con·
950 4750 1020 4806 nicar
1031 4740 1169 4817 passionis
1181 4739 1234 4793 boe
1247 4747 1348 4790 munus
1363 4730 1409 4797 sit,
1424 4725 1519 4795 utique
1533 4722 1561 4776 in
1573 4736 1629 4794 qno
1639 4730 1740 4789 pascua

108 4861 343 4924 venienteriulert
354 4856 543 4915 auctoritatam
556 4852 679 4925 Apostoli
688 4852 722 4909 de
733 4851 902 4921 subjectione
950 4850 1004 4906 est,
1016 4840 1044 4894 in
1060 4837 1113 4893 boc
1126 4832 1180 4891 crit
1194 4828 1336 4899 subiectus
1362 4825 1392 4880 in
1417 4820 1507 4879 nobis.
1530 4814 1608 4872 Unde
1633 4816 1742 4868 conatu

108 4957 173 5014 iiiiii
186 4956 221 5011 ad
235 4951 551 5009 lrumnnitatiauaturam
566 4943 816 5010 referendamcsse,
832 4943 903 4999 sicut
952 4932 1037 5006 quod,
1061 4929 1085 4986 si
1116 4926 1143 4981 in
1163 4933 1262 4980 natura
1289 4918 1409 4975 bumana
1429 4927 1527 4985 passos
1551 4916 1605 4974 est,
1625 4918 1691 4975 ergo
1713 4909 1742 4955 ct

109 5051 270 5125 praedictum
285 5055 337 5102 est.
357 5044 445 5111 Quam
461 5039 661 5112 subiectionem
672 5038 769 5094 beatum
783 5036 901 5092 Ambro·
953 5029 981 5084 in
1010 5040 1042 5081 ea
1059 5021 1198 5092 subjectus
1209 5024 1251 5073 est
1266 5011 1397 5077 innubis,
1412 5007 1478 5079 quia
1493 5014 1522 5062 et
1537 5000 1651 5057 Verbum
1677 5009 1742 5050 curo

110 5146 172 5203 sius
196 5141 361 5198 auctoritate
380 5153 431 5196 sua
451 5135 596 5192 conllrmat
622 5129 758 5203 predictis
777 5127 903 5199 quaedam
954 5119 1055 5191 iactum
1079 5120 1135 5180 eat,
1155 5119 1180 5164 et
1205 5105 1334 5162 dubitarit
1355 5102 1384 5156 in
1411 5098 1485 5153 nobit
1514 5093 1606 5166 (loen.
1635 5105 1656 5154 ι,
1685 5085 1741 5153 il),

111 5238 268 5302 inserendo,
281 5237 307 5289 ιι
319 5234 346 5287 iu
362 5231 416 5287 iine
433 5228 580 5300 capitulum
596 5227 685 5296 ipsum
710 5222 762 5278 sub
777 5222 828 5280 itae
842 5236 904 5277 sen-
955 5210 983 5268 id
1007 5217 1050 5265 est
1064 5206 1104 5268 :iu
1124 5205 1244 5259 humana
1270 5205 1379 5254 natura.
1401 5190 1480 5248 Unde
1502 5196 1530 5246 et
1547 5183 1680 5241 llediator
1699 5177 1743 5232 di·

111 5334 199 5391 untia
212 5328 410 5394 concludendo,
425 5325 500 5396 qnod
512 5324 597 5379 nomo
608 5321 664 5377 [teo
674 5317 846 5388 subiicitur.
860 5313 905 5369 stt
954 5302 1026 5359 citur
1047 5298 1094 5353 oei
1121 5307 1149 5351 et
1174 5292 1318 5350 homiuum
1334 5288 1418 5344 bomo
1442 5279 1568 5337 curtatus
1581 5274 1671 5332 terrra
1688 5267 1743 5323 tte·

111 5405 907 5490 enimrrCumsubjiciendusesseriicatorinteruporedis·
955 5408 1010 5465 que
1033 5391 1107 5448 enim
1139 5384 1334 5456 subjiciemur,
1358 5377 1412 5434 nisi
1434 5391 1482 5446 per
1506 5373 1566 5444 eius
1592 5363 1743 5436 subjectio·

112 5515 294 5591 pausationis,
322 5527 387 5583 ergo
402 5519 546 5579 susceptae,
556 5521 610 5562 non
620 5511 756 5575 perpetua
764 5497 907 5556 intirmita·
958 5501 1030 5550 nent,
1054 5482 1125 5538 sieut
1143 5496 1195 5536 uec
1223 5486 1398 5544 resurgemus
1420 5468 1472 5525 nisi
1499 5479 1548 5536 per
1568 5462 1628 5532 rjus
1649 5472 1743 5512 resur-

112 5609 153 5671 tis
165 5609 220 5666 erit
232 5609 276 5662 illa
298 5603 443 5675 subiectio,
463 5598 582 5654 trraxime
600 5611 661 5652 curu
677 5591 841 5664 sempiterna
861 5587 907 5648 lei
958 5578 1117 5635 rectionem.
1134 5571 1194 5643 lpse
1214 5569 1286 5625 cuitu
1310 5561 1434 5622 Pontilcr
1452 5560 1540 5613 lactus
1564 5561 1608 5610 cst
1637 5552 1744 5609 iuturu-

124 5707 214 5764 rirtus
228 5718 282 5759 nun
296 5700 381 5771 possit
396 5704 497 5753 statum
512 5701 618 5748 rrrutare
645 5704 693 5760 pro
721 5696 855 5756 tempore,
869 5698 905 5737 nc
962 5688 1023 5731 runt
1046 5672 1191 5734 bonorum,
1211 5680 1258 5734 per
1281 5677 1362 5732 «quem
1391 5669 1531 5711 accessum
1558 5650 1691 5708 babemus
1708 5643 1743 5700 ati
