3817 6000
192 195 256 251 Τό
1354 189 1878 247 caenomanni.
1919 222 1988 233 -
2028 191 2156 246 Lttt.
2195 192 2261 247 ll.
3365 203 3431 262 74

182 273 468 370 nnsuete
501 309 793 382 corrigere,
834 315 896 363 ut
923 308 1147 365 liaberet
1170 322 1308 379 quos
1338 317 1465 379 post
1493 306 1756 362 mundum
1790 315 1833 371 Α
1862 310 2075 364 transit.
2096 309 2229 375 Quae
2252 319 2429 363 tamen
2455 308 2694 379 prolecto
2718 311 3026 368 nullatenus
3049 316 3278 371 summis
3302 332 3435 374 con-

186 405 236 460 itt
256 402 470 477 judicio
495 402 748 459 salvaret.

245 495 354 567 73
392 494 679 550 Columbae
722 495 942 551 nomine
963 504 1152 550 sancta
1174 492 1418 550 Ecclesia
1473 491 1588 548 sive
1613 510 1762 564 qnae·-

184 586 308 643 libet
327 587 505 642 electa
531 587 714 642 anima
735 587 1073 657 designatur,
1097 586 1242 642 sicut
1263 585 1439 641 eidem
1462 586 1547 641 vel
1576 583 1762 639 Eccle-

182 680 377 738 siaevel
412 679 613 734 animae
644 679 758 735 veri
785 678 1010 734 luminis
1038 678 1181 733 diem
1213 678 1371 748 quasi
1401 686 1616 747 tempus
1641 691 1762 730 ver-

181 771 299 826 nale
322 770 668 842 praestolanti
699 784 796 841 per
840 769 1027 841 sponsi
1066 784 1255 825 vocem
1301 769 1536 824 dicitur:
1572 765 1758 837 Snrqe,

177 879 425 933 propera,
459 862 635 916 amica
659 878 797 929 mea,
839 861 1082 916 columba
1119 878 1255 927 mea,
1282 862 1518 932 formosa
1544 877 1679 926 mea,
1711 871 1760 913 et

180 958 289 1010 reni
311 974 333 1022 ,·
351 957 477 1027 jam
504 959 645 1013 enim
671 958 835 1012 hiems
861 958 1101 1023 transiit,
1146 956 1309 1011 imber
1336 956 1491 1021 abiit,
1513 966 1563 1010 et
1596 971 1760 1009 reces-

179 1045 267 1112 sit,
290 1047 457 1115 florez
508 1057 870 1118 apparuerunt
917 1048 973 1100 in
1027 1055 1167 1100 terra
1209 1055 1413 1099 nostra.
1447 1042 1574 1099 Sive
1614 1043 1761 1098 enim

179 1150 368 1194 sancta
430 1137 676 1196 Ecclesia
696 1180 713 1206 ,
763 1139 878 1195 sire
923 1151 1265 1208 unaquaeque
1317 1137 1485 1192 electa
1535 1134 1716 1190 anima
1743 1175 1758 1199 ,

179 1229 387 1285 celesti
413 1245 624 1300 sponso
641 1241 727 1287 est
752 1231 926 1286 amica
962 1246 1060 1301 per
1087 1244 1353 1294 amorem,
1393 1225 1643 1282 columba
1667 1241 1762 1295 per

178 1322 455 1392 spiritum,
484 1321 724 1378 tortuosa
751 1338 850 1395 per
886 1336 1098 1376 morum
1126 1319 1607 1391 pulchritudinem.
1631 1316 1764 1384 Quae

178 1428 299 1467 cnm
324 1414 447 1483 jam
497 1412 567 1468 de
601 1412 950 1482 corruptione
972 1412 1157 1467 carnis
1198 1410 1467 1475 educitur,
1496 1410 1546 1466 ei
1573 1409 1762 1480 procul

177 1506 346 1561 dubio
396 1505 577 1561 biems
607 1506 844 1573 transiit,
896 1504 1023 1577 quia
1077 1503 1360 1575 praesentis
1409 1502 1531 1558 ritae
1575 1511 1763 1571 torpor

178 1596 448 1653 abscedit.
484 1595 661 1652 imber
684 1611 905 1667 quoque
937 1595 1091 1662 abiit,
1116 1603 1170 1650 et
1204 1593 1426 1661 recedit,
1466 1609 1595 1664 qma
1636 1608 1760 1647 cum

1863 410 2100 472 grueret,
2150 401 2254 456 nisi
2284 417 2401 455 cam
2434 403 2672 456 cantanti
2696 403 2858 472 gallo,
2887 402 2939 457 id
2992 414 3095 470 est,
3124 409 3436 476 praedicanti

1863 493 2071 547 doctori
2096 493 2211 563 ipse
2236 508 2576 547 summorum
2608 495 2855 548 conditor
2880 495 3237 552 ministraret.
3281 496 3439 553 lntel·

1864 583 2381 654 ligentiamquoque
2410 584 2584 655 gallus
2634 585 2849 656 act-ipit,
2881 597 2942 640 ut
2990 588 3142 656 prius
3185 588 3438 643 nocturni

1865 677 2124 746 temporis
2147 677 2310 732 boras
2353 676 2628 744 discutiat,
2652 687 2705 732 et
2732 690 2860 733 tunc
2882 679 3101 734 dentum
3132 696 3318 735 vocem
3344 696 3440 735 ex-

1863 768 2137 824 citationis
2183 769 2425 833 emittat,
2472 769 2600 838 qnia
2647 769 2893 825 videlicet
2936 781 3160 828 sanctus
3203 774 3442 844 quisque

1864 860 2183 930 praedicator
2209 863 2359 930 prius
2394 861 2447 915 in
2474 860 2813 918 auditoribus
2833 864 2948 920 snis
2974 866 3288 936 qualitatem
3315 867 3440 922 vitae

1862 951 2189 1020 considerat,
2202 962 2256 1007 et
2279 962 2407 1008 tunc
2428 952 2643 1009 demnm
2669 955 2736 1010 ad
2761 957 3117 1012 erudiendum
3138 975 3438 1029 congruam

1866 1055 2051 1096 vocent
2105 1042 2507 1111 pia-dicationis
2566 1043 2786 1100 format.
2850 1045 3016 1112 Quasi
3078 1049 3220 1103 enini
3273 1049 3438 1104 boras

1866 1130 2039 1185 noctis
2099 1131 2410 1187 discernere
2469 1142 2554 1187 est
2622 1148 2968 1205 pcccatorum
3039 1139 3229 1194 met-ita
3294 1140 3439 1210 diju-

1863 1221 2065 1276 dicare.
2115 1221 2283 1288 Quasi
2333 1225 2495 1281 horas
2559 1229 2732 1283 noctis
2781 1222 3104 1288 discernere
3140 1242 3223 1288 est
3269 1235 3439 1291 actio·

1864 1329 1995 1367 nunt
2042 1315 2291 1371 tenebras
2339 1326 2462 1386 apta
2533 1318 2919 1390 increpationis
2966 1340 3095 1380 voce
3143 1327 3436 1399 corripere.

1935 1403 2091 1459 Gallo
2117 1406 2299 1477 itaque
2350 1409 2703 1481 intelligentia
2740 1413 2973 1484 desuper
3003 1418 3281 1484 tribuitur,
3312 1421 3441 1490 quia

1864 1494 2071 1550 doctori
2099 1497 2362 1562 veritatis,
2405 1501 2746 1558 discretionis
2771 1504 2962 1573 virtuS,
3001 1515 3060 1562 ut
3083 1511 3289 1565 noverit
3320 1513 3443 1581 qui-

1865 1585 1988 1650 ima,
2044 1589 2192 1658 quial,
2228 1593 2461 1658 qnando,
2513 1598 2589 1646 tvl
2621 1602 2891 1666 t'ut'sl‘llssnit)
2940 1598 3137 1655 inserat
3182 1602 3443 1658 divinitus

178 1688 245 1740 ad
285 1686 772 1756 contemplandum
823 1687 877 1741 in
923 1701 1020 1742 sua
1073 1684 1380 1740 substantia
1416 1685 1764 1754 omnipoten-
1797 1685 1839 1740 B
1872 1682 2228 1734 illinisti-atur.
2264 1683 2377 1738 Ram
2405 1690 2545 1738 enini
2605 1706 2705 1742 nna
2757 1694 3055 1762 cademque
3102 1695 3316 1750 cunetis
3350 1711 3445 1750 ex-

179 1785 284 1831 tem
330 1778 506 1833 Deum
531 1778 803 1844 educitur,
820 1777 934 1848 jam
960 1777 1250 1831 verborum
1303 1785 1468 1848 gutta:
1510 1791 1765 1831 necessa-

181 1870 276 1925 riae
317 1886 430 1926 non
484 1880 669 1937 erunt,
712 1879 772 1925 ut
798 1870 979 1941 pluvia
1014 1870 1211 1926 debeat
1253 1869 1654 1941 praedicationis
1684 1869 1767 1924 in-

179 1961 338 2019 l'undi
368 1981 383 2015 ε
418 1978 544 2017 nam
574 1963 721 2034 quod
770 1962 954 2018 minus
974 1963 1164 2019 audire
1202 1963 1402 2035 potuit,
1426 1962 1661 2034 amplius
1688 1963 1769 2016 vi-

177 2056 350 2112 debit.
385 2054 543 2112 Tunc
581 2065 845 2126 apparent
895 2056 1056 2114 flores
1083 2057 1139 2112 in
1166 2066 1333 2124 terra,
1361 2057 1490 2129 quia
1536 2071 1661 2112 cum
1703 2056 1770 2111 de

178 2159 402 2204 aeternae
429 2149 784 2204 beatitudinis
804 2153 914 2204 vita
960 2150 1207 2221 quaedam
1233 2151 1517 2206 suavitatis
1538 2150 1771 2221 primor-

178 2242 268 2299 dia
295 2251 635 2315 praegustare
656 2244 840 2298 attitna
868 2243 1117 2313 coeperit,
1139 2245 1296 2315 quasi
1318 2244 1431 2314 jam
1461 2244 1516 2298 in
1546 2243 1770 2298 {loribus

178 2336 414 2392 odorata
438 2335 571 2390 exit.
606 2335 729 2402 Quo
785 2345 1072 2408 postquam
1112 2351 1331 2409 egressa
1361 2336 1544 2404 fuerit,
1572 2337 1623 2391 in
1655 2336 1763 2391 sru-

177 2437 272 2485 etn
303 2428 535 2484 uberius
563 2429 806 2484 babebit.

779 2538 1043 2596 CAPUT
1116 2539 1195 2596 V.

834 2648 901 2687 nt:
925 2647 1118 2688 cacto.

184 2727 251 2783 In
280 2725 574 2795 Scriptura
602 2740 758 2778 sacru
782 2724 917 2850 yglli
959 2727 1170 2848 noluitne
1194 2735 1410 2780 sanctus
1452 2725 1773 2797 pra-dicator

845 2813 1025 2866 estona
1051 2812 1136 2851 nr.

251 2889 400 2945 Galli
425 2888 648 2943 nomine
669 2889 990 2958 praedieator
1017 2897 1242 2945 sanctus
1265 2888 1600 2960 designatur,
1630 2887 1776 2945 sicut

179 2995 278 3052 per
300 2979 657 3036 Salomonem
684 2978 919 3035 dicitur:
957 2978 1086 3034 Tria
1112 2996 1231 3051 qnoe
1275 2978 1400 3035 bene
1428 2980 1768 3050 yrudinntur,

181 3084 232 3129 et
261 3082 518 3145 quartum
563 3072 703 3143 quod
738 3072 932 3126 incedit
987 3071 1235 3143 feliciter.
1288 3072 1395 3128 Leo
1443 3073 1768 3142 fortissimus

183 3169 481 3223 bestiarum
509 3168 581 3221 ad
607 3167 818 3221 nauum
859 3168 1063 3238 pavebit
1106 3183 1402 3222 occursum.
1433 3165 1620 3221 Gallus
1648 3183 1770 3221 snc-

183 3258 625 3314 cinctnslnmbos
653 3270 701 3311 et
727 3258 907 3323 aries,·
953 3275 1047 3313 neo
1097 3267 1172 3313 est
1226 3273 1316 3311 rea:
1348 3258 1439 3329 qui
1486 3257 1696 3312 resistat
1723 3257 1772 3312 ei

184 3351 381 3423 (Pron.
406 3367 533 3417 xxx,
560 3350 651 3416 29,
679 3350 792 3421 50).
822 3351 960 3407 llinc
1005 3351 1222 3407 beatum
1250 3349 1354 3405 Joh
1380 3350 1644 3407 Dominus
1688 3350 1773 3404 in-

185 3451 459 3512 terrogat,
498 3442 725 3501 dicens:
756 3441 887 3506 Quis
919 3442 1096 3511 posuit
1142 3443 1197 3495 ist
1234 3439 1518 3496 visceribus
1541 3441 1770 3495 hominia

182 3536 533 3605 sapientiam,
554 3534 632 3589 nel
654 3535 774 3603 quis
804 3534 949 3587 dedit
979 3531 1124 3604 qallo
1169 3532 1576 3603 intelligentiam
1598 3530 1768 3601 1²(10b

183 3641 435 3692 uum,
454 3624 568 3692 56.)
594 3624 868 3697 Sapientia
913 3626 1112 3696 quippe
1138 3626 1400 3681 divinitus
1425 3624 1687 3694 inspirata
1714 3624 1771 3677 in

186 3718 502 3774 riseri-ibus
552 3718 790 3774 bominis
837 3718 1077 3788 ponitur,
1109 3717 1240 3788 qnia
1290 3717 1547 3772 nimirum
1591 3731 1770 3787 quan-

187 3819 310 3864 tutn
363 3809 433 3863 ad
481 3809 772 3864 electorum
804 3818 1094 3865 numerum
1126 3819 1354 3880 spectat,
1392 3825 1501 3864 non
1545 3808 1601 3863 in
1642 3807 1771 3863 solis

185 3901 302 3974 74
350 3901 598 3968 vocibus,
629 3902 723 3957 sed
770 3902 933 3956 etiam
991 3901 1244 3957 sensibus
1295 3903 1475 3968 datur,
1519 3910 1581 3956 ut
1614 3901 1766 3971 juxta

183 3994 340 4066 quod
369 3994 613 4064 loquitur
635 3994 841 4063 lingua,
872 3995 1018 4050 vivat
1046 3994 1400 4062 conscientia,
1449 4004 1504 4049 et
1529 3992 1620 4049 lux
1650 3994 1770 4063 ejus

184 4095 347 4142 tanto
370 4084 577 4142 clarius
617 4086 960 4157 resplendeat
1001 4085 1054 4140 in
1089 4085 1393 4156 superficie,
1439 4094 1646 4157 quanto
1679 4100 1771 4140 ve-

184 4179 309 4234 rius
334 4176 635 4232 inardescit
678 4178 734 4231 in
777 4176 959 4232 corde.
999 4176 1177 4249 Magni
1211 4184 1393 4231 autem
1445 4176 1647 4232 laboris
1686 4184 1770 4230 est

182 4271 296 4326 hoc
320 4270 469 4341 quod
514 4269 732 4324 additur
765 4289 779 4324 :
810 4270 941 4334 Quis
987 4268 1133 4324 dedit
1181 4267 1324 4340 yallo
1349 4267 1765 4339 intelliqentiam,

181 4362 465 4420 subtiliori
496 4364 677 4416 adbuc
703 4361 1043 4432 expositione
1076 4360 1366 4417 discutere.

253 4455 366 4523 Qui
399 4471 639 4524 namque
668 4455 772 4509 ltoc
801 4456 920 4509 loco
946 4453 1060 4520 alii,
1091 4454 1196 4508 nisi
1225 4453 1607 4524 praedicatores
1637 4468 1766 4507 san-

179 4550 256 4605 cti
280 4548 669 4617 designantur,
724 4547 819 4617 qui
864 4546 1005 4603 inter
1033 4546 1282 4601 tenebras
1315 4546 1439 4601 vitae
1485 4544 1767 4617 praesentis

181 4642 412 4697 student
428 4651 713 4695 venturam
743 4640 920 4695 lucem
951 4640 1293 4710 praedicando
1318 4639 1471 4709 quasi
1497 4641 1768 4695 cantando

181 4735 448 4788 nuntiare
470 4734 496 4787 ἲ
551 4732 752 4788 Dicunt
782 4732 925 4787 enim
960 4751 976 4788 ς
1011 4730 1137 4786 Nox
1182 4731 1471 4804 proecessit,
1521 4732 1632 4787 dies
1664 4748 1766 4785 au-

180 4836 293 4881 tent
310 4825 755 4897 appropinquavit
779 4824 951 4893 (Rom.
975 4839 1094 4889 111¹,
1119 4823 1229 4893 ¹2).
1259 4822 1364 4890 Qui
1398 4823 1624 4879 vocibus
1653 4823 1769 4879 suis

175 4933 444 4975 somnum
472 4916 647 4973 nostri
664 4917 911 4987 corporis
939 4917 1220 4971 excutiunt
1244 4915 1541 4971 clamantes
1565 4933 1580 4970 ε
1614 4913 1766 4968 Hora

171 5018 260 5064 au
285 5009 398 5076 ianr
421 5025 514 5065 nos
536 5007 604 5063 de
617 5023 801 5064 somno
821 5022 1030 5077 snrqere
1073 5006 1249 5074 (ibim,
1270 5005 1379 5076 ll).
1408 5004 1474 5060 Et
1504 5020 1721 5060 rursum
1749 5022 1763 5059 z

174 5097 475 5170 Evigilate,
500 5099 661 5168 justi,
688 5113 737 5153 et
760 5098 922 5153 nolite
942 5113 1153 5168 peccare
1177 5095 1233 5168 (Ι
1261 5095 1386 5153 Cor.
1420 5113 1508 5161 xv,
1530 5096 1643 5168 54).
1674 5094 1763 5150 ln-

171 5192 489 5265 telligentia
513 5201 696 5247 autem
743 5193 1027 5248 doctorum
1054 5200 1204 5248 tanto
1237 5203 1360 5246 esse
1399 5189 1647 5245 subtilior
1671 5189 1766 5245 de·

177 5287 299 5351 bet,
320 5294 536 5356 quanto
584 5300 644 5341 se
691 5284 758 5339 ad
803 5284 1132 5355 penetranda
1179 5282 1472 5339 invisibilia
1529 5291 1764 5350 exercet,

175 5388 401 5447 quanto
449 5378 590 5433 nihil
637 5377 917 5432 materiale
945 5376 1186 5443 discutit,
1219 5384 1428 5447 quanto
1452 5385 1507 5430 et
1550 5390 1646 5445 per
1668 5391 1766 5430 ro·

177 5485 308 5527 cem
355 5471 609 5542 corporis
662 5470 892 5541 loquens
958 5483 1119 5525 omne
1168 5470 1313 5540 quod
1381 5477 1466 5525 est
1516 5470 1764 5538 corporis

258 5648 415 5722 (108)
454 5648 612 5705 Circa
646 5649 884 5704 medium
908 5647 1101 5716 eapitis
1127 5663 1176 5701 tv
1205 5646 1316 5703 liaec
1344 5644 1615 5716 leguntur.

477 5743 749 5803 Pnnot..
784 5740 1055 5806 cxcttt.

1872 1774 2104 1826 imi-tutin
2132 1778 2401 1842 rotsienit,
2429 1782 2553 1846 qnia
2577 1798 2673 1834 nen:
2709 1796 2933 1839 euin-tos
2959 1799 3055 1854 pat·
3077 1801 3286 1840 morum
3309 1804 3447 1858 qua·

1872 1866 1992 1918 idas
2016 1866 2280 1938 astritigit.
2316 1870 2465 1938 Repe
2517 1874 2709 1938 quippi·
2745 1874 2865 1926 :iliis
2897 1873 3139 1930 officiunt
3165 1893 3288 1948 quae
3314 1878 3439 1934 aliis

1872 1970 2116 2022 piens-nni.
2148 1958 2276 2010 Etim
2328 1974 2377 2014 rt
2409 1962 2725 2034 pierumque
2781 1966 2957 2021 lirrbae
2987 1983 3112 2037 quae
3162 1970 3276 2026 ltaec
3324 1972 3444 2026 atti-

1872 2050 2028 2102 ntalia
2068 2054 2332 2118 telin-iusti,
2373 2054 2473 2106 illia
2505 2058 2777 2110 inueniunt.
2817 2058 2880 2112 Et
2904 2059 3039 2116 levis
3068 2061 3446 2133 sibilusequos

1876 2143 2104 2215 tititignl,
2136 2147 2344 2199 catulus
2405 2151 2645 2219 infligat.
2685 2151 2745 2203 [it
2793 2150 3248 2209 :tittidicamenlum
3299 2156 3447 2226 quod

1876 2235 2016 2287 linui:
2052 2239 2296 2291 inminuti
2336 2243 2633 2307 imminuit,
2669 2247 2821 2299 :tlh-ri
2857 2245 2997 2302 vires
3022 2246 3220 2318 jungit.
3256 2247 3320 2303 Et
3350 2264 3450 2318 pa-

1876 2331 1976 2387 nis„
2016 2331 2104 2399 qni
2136 2335 2296 2383 *tilam
2332 2335 2553 2387 i'urtimn
2613 2339 2849 2395 inlinisi.
2891 2340 3240 2407 parvulorum
3269 2351 3444 2397 necat.

1876 2419 1976 2468 iim
2008 2423 2264 2487 qualitati!
2320 2423 2657 2479 :indiffinitum
2694 2428 2916 2482 ,rm-inuri
2964 2429 3123 2484 debet
3151 2446 3332 2486 sermo
3352 2432 3451 2486 do-

1876 2523 2104 2575 rmiunt,
2136 2523 2192 2563 nl
2236 2515 2296 2567 :nl
2328 2535 2425 2567 ,uita
2453 2519 2681 2587 *lingniis
2713 2519 2817 2587 75
2869 2532 3157 2590 congruat,
3184 2533 3238 2577 el.
3266 2531 3449 2578 tamin

1872 2619 1900 2651 :t
1936 2607 2244 2659 stlitittttltt'ls
2280 2607 2649 2659 ;‚÷·d.ti÷·.·:tiunis
2701 2623 2813 2663 :trie
2875 2625 3154 2680 nunquam
3208 2612 3443 2668 recedat.

1871 2688 2014 2758 Quid
2052 2693 2196 2747 enim
2242 2703 2372 2749 sunt
2416 2695 2637 2753 intentae
2683 2707 2897 2755 mentes
2941 2700 3250 2756 auditorum
3284 2742 3300 2768 ‚
3342 2701 3446 2756 nisi

1872 2783 2030 2853 quasi
2070 2785 2318 2855 quaedam
2370 2787 2425 2841 in
2457 2787 2668 2844 cithara
2721 2792 3046 2848 tentationes
3094 2793 3295 2849 strictae
3344 2792 3442 2866 [at.

1873 2874 2076 2947 stratae]
2101 2877 2427 2934 chordarum
2454 2879 2477 2933 ἲ
2521 2879 2669 2948 Quas
2725 2882 2979 2954 tangendi
3010 2883 3225 2951 artilex,
3255 2894 3446 2940 utnon

1874 2968 2182 3039 semetipsis
2217 2969 2486 3028 dissimile
2537 2975 2812 3031 canticum
2863 2975 3067 3043 saciat,
3110 2978 3448 3035 dissimiliter

1874 3060 2070 3129 pulsat.
2094 3061 2160 3117 Et
2193 3064 2399 3121 idcirco
2424 3067 2641 3123 chordae
2667 3083 2967 3125 consonam
3020 3071 3447 3128 modulationem

1872 3154 2129 3223 reddunt,
2189 3157 2318 3227 quia
2358 3174 2469 3214 uno
2497 3160 2715 3231 quidem
2760 3162 2988 3232 plectro,
3044 3165 3137 3220 sed
3181 3180 3289 3220 non
3337 3181 3449 3221 uno

1872 3245 2107 3315 impulsu
2150 3247 2438 3307 feriuntur.
2471 3249 2622 3308 Unde
2650 3262 2703 3310 et
2748 3255 2939 3312 doctor
2984 3257 3236 3328 quisque,
3290 3267 3350 3313 ut
3391 3259 3445 3314 in

1873 3352 1978 3391 una
2009 3351 2233 3397 cunctos
2255 3343 2455 3399 virtute
2477 3345 2757 3402 charitatis
2799 3346 3049 3414 aedisscet,
3078 3365 3144 3404 ex
3203 3366 3314 3405 una
3347 3350 3448 3405 do·

1871 3429 2065 3497 ctrina,
2086 3447 2191 3487 non
2216 3450 2321 3489 una
2343 3435 3025 3507 eademqneexltortatione
3049 3448 3268 3513 tangere
3283 3442 3449 3498 corda

1870 3522 2204 3579 audientium
2228 3525 2406 3583 debet.

1942 3610 2092 3682 (tos)
2132 3611 2406 3671 Habemus
2434 3632 2563 3672 vero
2605 3618 2772 3684 aliud,
2817 3619 2965 3690 quod
3014 3618 3082 3676 de
3126 3622 3293 3694 hujus
3319 3624 3446 3695 galli

1871 3701 2221 3773 intelligentia
2253 3709 2599 3766 considerare
2620 3710 2935 3770 debeamus».
2969 3715 3097 3786 quia
3129 3715 3448 3785 profundio-

1870 3797 2025 3852 ribus
2051 3800 2203 3855 boris
2226 3802 2402 3857 noctis
2425 3804 2751 3861 valentiores
2798 3821 2863 3862 ac
2887 3808 3265 3877 productiores
3286 3814 3448 3867 edere

1870 3890 2063 3947 cantus
2090 3893 2227 3948 solet
2252 3911 2267 3959 ;
2302 3909 2427 3949 cum
2456 3911 2585 3952 vcro
2615 3898 2946 3954 matutinum
2966 3899 3082 3970 jam
3110 3911 3321 3973 tempus
3348 3919 3448 3975 ap·

1871 3984 2220 4053 propinquat,
2246 3982 2476 4041 leviores
2501 3995 2554 4041 et
2584 3986 2912 4043 minutiores
2944 3990 3261 4047 omnimodo
3282 4007 3447 4048 voces

1870 4073 2090 4130 format.
2147 4074 2203 4131 ln
2251 4078 2451 4148 quibus
2501 4079 2628 4150 galli
2679 4079 2842 4151 liujus
2887 4081 3263 4153 intelligentia,
3314 4088 3446 4154 quid

1869 4168 2030 4222 nobis
2061 4167 2305 4224 insinuat
2329 4171 2675 4227 considerata
2726 4172 3145 4243 praedicatorum
3184 4175 3446 4233 discretio

1868 4258 2227 4328 demonstrat,
2254 4262 2347 4331 qui
2371 4279 2494 4317 cnm
2525 4263 2729 4335 iniquis
2783 4264 2962 4322 adhuc
3004 4266 3280 4323 mentibus
3306 4284 3446 4338 pne·-

1868 4350 2073 4418 dicant,
2105 4352 2228 4408 altis
2258 4363 2311 4408 et
2346 4356 2556 4425 magnis
2603 4355 2830 4411 vocibus
2874 4357 3061 4412 aeterni
3101 4358 3306 4429 judicis
3332 4368 3446 4414 ter·

1869 4458 2025 4499 rores
2052 4445 2323 4512 intimant,
2377 4448 2504 4517 quia
2556 4448 2806 4505 videlicet
2848 4451 3005 4519 quasi
3059 4449 3113 4505 in
3163 4451 3447 4522 profundae

1872 4537 2049 4592 noctis
2078 4539 2317 4593 tenebris
2369 4539 2625 4595 clamant.
2656 4540 2792 4596 Cum
2820 4556 2945 4597 vero
2968 4543 3082 4612 jam
3127 4543 3445 4600 auditorum

1872 4651 2098 4691 suorum
2125 4637 2650 4693 cordibus-veritatis
2670 4640 2845 4695 lucem
2868 4640 3060 4695 adesse
3085 4650 3439 4712 cognoscunt,

1874 4730 2133 4786 clamoris
2178 4731 2265 4786 sui
2326 4731 2751 4800 magnitudinem
2807 4732 2863 4787 in
2922 4733 3192 4790 levitatem
3222 4735 3436 4791 dulcem

1873 4834 2110 4886 vertunt,
2141 4834 2194 4880 et
2233 4841 2342 4880 nnn
2394 4834 2502 4881 tam
2552 4825 2641 4880 illa
2685 4840 2815 4897 ,quae
2846 4836 2975 4881 sunt
3002 4826 3070 4884 de
3114 4829 3293 4899 poenis
3335 4839 3445 4885 ter-

1869 4915 2070 4983 ribilia,
2102 4933 2265 4986 quam
2308 4933 2372 4974 ea
2399 4933 2521 4989 quae
2551 4926 2679 4973 sunt
2718 4918 2914 4973 blanda
2942 4920 3009 4975 de
3054 4923 3294 4991 praemiis
3316 4937 3445 4992 pro-

1871 5005 2072 5062 ferunt.
2102 5006 2207 5075 Qui
2254 5009 2416 5064 etiam
2470 5016 2599 5063 tunc
2648 5008 2872 5063 minutis
2920 5012 3145 5067 vocibus
3197 5022 3439 5076 cautant,

1869 5097 1997 5167 quia
2029 5100 2424 5171 propinquante
2470 5115 2628 5155 mane
2664 5100 2886 5156 subtilia
2922 5117 3151 5173 quaeque
3201 5105 3267 5159 de
3319 5119 3439 5174 my-

1869 5190 2052 5248 steriis
2108 5193 2422 5262 praedicant,
2474 5202 2535 5249 ut
2583 5209 2845 5272 sequaces
2895 5194 2980 5250 sui
3028 5209 3095 5250 eo
3144 5194 3439 5250 minutiora

1870 5298 2101 5355 quaeque
2140 5285 2453 5341 coelestibus
2491 5285 2733 5353 audiant,
2791 5301 2902 5356 qno
2932 5286 3038 5340 luci
3075 5286 3318 5341 veritatis
3341 5299 3440 5355 ap·

1868 5379 2253 5448 propinquant,
2282 5386 2336 5433 et
2377 5393 2517 5449 qnos
2554 5379 2884 5435 dormientes
2926 5380 3119 5451 longus
3147 5378 3273 5449 galli
3323 5378 3438 5433 cla-

1871 5486 1992 5526 mor
2018 5472 2362 5537 excitaverat,
2415 5472 2695 5544 vigilantes
2725 5473 2988 5528 succisior
3022 5470 3268 5539 delectet,
3294 5483 3436 5542 qua-

3130 5730 3170 5793 3
