3817 6000
361 274 467 335 595

1329 274 1638 330 [21311113111
1678 274 2070 330 Pstflt'ssffll'l
2107 273 2659 335 RmcuERSPERG.

3509 277 3627 336 506

359 392 544 451 minor
582 408 694 448 non
740 402 844 449 est.
881 411 901 445 v
938 391 1065 449 llaec
1109 390 1321 446 dicente
1365 402 1553 446 sunnin
1601 390 1806 446 Hilario
1850 410 1950 446 nns
1978 398 2022 454 ιι
2054 394 2183 449 bum
2215 408 2346 450 caro
2393 393 2595 451 sactum
2625 393 2886 464 loquitur,
2918 390 3218 450 secundum
3246 404 3412 464 quam
3436 388 3632 448 humi-

357 486 562 544 eisdem
594 501 833 544 consona
867 484 1153 542 sentiendo
1193 503 1485 555 possumus
1509 482 1686 539 [linere
1722 503 1734 539 :
1770 482 1938 539 Hane·
1994 511 1998 515 ²

357 580 609 635 dicturus
637 578 836 633 Filium
860 576 1020 633 Pater
1049 579 1229 651 majnr
1249 587 1349 643 est,
1385 579 1702 631 benedi-:tus
1730 595 1758 631 a
1786 579 1942 633 Pam:

354 669 531 727 Filius
557 670 736 724 minor
764 684 873 724 non
898 679 1003 735 est,
1026 671 1261 724 maxinn:
1297 671 1381 723 illa
1409 667 1806 731 hanellictinnn,
1834 687 1938 739 qua

355 763 439 820 sic
466 762 783 819 benedictus
830 770 935 828 est,
970 769 1032 817 ut
1073 761 1285 817 veniret
1336 760 1392 816 in
1446 760 1669 818 nomine
1702 759 1942 828 Domini,

355 854 462 910 hoc
491 862 593 921 est,
625 861 686 909 ut
711 869 911 910 nomen
958 853 1176 910 Domini
1224 854 1296 908 sit
1337 868 1536 909 nomen
1566 853 1708 924 ejus,
1735 867 1847 909 non
1875 867 1943 909 eo

361 946 541 1010 unuln,
569 962 678 1014 ιμιυ
702 958 782 998 1¹51
810 946 1103 1000 tinniturum
1125 943 1497 1022 dominorum,
1521 943 1792 1017 siquidem
1814 952 1945 1003 sunt

361 1042 563 1094 [lumini
601 1042 778 1102 snum,
822 1058 882 1094 nv
930 1038 1156 1106 proinde
1192 1037 1550 1093 nominantur
1586 1037 1818 1103 domini,
1847 1037 1944 1094 sed

357 1154 421 1186 *sn
449 1134 633 1194 fflrnln,
665 1150 774 1202 illm
814 1147 1006 1184 ιιιιῑιῑιῚι
1045 1128 1263 1186 Domini
1293 1131 1547 1203 congruit
1579 1130 1681 1186 soli
1705 1128 1817 1186 Deo
1851 1145 1945 1186 re·-

361 1226 545 1295 gtltulli
577 1234 629 1279 εἰ
657 1226 958 1279 [lmn'lnnnli
1012 1237 1176 1293 super
1220 1222 1406 1278 omnia
1455 1221 1834 1278 dominatione
1858 1221 1945 1281 (Γι-

357 1323 505 1379 xin-21,
541 1335 698 1387 qnam
742 1335 950 1387 {finftun-
980 1315 1173 1372 habuit
1198 1315 1406 1371 Christi
1436 1315 1730 1384 divinitaS,
1756 1330 1946 1387 quam·

361 1427 465 1479 qm:
497 1411 649 1463 Patre
690 1411 1040 1464 hem-[licente
1062 1409 1272 1480 aceepit
1298 1409 1419 1479 ejus
1440 1407 1775 1476 humanitas,
1801 1416 1862 1463 ut
1888 1407 1944 1463 in

357 1503 533 1555 svn-ma
565 1519 786 1571 <qunque
814 1503 954 1555 san-tl
990 1498 1215 1554 baberet
1237 1513 1436 1554 nomen
1466 1496 1684 1558 Domini
1708 1504 1763 1554 et
1786 1497 1944 1558 veni-

354 1603 438 1649 ret
469 1593 787 1650 benedictus
816 1595 870 1648 in
901 1593 1125 1650 nomine
1150 1592 1385 1654 Domini.

430 1684 542 1742 llac
562 1686 939 1743 benedictione
952 1685 1254 1747 dulcedinis
1275 1695 1583 1755 praeventus
1602 1695 1688 1744 est
1705 1687 1774 1743 ab
1793 1695 1946 1744 aeter-

355 1794 453 1845 n0,
470 1779 691 1848 quando
717 1778 1137 1850 praedestinatus
1161 1785 1247 1833 est
1284 1778 1449 1833 homo
1473 1776 1649 1835 Filius
1672 1778 1767 1835 Dei
1796 1779 1947 1836 l'utu-

353 1887 485 1940 rus;
518 1871 693 1928 Filius
734 1873 879 1938 dico,
917 1886 1028 1929 non
1070 1869 1130 1926 ut
1163 1871 1343 1928 caeteri
1383 1872 1687 1928 secundum
1712 1872 1945 1944 gratiam

356 1964 694 2034 adoptionis,
736 1964 830 2021 sed
862 1964 921 2019 in
949 1964 1151 2019 virtute
1192 1964 1493 2020 secundum
1526 1965 1780 2036 spiritum
1816 1981 1947 2022 san-

358 2058 729 2126 ctificationis,
761 2074 871 2130 qua
898 2073 1022 2114 eum
1054 2059 1217 2116 Pater
1238 2057 1601 2116 sanctificavit
1620 2058 1676 2113 in
1709 2073 1775 2115 eo
1799 2058 1943 2130 ipso..

357 2149 508 2222 quod
532 2148 696 2204 Pater
724 2148 846 2220 ejus
866 2147 976 2206 diei
1004 2157 1059 2205 et
1087 2164 1210 2205 εεεε
1235 2151 1447 2215 volem,
1479 2148 1710 2220 gloriam
1743 2146 1946 2218 Unige-

356 2242 463 2298 niti
491 2242 639 2298 dedit
668 2241 759 2297 ille
796 2241 939 2297 sicut
967 2249 1023 2297 et
1054 2242 1489 2299 benedictionem
1520 2241 1767 2297 omnium
1812 2255 1946 2311 gen-

355 2335 518 2402 tium,
550 2333 758 2390 scilicet
797 2342 858 2388 ut
907 2334 978 2390 sit
1023 2333 1169 2390 Deus
1215 2349 1329 2392 non
1355 2333 1672 2394 Judaeorum
1703 2341 1942 2400 tantum,

357 2427 458 2485 sed
492 2435 546 2482 et
570 2427 819 2484 omnium
867 2427 1112 2498 gentium
1160 2426 1309 2484 dedit
1342 2426 1444 2494 illi,
1474 2435 1529 2482 et
1555 2434 1945 2483 testamentum

356 2537 524 2579 suum
549 2520 898 2578 confirmavit
926 2536 1094 2593 super
1130 2529 1295 2591 caput
1321 2521 1462 2592 ejus.
1491 2520 1670 2592 Caput
1698 2520 1844 2576 enim
1878 2519 1945 2575 il-

357 2615 468 2671 lius
490 2614 730 2671 bominis
754 2614 938 2670 taliter
961 2613 1231 2670 benedicti
1250 2621 1306 2669 et
1324 2611 1651 2669 sanctificati
1670 2620 1757 2671 est
1774 2610 1943 2680 Deus,

356 2709 445 2765 vel
469 2708 515 2764 si
541 2708 717 2780 magis
741 2706 848 2763 dici
866 2707 1062 2777 placet,
1084 2706 1204 2777 ipsa
1224 2706 1348 2777 ejus
1378 2704 1660 2773 divinitas,
1680 2706 1797 2762 sine
1811 2719 1943 2777 qua,

359 2801 408 2856 si
436 2801 563 2872 quis
601 2798 880 2855 hominem
910 2798 1061 2853 illum
1098 2797 1370 2869 intelligit,
1406 2797 1511 2853 tale
1538 2806 1642 2865 εει,
1675 2813 1742 2854 ae
1766 2798 1813 2854 si
1845 2798 1947 2853 bo-

360 2894 564 2948 minem
604 2892 773 2946 alium
803 2891 925 2946 sine
953 2906 1055 2950 suo
1077 2892 1274 2962 capite,
1299 2892 1445 2963 quod
1478 2891 1533 2947 in
1564 2891 1803 2947 essentia
1825 2890 1947 2962 ejus

359 2993 444 3041 εει
462 2981 781 3055 principale,
811 2981 1089 3041 bominem
1133 2983 1370 3039 aestimet
1401 2999 1523 3040 esse
1566 2997 1746 3054 posse.
1785 2980 1946 3041 Prin-

2050 486 2252 543 litatem
2276 486 2396 558 ejus
2413 486 2578 542 etiam
2602 485 2783 563 major
2805 494 2888 543 est
2913 483 3099 554 Pater,
3115 485 3260 542 sicut
3284 483 3452 540 dicit:
3474 483 3633 553 Quo-

2050 579 2194 635 niam
2221 578 2382 635 Pater
2404 580 2582 652 major
2608 595 2696 636 me
2719 589 2826 648 est,
2847 587 2906 635 ut
2933 579 3040 636 hoe
3070 578 3249 649 ipsum
3282 577 3455 634 Deum
3478 593 3628 646 esse,

2046 671 2192 743 quod
2228 671 2306 729 illi
2348 686 2474 728 cum
2517 670 2680 727 Patre
2714 687 2884 726 uuum
2925 679 3030 732 est,
3082 678 3246 742 caput
3274 670 3349 726 sit
3380 669 3631 727 hominis

2046 762 2539 835 mediatoris,quod
2570 763 2687 834 ipse
2712 762 2864 819 solus
2887 771 2993 819 εει.
3019 761 3075 816 Si
3104 761 3251 816 enim
3282 769 3518 817 mentem
3536 776 3631 820 re-

2046 863 2132 912 cte
2160 854 2396 910 dicimus
2426 854 2725 926 principale
2761 854 3018 918 hominis,
3043 852 3096 908 id
3120 860 3205 909 εει
3236 862 3506 924 tanquam
3526 867 3629 911 ca-

2047 957 2146 1016 put
2166 948 2420 1003 bumanae
2449 947 2786 1012 substantiae‚
2816 947 3079 1018 cumipse
3103 947 3265 1002 homo
3286 962 3412 1002 cum
3441 955 3633 1001 mente

2049 1039 2122 1097 sit
2152 1039 2354 1107 homo,
2389 1054 2490 1096 cur
2532 1054 2641 1094 uon
2689 1039 2863 1096 multo
2911 1038 3307 1112 congruentius
3340 1039 3632 1110 multoque

2048 1133 2222 1204 magis
2257 1130 2498 1188 Verbum
2539 1146 2666 1188 cum
2698 1131 2882 1201 Patre,
2931 1131 3078 1204 quod
3116 1133 3280 1189 simul
3336 1131 3479 1189 Deus
3516 1142 3628 1200 εει,

2047 1234 2209 1296 caput
2229 1233 2314 1281 εει
2341 1223 2566 1294 Christi,
2598 1225 2851 1295 quamvis
2875 1223 3129 1282 Christus
3159 1225 3325 1282 homo
3354 1226 3459 1286 uisi
3497 1242 3631 1283 cum

2048 1312 2251 1384 Verbo,
2275 1318 2421 1388 quod
2446 1334 2574 1375 caro
2603 1318 2808 1382 sactum
2831 1326 2934 1385 est,
2962 1317 3190 1391 intelligi
3217 1334 3329 1374 non
3371 1320 3548 1390 possit
3568 1320 3624 1374 2·

2046 1406 2179 1464 Item
2206 1409 2348 1464 libro
2369 1412 2650 1468 secundo:
2689 1411 3048 1482 «Assumptus
3092 1412 3391 1480 esthemo,
3434 1413 3490 1467 in
3516 1428 3629 1485 qua

2049 1502 2225 1558 forma
2256 1502 2438 1574 ipsius
2456 1501 2553 1558 Dei
2578 1501 2742 1560 Verbi
2767 1519 2998 1583 persona
3041 1512 3487 1575 praesentaretur,
3511 1521 3627 1562 non

2050 1604 2109 1651 ut
2143 1596 2369 1652 haberet
2399 1594 2638 1653 Verbum
2685 1596 2828 1653 sicut
2852 1597 2942 1652 alii
2983 1597 3158 1654 sancti
3190 1598 3486 1669 sapientes,
3529 1599 3628 1656 sed

2049 1705 2162 1760 prae
2191 1690 2546 1761 participibus
2571 1691 2708 1755 suis,
2740 1706 2851 1748 non
2887 1690 3073 1762 utique
3096 1691 3242 1762 quod
3271 1692 3508 1763 amplius
3531 1693 3629 1749 ba·

1978 1751 2020 1807 Β
2048 1784 2208 1839 bcbat
2240 1781 2501 1849 Verbum,
2532 1793 2592 1838 ut
2616 1792 2759 1839 esset
2787 1799 2954 1855 quam
2991 1785 3200 1852 caeteri,
3241 1784 3628 1841 excellentiore

2047 1876 2337 1948 sapientia,
2371 1877 2465 1932 sed
2493 1875 2641 1948 quod
2670 1878 2846 1948 ipsum
2870 1875 3106 1934 Verbum
3131 1886 3269 1934 erat.
3295 1878 3453 1934 Aliud
3477 1878 3627 1937 enim

2045 1969 2286 2028 Verbum
2322 1969 2378 2026 in
2407 1983 2596 2038 carne,
2623 1968 2770 2025 aliud
2799 1967 3037 2026 Verbum
3080 1985 3232 2039 caro,
3270 1971 3323 2027 id
3355 1979 3439 2027 est
3473 1971 3626 2027 aliud

2046 2062 2283 2120 Verbum
2309 2063 2366 2118 in
2389 2062 2634 2130 homine,
2659 2062 2805 2118 aliud
2842 2060 3079 2119 Verbum
3110 2060 3451 2118 homo.Caro
3475 2063 3627 2118 enim

2045 2161 2145 2228 pro
2171 2156 2393 2212 homine
2414 2155 2597 2227 posita
2619 2155 2779 2211 estin
2801 2169 2889 2222 eo,
2921 2154 3067 2226 quod
3091 2154 3170 2211 ait
3194 2173 3208 2210 :
3252 2153 3475 2209 Verbum
3495 2170 3628 2209 care

2049 2251 2254 2322 sactum
2285 2261 2364 2306 εει
2387 2250 2572 2323 (loun.
2607 2250 2706 2323 1).2
2734 2248 2865 2307 ltem
2895 2249 3038 2307 libro
3078 2248 3149 2305 IV
3177 2266 3458 2322 exponens
3489 2250 3625 2307 illud

2049 2343 2322 2415 Sapientis
2347 2364 2360 2400 ε
2407 2343 2656 2412 «Emitte,
2710 2342 2963 2412 Domine,
3009 2343 3334 2414 sapientiam
3373 2343 3442 2399 de
3495 2342 3625 2400 sede

2045 2437 2440 2510 magnitudinis
2461 2445 2590 2492 tuae.
2620 2436 2812 2505 Aliter,
2837 2436 3035 2508 inquit,
3060 2435 3311 2505 mittitur,
3337 2446 3398 2492 ut
3421 2436 3493 2493 sit
3507 2437 3623 2507 (20)

2046 2531 2102 2586 in
2130 2531 2374 2598 homine,
2425 2530 2583 2586 aliter
2628 2530 2796 2586 missa
2841 2538 2946 2599 est,
2974 2539 3036 2587 ut
3070 2529 3191 2601 ipsa
3220 2530 3294 2586 sit
3342 2529 3526 2586 homo.
3561 2528 3624 2585 ln

2046 2625 2262 2681 animas
2289 2622 2437 2679 enim
2459 2630 2681 2679 sanctas
2703 2637 2763 2678 se
2793 2620 3074 2690 transiert,
3097 2633 3261 2694 atque
3288 2621 3498 2679 amieos
3525 2621 3623 2678 Dei

2045 2726 2100 2773 et
2125 2716 2423 2788 prophetas
2461 2715 2765 2780 constituit,
2792 2714 2936 2772 sicut
2977 2715 3140 2771 etiam
3168 2715 3358 2786 implet
3403 2723 3624 2772 sanctos

2046 2809 2289 2881 angelos,
2315 2817 2372 2866 et
2407 2809 2592 2865 omnia
2635 2807 2836 2865 talibus
2884 2806 3205 2864 ministeriis
3234 2823 3479 2879 congrua
3525 2823 3624 2879 per

2046 2919 2140 2960 eos
2167 2910 2444 2974 operatur.
2467 2901 2605 2958 Cum
2631 2912 2812 2958 autem
2841 2901 2992 2958 venit
3015 2901 3297 2972 plenitudo
3336 2901 3621 2971 temporis,

2046 2996 2214 3053 missa
2239 3004 2344 3062 est,
2375 3011 2486 3052 non
2515 3003 2575 3051 ut
2594 2994 2841 3065 impleret
2875 2993 3118 3067 angelos,
3142 3009 3245 3051 nec
3268 3003 3329 3050 ut
3349 3003 3497 3051 esset
3521 3009 3625 3049 an-

360 3077 537 3149 cipale
577 3078 740 3149 primi
763 3076 1022 3145 h⁰¹¹¹5¹¹i⁵2
1048 3077 1140 3148 ‘1¹¹5
1171 3077 1349 3134 sactus
1375 3086 1461 3133 0⁵2
1491 3077 1547 3133 5¹¹
1587 3077 1828 3133 ‘mimam
1857 3076 1944 3132 Vi·
1968 3099 2011 3157 c
2046 3092 2223 3162 gelus,
2251 3089 2360 3146 nisi
2390 3089 2446 3145 in
2490 3097 2758 3160 quantum
2787 3087 3081 3145 consilium
3116 3084 3300 3144 Patris
3324 3088 3621 3143 annuntia-

359 3181 598 3238 ventem,
630 3168 733 3227 l'uit
761 3185 917 3228 mens
942 3171 1344 3229 intellectualis.
1376 3171 1446 3225 At
1468 3170 1580 3238 ille,
1600 3185 1725 3226 cum
1756 3169 1813 3224 in
1834 3168 1942 3228 hoc

360 3264 575 3320 bonore
608 3272 773 3333 esset,
804 3279 916 3320 non
948 3264 1239 3331 intellexit,
1285 3264 1587 3335 nolensque
1613 3262 1939 3335 intelligere,

361 3365 425 3412 ut
450 3357 596 3413 bene
610 3366 815 3429 ageret,
849 3373 1014 3414 suum
1064 3367 1228 3429 caput
1256 3357 1426 3414 nimis
1454 3356 1787 3430 deturpavit,
1810 3356 1944 3429 quia

365 3449 732 3511 intellectuale
773 3465 840 3506 ac
883 3450 1155 3507 rationale
1198 3455 1389 3520 suum}
1411 3449 1748 3520 depravavit,
1799 3448 1946 3506 sicut

363 3542 530 3599 etiam
572 3544 753 3601 adhuc
776 3545 1082 3601 imitatores
1116 3544 1239 3616 ejus
1265 3530 1562 3614 deturpant
1586 3551 1752 3615 caput
1779 3558 1942 3599 suum

366 3637 545 3692 velato
566 3638 745 3707 capite
775 3638 1004 3707 orando,
1038 3638 1091 3693 id
1115 3646 1201 3695 est
1231 3638 1373 3693 inter
1400 3635 1672 3693 orandum
1709 3635 1949 3693 sensibi-.

363 3728 436 3787 lia
459 3732 639 3802 potius
666 3747 833 3803 quam
877 3732 1236 3805 intelligibilia
1267 3731 1363 3789 Dei
1388 3733 1534 3788 dona
1556 3729 1938 3787 desiderando.

363 3822 498 3881 Tale
526 3827 772 3882 velamen
812 3842 979 3897 super
1019 3841 1115 3882 cor
1136 3824 1453 3883 Judaeorum
1486 3834 1700 3881 terrena
1738 3825 1942 3895 potius,

362 3931 529 3988 quam
562 3917 805 3973 coelestia
833 3917 978 3973 bona
1001 3917 1458 3985 desiderantium,
1494 3925 1578 3973 est
1604 3917 1866 3987 positum,
1890 3924 1946 3973 et

364 4007 489 4066 ideo
519 4009 825 4066 claritatem
856 4011 1043 4067 vultus
1067 4010 1295 4077 Christi,
1322 4009 1467 4066 Solis
1484 4010 1734 4081 iustitiae,
1762 3996 1946 4080 splen-

361 4105 544 4164 dentis
576 4106 764 4160 divina
789 4105 1057 4170 claritate,
1096 4104 1191 4175 qui
1219 4103 1500 4160 esthemo
1529 4101 1808 4159 secundus
1843 4102 1946 4157 bo-

363 4198 501 4253 mini
547 4199 725 4267 primo
764 4196 1267 4267 incomparabiliter
1308 4193 1699 4265 praeferendus.
1732 4193 1946 4250 Princi-.

363 4290 487 4363 pale
514 4305 751 4362 namque
771 4288 998 4350 secundi
1021 4289 1284 4356 hominis,
1307 4288 1402 4359 qui
1432 4288 1611 4345 sactus
1627 4297 1712 4345 est
1739 4288 1795 4344 in
1831 4289 1944 4359 spi·

361 4383 530 4437 ritum
560 4383 946 4449 vivificantem,
977 4396 1089 4436 non
1116 4389 1200 4437 est
1226 4396 1383 4445 mens
1410 4381 1813 4447 intellectualis,
1842 4378 1939 4443 sed

2042 3184 2156 3251 bat,
2192 3182 2339 3255 quod
2367 3191 2422 3238 ει
2452 3182 2624 3253 ipsius
2654 3189 2791 3248 erat,
2825 3197 2926 3238 nee
2950 3192 3011 3239 ut
3044 3190 3193 3238 esset·
3211 3196 3337 3237 cum
3380 3180 3624 3237 bomini-

2042 3274 2148 3331 bus
2172 3274 2344 3329 autin
2371 3273 2710 3342 hominibus,
2750 3273 2855 3330 hoc
2895 3274 3042 3330 enim
3067 3281 3122 3330 et
3145 3281 3306 3330 antea
3350 3273 3404 3329 in
3439 3272 3622 3330 Patri-

2044 3364 2149 3421 bus
2173 3373 2230 3419 et
2249 3363 2552 3435 prophetis,
2597 3364 2692 3421 sed
2719 3371 2781 3419 ut
2809 3364 2989 3437 ipsum
3017 3362 3259 3421 Verbum
3291 3379 3423 3420 caro
3447 3362 3623 3433 lieret,

2045 3457 2096 3513 id
2125 3466 2210 3514 est
2238 3457 2405 3515 homo
2431 3456 2603 3513 tieret.
2636 3476 2658 3522 p
3554 3509 3561 3518 ,

2117 3549 2263 3607 idem
2290 3550 2433 3607 libro
2457 3550 2668 3622 primo:
2704 3550 2871 3617 «Quia
2901 3548 3075 3606 forma
3103 3548 3198 3606 Dei
3245 3551 3454 3622 accepit
3503 3550 3622 3608 ἴοι·-

2046 3660 2191 3700 mam
2222 3643 2388 3712 servi,
2424 3652 2717 3715 utrumque
2740 3641 2885 3701 Deus
2924 3651 2981 3699 et
3001 3652 3294 3716 utrumque
3317 3645 3507 3710 homo,
3525 3644 3623 3702 scd

2046 3745 2341 3807 utrumque
2360 3734 2506 3792 Deus
2541 3743 2761 3806 propter
2799 3735 3158 3806 accipientem
3183 3735 3376 3804 Deum,
3408 3747 3625 3793 utrum-

2045 3843 2153 3899 que
2175 3838 2355 3883 autem
2380 3827 2547 3883 hemo
2567 3836 2783 3898 propter
2804 3836 3083 3899 acceptum
3107 3828 3404 3884 bominem.
3433 3825 3626 3898 Neque

2045 3920 2194 3975 enim
2224 3920 2315 3975 illa
2342 3918 2687 3989 susceptione
2708 3919 2938 3975 alterum
2954 3933 3146 3975 eorum
3168 3919 3474 3975 inalterum
3485 3934 3629 3974 conq

2046 4027 2265 4068 versum
2293 4020 2458 4083 atque
2479 4018 2751 4067 mutatum
2782 4020 2888 4068 est.
2916 4009 3027 4067 Nec
3054 4010 3321 4069 Divinitas
3347 4012 3621 4084 quippein

2046 4112 2354 4162 creaturam
2386 4112 2594 4160 mutata
2629 4112 2735 4171 est,
2772 4111 2835 4160 ut
2864 4103 3152 4161 desisteret
3177 4119 3302 4161 esse
3332 4103 3622 4170 Divinitas,

2047 4210 2148 4252 nec
2176 4202 2426 4256 creatura
2444 4194 2500 4250 in
2526 4194 2899 4260 Divinitatem,
2918 4201 2981 4249 ut
3005 4193 3293 4251 desisteret
3319 4210 3442 4252 esse
3466 4210 3623 4251 crea-

2046 4296 2220 4348 tura.»

2116 4378 2214 4435 llis
2238 4378 2529 4452 Augustini
2555 4380 2718 4436 dictis
2743 4380 3031 4453 diligenter
3053 4379 3355 4451 perspectis
3373 4389 3617 4451 apparet,

362 4472 623 4532 divinitas
652 4473 1224 4545 superintellectualis,
1252 4474 1373 4530 sine
1401 4489 1510 4546 qua
1548 4475 1595 4531 si
1622 4474 1746 4545 quis
1785 4473 1940 4529 illum
1972 4448 2017 4503 D
2048 4475 2326 4531 hominem
2357 4473 2493 4541 Deo,
2523 4483 2577 4531 et
2605 4474 2777 4532 Deum
2808 4474 3013 4530 bomini
3054 4474 3136 4530 sic
3164 4473 3380 4529 unitum
3425 4474 3480 4529 in
3511 4490 3624 4529 una

364 4567 590 4641 cogitat,
625 4569 734 4624 tale
773 4579 875 4633 est,
908 4582 972 4623 ac
999 4569 1047 4622 si
1076 4566 1356 4629 hominem
1397 4567 1630 4623 alterum
1682 4567 1800 4625 sine
1838 4580 1950 4621 suo.

358 4660 879 4734 principalicogitet
904 4674 1028 4716 esse
1053 4659 1354 4726 hominem,
1385 4660 1531 4731 quod
1568 4667 1653 4716 est
1690 4658 1953 4729 impossi-.

360 4757 491 4814 bile.
516 4754 774 4822 Proinde,
796 4752 890 4824 qui
910 4752 1213 4821 bominem,
1236 4752 1292 4807 in
1312 4750 1407 4807 Dei
1421 4766 1713 4822 personam
1728 4767 1954 4808 assum-

363 4858 541 4919 ptum,
588 4849 846 4911 sine-sua
878 4845 1163 4901 divinitate
1198 4844 1462 4915 cogitant,
1502 4843 1633 4915 ipsi,
1676 4852 1948 4915 quantum

364 4946 420 4999 in
450 4944 584 5014 ipsis
618 4950 721 5008 εει,
764 4942 946 5013 ipsum
982 4942 1158 5013 eapite
1183 4955 1285 4998 suo
1315 4940 1529 5011 privant
1560 4939 1699 4996 salso
1734 4940 1945 4996 intelle-

362 5046 476 5103 ctu,
506 5036 767 5107 quoniam
792 5049 920 5091 vere
946 5033 1001 5089 id
1033 5033 1151 5089 lieri
1195 5048 1304 5090 non
1337 5039 1532 5103 potest.
1564 5029 1720 5088 Unde
1752 5032 1945 5103 Augu-

362 5129 543 5187 stinus
575 5129 630 5183 in
657 5135 811 5184 sexto
845 5126 990 5183 libro
1008 5125 1077 5182 de
1118 5133 1307 5182 sancta
1338 5123 1640 5185 Trinitate:
1676 5124 1946 5191 «Quomo-

365 5222 440 5279 do
478 5234 644 5292 caput
669 5219 875 5277 Christi
922 5218 1088 5287 Deus,
1119 5219 1173 5274 id
1214 5227 1299 5275 est
1325 5226 1489 5289 caput
1513 5216 1718 5273 Christi
1757 5215 1942 5271 Trini-

359 5322 471 5378 tas,
499 5328 624 5369 cum
657 5311 714 5366 in
755 5310 1022 5369 Trinitate
1060 5311 1133 5373 sit
1152 5309 1426 5376 Christus,
1459 5317 1520 5364 ut
1558 5308 1630 5365 sit
1663 5307 1945 5365 Trinitas?

364 5409 447 5460 An
478 5405 624 5477 quod
648 5404 907 5463 estPater
932 5420 1058 5461 cum
1081 5403 1221 5458 Filio
1242 5411 1404 5474 caput
1425 5401 1585 5458 Pater
1603 5400 1776 5470 estei,
1792 5402 1942 5473 quod

363 5510 449 5553 est
468 5500 519 5554 ei
552 5498 703 5555 solus
729 5497 903 5555 Filius
922 5499 946 5553 ⁴?
964 5498 1102 5555 Cum
1129 5498 1269 5553 Filio
1290 5498 1436 5555 enim
1463 5495 1626 5554 Pater
1650 5497 1827 5554 Deus:
1852 5513 1942 5553 so·

366 5588 454 5642 lus
476 5598 656 5644 autem
674 5590 846 5647 Filius
865 5590 1116 5649 Christus
1138 5601 1242 5661 cst,
1269 5590 1503 5647 maxime
1516 5590 1643 5661 quia
1669 5589 1784 5661 jam
1808 5588 1942 5646 Ver-

442 5767 553 5840 (20)
583 5768 724 5830 Edit.
755 5790 893 5858 cum.

2050 4568 2334 4624 Trinitatis
2361 4583 2618 4639 persona,
2650 4577 2710 4623 ut
2754 4568 2871 4623 haec
2913 4568 3036 4639 ipsa·
3071 4567 3314 4624 hominis
3351 4582 3476 4622 cum
3504 4566 3627 4623 Deo

2045 4661 2220 4722 unitio
2242 4660 2313 4717 sit
2335 4659 2431 4719 illa
2453 4661 2835 4727 sanctificatio,
2859 4676 2968 4732 qua
2997 4659 3157 4718 Pater
3183 4659 3334 4715 illum
3376 4660 3620 4717 sanctiti-

2043 4754 2207 4822 cavit‚
2242 4762 2296 4808 et
2323 4752 2476 4816 misit
2515 4753 2569 4808 in
2611 4752 2898 4821 mundum,
2943 4763 2996 4808 et
3035 4752 3134 4807 illa.
3158 4750 3482 4817 benedictio,
3508 4766 3624 4822 qua

2045 4849 2186 4907 idem
2212 4848 2381 4903 bomo
2408 4846 2557 4903 venit
2584 4846 2902 4902 benedictus
2932 4845 2987 4901 in
3020 4846 3238 4902 nomine
3274 4843 3492 4899 Domini
3521 4860 3623 4900 nex>

2041 4940 2230 5008 lsrael,
2261 4955 2426 5011 quem
2458 4938 2604 4997 Deus
2648 4936 2812 4995 Pater
2840 4938 3119 4997 benedixit
3153 4938 3211 5001 in
3240 4944 3529 5005 aeternum,
3558 4946 3625 4997 ut

2043 5032 2192 5103 regni
2221 5032 2342 5103 ejus
2389 5046 2506 5097 non⁴
2543 5030 2615 5087 sit
2642 5030 2787 5099 finiS,
2829 5030 3111 5103 quomodo
3154 5031 3341 5087 nullus
3364 5038 3449 5086 est
3494 5030 3631 5093 linis,

2042 5127 2380 5184 aeternitatis.
2415 5125 2552 5190 Hine
2573 5133 2656 5182 est
2692 5124 2840 5197 quod
2867 5125 3055 5193 etiam,
3085 5124 3408 5196 priusquam
3456 5132 3623 5191 natus

2042 5236 2178 5293 puer
2206 5220 2372 5277 sciret
2391 5233 2588 5275 vocare
2615 5226 2827 5288 patrem
2853 5217 2936 5280 vel
2955 5226 3206 5284 matrem,
3232 5216 3374 5273 sicut
3398 5217 3452 5283 in
3479 5213 3619 5271 isaia

2044 5314 2262 5389 legitur,
2294 5313 2412 5384 ipso
2442 5321 2725 5384 regnante,
2757 5326 2822 5367 ac
2850 5320 3055 5373 terram
3088 5325 3250 5366 suam
3297 5307 3620 5376 defensante

2043 5409 2219 5463 ablata
2253 5415 2338 5463 εει
2361 5404 2622 5461 fortitudo
2650 5402 2922 5473 Damasei,
2948 5411 3005 5460 et
3024 5404 3198 5475 spolia
3232 5401 3496 5467 Samaria
3519 5416 3618 5458 co·

2043 5516 2161 5557 ram
2190 5513 2315 5570 rege
2339 5497 2711 5571 Assyriorum.
2748 5496 3124 5568 Vocaquuit,
3150 5512 3344 5563 savonen⁴
3364 5493 3501 5565 ejus,
3517 5491 3621 5548 Ac-

2041 5593 2210 5649 celera
2242 5592 2413 5663 spolia
2439 5592 2729 5662 detrahere,
2763 5590 2982 5649 Festina
3007 5590 3240 5664 predari
3259 5605 3278 5643 .·
3300 5589 3428 5660 quia
3467 5596 3619 5644 ante-
