3817 6000
181 279 234 336 δτι)
664 266 818 325 cuntium
838 264 1033 324 PRAEPOSlTl
1054 263 1334 322 nutctlunsrunc.
1762 267 1818 326 880

211 393 298 450 dans.
313 391 357 445 36.
374 390 425 456 Qasr
440 386 549 459 perfecit
563 384 639 457 pedes
658 401 729 441 ineos
743 395 870 456 tanquam
884 399 974 439 cerso-
988 388 1011 442 Α
1027 381 1143 445 mittere,
1166 388 1194 435 ct
1208 380 1243 436 ad
1264 394 1360 435 verum
1388 377 1473 436 David
1497 394 1549 436 nus
1573 380 1738 453 trutrslerre,
1758 385 1818 457 jam

171 502 251 541 ‘rum
266 481 303 540 th
316 479 447 553 rugiendo
462 477 574 534 Saulem
591 486 686 549 postea
704 492 747 533 me
762 485 974 547 persequentem
1024 471 1096 526 dicta
1119 469 1204 525 dauid
1224 469 1353 540 specialia
1368 469 1498 526 beneficia
1515 468 1572 526 Deo
1583 469 1697 540 juvante
1711 485 1819 546 repeta·

180 577 222 636 sic
236 574 358 647 lugerem
374 588 423 644 per
450 568 587 627 silvestria
610 577 639 625 et
658 577 804 626 montuosa
829 568 889 623 loca
913 576 976 622 tan·
1025 578 1098 629 mus,
1113 569 1141 617 et
1155 561 1183 616 in
1195 561 1239 617 bis
1250 559 1354 617 Christi
1370 559 1500 633 mysteria
1515 575 1663 631 carpamus

179 684 262 739 quam
284 664 363 738 agilis
386 678 493 719 cervus.
519 661 555 716 m
570 659 766 733 superexcelso
786 667 906 715 statuens
922 676 974 724 ma,
1059 653 1131 709 Dicit
1141 668 1206 724 crgo
1220 652 1349 710 Christus
1362 669 1445 710 verus
1458 668 1525 725 puer
1539 651 1647 708 llornini
1662 652 1761 722 florid,
1772 655 1818 711 cui

180 759 292 832 quando
307 758 334 813 in
347 756 445 821 Rama,
456 754 614 826 quaelutine
626 754 804 826 interpretata
816 752 975 809 estesselso
1024 746 1147 818 psabuus
1173 746 1225 802 iste
1247 746 1424 802 intitulatur:
1441 746 1525 813 Deus,
1547 747 1594 819 qui
1611 747 1754 817 precinxit
1778 765 1819 804 me

179 849 517 921 ,gagggmm'proegg'nxit
531 863 581 903 me,
597 845 664 905 Illuc
674 847 749 904 enim
764 847 799 904 qd
810 848 975 919 precamen·
1024 838 1131 906 uirtute,
1153 846 1179 892 el
1202 838 1290 908 potuit
1315 837 1518 893 t'llttltttculaltlm
1537 837 1608 892 uiant
1631 853 1729 893 illestttl.
1744 836 1819 896 Deus

179 944 245 1000 dum
268 953 296 999 ct
318 944 488 1013 perdendum
514 941 646 999 satellites
675 947 703 997 et
724 940 837 998 nuntios
861 941 976 997 miserat
1024 926 1116 998 Pater,
1130 943 1209 985 meus
1224 943 1286 984 lere
1301 927 1384 995 ⁰0⁰⁸·
1403 928 1451 1000 qui
1465 943 1510 984 ¹¹1⁰
1523 927 1663 985 ¹1⁰ml⁰0¹¹¹
1677 930 1819 997 111οΜ

181 1035 247 1093 Saul
263 1035 290 1106 (l
305 1036 368 1106 Req.
383 1051 442 1102 ιιι,
453 1034 498 1099 ιθ,
510 1034 542 1089 tr
556 1044 582 1089 ιι
596 1032 656 1103 25).
669 1030 722 1099 Qui
747 1033 973 1102 adinvenissent,
1024 1020 1120 1096 virtute
1131 1018 1297 1075 Divinitatis.
1313 1017 1372 1074 Nisi
1392 1018 1466 1075 enim
1480 1033 1544 1076 vere
1567 1017 1641 1075 Deus
1652 1028 1736 1087 esset,
1749 1018 1818 1074 mibi

179 1139 207 1184 et
223 1144 286 1184 eum
302 1141 419 1183 cuneum
441 1126 639 1196 prophetarum
664 1123 809 1188 vidissent,
824 1124 974 1195 propheta.
1024 1111 1152 1167 uirtutem
1168 1109 1325 1168 biriuitatis
1342 1109 1473 1209 conferre
1493 1125 1548 1167 non
1571 1109 1717 1181 potuisset.
1739 1108 1819 1168 Nunc

180 1226 248 1274 rrvrtt
260 1226 288 1274 et
304 1217 368 1288 ipsi.
383 1216 508 1287 Cumque
521 1216 614 1286 plures
638 1214 727 1270 ιιιιιιιίἰ
744 1213 823 1271 missi
844 1212 972 1281 luissent,
1023 1214 1115 1262 tutem
1131 1204 1220 1261 Verbi)
1231 1220 1293 1273 ⁵¹¹0·
1308 1206 1402 1261 virtuti
1416 1221 1474 1262 ⁸¹¹ae
1486 1220 1531 1261 1¹¹0
1542 1205 1683 1262 l¹⁰¹¹¹l¹¹0¹1¹
1696 1205 1818 1262 111111111ἅο

178 1319 206 1366 et
219 1323 316 1366 omnes
337 1309 533 1380 prophetarum
555 1321 644 1363 cuneo
668 1321 699 1363 se
717 1306 885 1378 junxissent,
899 1305 974 1363 venit
1023 1299 1164 1373 precinxit
1173 1315 1213 1354 nte
1225 1299 1333 1366 uirtute,
1346 1306 1378 1354 ut
1388 1298 1472 1378 homo
1482 1298 1599 1370 exiguus
1612 1296 1649 1355 ita
1663 1299 1715 1355 sim
1728 1297 1817 1364 lortis,

180 1402 290 1458 tandem
305 1408 333 1457 et
344 1401 404 1471 ipsc
416 1398 494 1466 Saul,
506 1400 676 1469 junctusque
694 1398 836 1470 prophetis
853 1398 975 1456 nudatus
1023 1403 1054 1448 ιιι
1067 1400 1110 1448 est
1132 1391 1191 1462 ipse
1205 1389 1279 1447 heus
1292 1390 1462 1448 fortissimus
1477 1388 1559 1448 Pater
1583 1406 1673 1460 meus,
1696 1397 1725 1447 et
1743 1389 1818 1448 Deus

178 1489 352 1562 prophetarit
365 1496 525 1560 protegente
541 1502 586 1544 me
609 1486 666 1543 [leo
686 1501 759 1556 tneo,
774 1487 822 1558 qui
837 1503 915 1558 super
928 1502 975 1542 es·
1023 1498 1112 1551 naeus,
1125 1491 1153 1538 et
1164 1483 1252 1541 virtus
1262 1498 1335 1550 mea,
1357 1490 1386 1539 et
1405 1479 1539 1540 tortitudo
1559 1497 1630 1552 mea,
1645 1481 1691 1539 cui
1705 1482 1774 1539 dixit
1789 1483 1817 1538 in

179 1584 249 1640 celso
262 1584 290 1639 in
302 1581 389 1637 Rama
404 1582 499 1638 statuit
515 1597 565 1637 me.
1024 1574 1159 1648 principio
1173 1574 1272 1647 psalmi
1287 1589 1296 1629 r
1313 1572 1434 1646 Diligens
1448 1583 1483 1640 ιι,
1497 1572 1620 1643 Domine,
1636 1574 1721 1629 uirtus
1740 1590 1817 1641 mssa

214 1673 297 1731 Vens.
314 1674 359 1730 55.
374 1674 428 1740 Qui
450 1672 524 1728 docet
539 1688 633 1727 marrus
646 1689 717 1728 omar
732 1672 767 1728 ad
783 1671 914 1744 pralium.
929 1670 974 1741 Et,
1025 1664 1082 1720 sive
1097 1672 1128 1719 ut
1151 1664 1205 1721 alia
1228 1664 1372 1745 translatio
1388 1664 1470 1722 hahet
1487 1683 1494 1720 :
1510 1664 1654 1720 Fortitudo
1670 1684 1738 1723 ιιιιι.
1757 1664 1819 1740 lpm

177 1765 243 1837 quia
257 1779 378 1836 praesens
400 1763 468 1819 mihi
484 1772 536 1827 est,
551 1763 585 1819 ad
608 1762 698 1833 ipsum
718 1778 868 1820 cottrersus
887 1763 971 1820 dieo:
989 1736 1067 1812 ⁸0⁸¹
1086 1770 1152 1828 0¹8⁰
1168 1754 1250 1823 ⁰⁰⁸⁸»
1261 1757 1313 1827 qui
1327 1755 1419 1812 (lll'lfll
1440 1756 1539 1811 11111110
1558 1757 1700 1827 precinxit
1724 1775 1776 1825 ¹¹¹⁶·
1791 1766 1818 1816 el

130 1891 136 1901 ·
178 1854 213 1911 Et
228 1855 341 1926 posuisti
356 1862 386 1908 ut
408 1869 501 1908 orcum
524 1868 621 1908 tereunt
642 1853 752 1908 brochis
772 1868 847 1920 msa,
861 1854 973 1924 quando
1022 1849 1111 1918 posuit
1125 1842 1328 1903 inrrnacidutorr‘r
1344 1848 1413 1903 oium
1433 1864 1531 1916 meum,
1543 1858 1574 1904 ut
1587 1850 1660 1907 sieut
1673 1849 1817 1923 impolluta

177 1946 298 2003 brachiis
316 1945 396 2013 meis,
412 1946 487 2001 reiut
509 1960 575 2000 arcu
600 1960 672 2002 aereo
697 1952 726 2001 et
750 1943 904 2002 fortissimo
924 1961 972 2017 per
1022 1938 1066 1994 tle
1079 1938 1140 2010 eius
1152 1949 1211 1995 erat
1224 1939 1259 1995 ad
1272 1938 1414 2010 antiquam
1425 1939 1577 1998 Ecclesiam
1590 1957 1722 2012 sponsam
1734 1959 1817 2002 suam

178 2039 293 2094 lundam
304 2037 390 2094 str'ari
407 2035 525 2102 Goliam,
538 2044 566 2091 et
582 2035 711 2092 manibus
724 2035 793 2092 meis
810 2052 826 2090 a
843 2043 869 2091 te
884 2037 972 2094 doctis
1022 2045 1105 2101 quatu
1120 2038 1198 2086 costa
1212 2030 1359 2087 dilectione
1373 2032 1486 2101 amavit,
1501 2033 1683 2106 quoadusque
1695 2051 1744 2107 per
1757 2037 1816 2092 vir-

177 2132 211 2186 ad
228 2129 352 2201 pralium
383 2136 466 2199 caput
487 2128 548 2198 ejus
570 2127 711 2198 amputavi
741 2128 854 2200 proprio
881 2130 972 2202 gladio
1022 2121 1113 2193 gineru
1128 2121 1163 2177 de
1176 2119 1263 2191 ipsius
1276 2119 1419 2192 impolluto
1433 2136 1528 2180 amore
1541 2123 1753 2195 concipientem,
1765 2141 1818 2198 ego

178 2222 274 2293 ipsius.
1023 2212 1110 2270 Filius
1118 2213 1179 2285 ejus
1191 2215 1225 2270 de
1239 2214 1284 2270 illa
1298 2229 1402 2286 sponsa
1414 2223 1580 2285 natussum,
1592 2225 1620 2273 et
1634 2233 1735 2274 novam
1745 2217 1817 2276 Novi

216 2313 297 2368 l'sns.
313 2312 358 2368 bb.
373 2310 409 2366 m
420 2310 519 2366 dedisti
531 2311 596 2365 aiibi
610 2311 799 2383 protectionem
809 2309 906 2366 solutis
919 2320 973 2368 trae
1022 2306 1190 2364 Testamenti
1210 2308 1362 2365 Ecclesiam
1384 2311 1548 2381 desponsari
1567 2310 1636 2366 mihi
1661 2327 1791 2382 sponsam
1808 2332 1816 2370 ι

178 2415 273 2463 eontra
284 2404 400 2462 insidias
414 2401 507 2462 Saulis
519 2404 620 2461 multas
635 2421 642 2459 τ
655 2402 691 2458 Et
703 2404 812 2458 dexteru
826 2414 874 2460 trra
884 2421 972 2459 suace-
1023 2399 1064 2456 sic
1073 2399 1155 2457 etiam
1169 2403 1260 2471 posuit
1271 2399 1476 2459 immaculatam
1489 2403 1561 2459 riam
1574 2418 1676 2472 meam,
1685 2415 1716 2460 ut
1728 2413 1756 2459 et
1765 2419 1818 2475 ego

177 2501 216 2572 pit
239 2515 289 2564 mc,
302 2497 367 2568 quia
383 2496 478 2552 diuina
493 2497 615 2568 potentia
632 2505 678 2552 tua
703 2494 825 2553 serravit
839 2511 884 2551 rue
899 2495 972 2554 inter
1023 2491 1082 2547 sina
1096 2492 1204 2547 macula
1215 2501 1377 2563 conceptus,
1388 2494 1705 2566 etnatus,atqneinhoe
1713 2496 1818 2550 mundo

177 2591 264 2645 nrnlta
284 2587 416 2661 pericula,
436 2603 498 2661 que
517 2602 571 2643 non
593 2586 627 2642 ad
650 2587 844 2657 perditionem,
867 2587 915 2644 sed
936 2587 970 2643 ad
1022 2592 1203 2640 conversatus
1218 2584 1361 2655 impolluta
1374 2584 1529 2642 dilectionis
1548 2585 1594 2641 ria
1609 2587 1718 2642 veniam
1742 2587 1816 2643 assi·

177 2681 352 2753 disciplinam
378 2689 444 2739 sunt
464 2679 562 2736 mihis
584 2687 611 2735 te
626 2680 748 2750 provisa.
765 2678 802 2734 m
824 2678 852 2734 in
867 2678 970 2736 eisdem
1021 2677 1075 2734 due
1097 2677 1133 2734 ad
1154 2693 1285 2750 sponsam
1305 2694 1407 2748 meam,
1420 2679 1577 2751 gignentem
1593 2679 1665 2736 lilios
1688 2679 1770 2750 mibi,
1782 2682 1818 2737 de

177 2773 309 2845 perieulis
323 2771 466 2841 disciplina
481 2779 526 2825 teo
542 2769 656 2824 correxit
670 2785 709 2824 sne
723 2769 852 2840 inlinens,
868 2767 896 2822 in
906 2783 972 2824 con·
1021 2768 1242 2838 quibusdicam:
1260 2785 1314 2826 non
1337 2788 1347 2824 ι
1366 2779 1482 2842 possunt
1492 2770 1620 2842 jejunare
1637 2770 1686 2827 lilii
1707 2771 1815 2842 sponsi,

178 2863 390 2918 summationem
407 2859 510 2917 scilicet
529 2858 680 2930 perlectam
694 2868 722 2914 et
737 2859 857 2914 llnalem.
871 2858 907 2913 Et
928 2859 972 2913 di·
1022 2859 1143 2932 quandiu
1164 2875 1227 2917 curn
1247 2861 1302 2918 illis
1321 2869 1364 2919 est
1383 2876 1513 2932 sponsus.
1533 2859 1649 2918 Venient
1666 2861 1737 2930 dies,
1751 2880 1816 2921 curn

178 2952 293 3024 sciplinu
306 2960 351 3007 tuo
363 2952 422 3023 ipsa
434 2966 474 3005 me
484 2948 597 3017 docebit,
613 2956 645 3005 ut
657 2949 709 3004 sim
724 2949 802 3019 quasi
818 2948 971 3021 discipulus
1021 2950 1163 3009 auferetur
1175 2952 1210 3009 ab
1220 2952 1261 3010 eis
1271 2967 1403 3025 sponsus,
1417 2963 1446 3011 et
1458 2961 1525 3011 tnnc
1534 2953 1699 3026 jejunabunt
1713 2956 1814 3030 (durs.

178 3046 293 3102 humilis
309 3044 361 3101 sub
379 3043 466 3115 ipsius
482 3041 635 3113 disciplina
647 3049 701 3096 tuae
714 3041 882 3113 magisterio.
898 3040 1006 3144 Tan·C
1023 3060 1054 3112 ιι,
1073 3045 1106 3100 lb
1120 3052 1148 3100 et
1162 3044 1220 3116 2⁰),
1237 3063 1247 3098 ι
1264 3053 1346 3116 atque
1357 3045 1398 3103 sie
1409 3045 1577 3117 jejunantes,
1589 3056 1617 3103 et
1636 3048 1689 3120 ipsi
1704 3064 1817 3122 quoque

178 3138 240 3193 dem
256 3135 339 3192 Saule
350 3142 460 3191 mortuo
472 3133 596 3188 dilatasti
610 3147 714 3204 gressus
728 3149 799 3189 aneos
814 3136 907 3190 subtus
919 3151 971 3204 nte,
1023 3137 1051 3193 in
1065 3135 1109 3192 ria
1122 3136 1301 3193 immaculata
1314 3139 1418 3208 pariter
1432 3138 1612 3196 ambulabunt
1630 3140 1664 3197 ad
1683 3141 1816 3198 honorem

178 3230 299 3287 subdens
314 3228 380 3284 mihi
404 3242 518 3299 regnum
538 3225 599 3297 ejus
614 3241 621 3280 :
634 3234 660 3281 et
674 3242 726 3282 nort
749 3236 812 3282 sunt
834 3229 971 3299 infirmata
1023 3228 1071 3286 liei
1081 3227 1173 3286 Patris
1183 3228 1248 3297 mei,
1261 3229 1309 3300 qui
1320 3229 1409 3300 posuit
1422 3229 1625 3287 immacalatam
1635 3233 1706 3288 siam
1717 3248 1815 3303 ιιιιιιιι,

178 3322 289 3392 uestigia
313 3335 371 3374 meu
400 3326 440 3374 tot
465 3315 702 3389 persecutionibus
727 3333 771 3375 me
797 3320 969 3377 vexantibus.
1022 3329 1050 3376 ot
1062 3333 1198 3389 meorum,
1213 3318 1247 3376 de
1264 3318 1365 3390 quibus
1379 3318 1449 3376 alias
1461 3320 1563 3378 dicitur
1579 3339 1587 3377 a
1605 3340 1615 3374 ι
1631 3319 1706 3378 Beati
1717 3323 1818 3381 imma·

179 3410 258 3468 Umle
272 3419 459 3482 permanente,
472 3407 516 3465 vel
535 3408 617 3465 etiarn
638 3411 755 3468 adaucta
777 3412 845 3468 milri
859 3411 971 3468 fortitu·
1022 3411 1106 3469 culati
1129 3412 1157 3467 in
1176 3413 1230 3480 via,
1253 3412 1301 3486 qui
1320 3412 1464 3471 ambutant
1477 3416 1504 3469 in
1518 3412 1577 3487 lege
1591 3412 1701 3472 Domini
1724 3414 1815 3488 (Paul.

178 3505 242 3560 dirue
255 3513 443 3575 postmortem
459 3503 550 3562 Saulis
563 3514 675 3577 accepta
694 3505 825 3577 regnandi
836 3514 971 3576 potestate
1021 3517 1117 3570 ιιιιιι,
1135 3504 1174 3574 l).
1198 3522 1209 3557 ι

178 3613 320 3670 persequar
333 3596 456 3651 inimicos
469 3613 550 3655 meos.
563 3596 716 3669 Persequar
728 3599 909 3666 latrunculos,
922 3600 970 3671 qni
1058 3593 1111 3660 Qut
1128 3594 1238 3666 perfecit
1253 3595 1331 3667 pedes
1346 3612 1417 3651 meos
1437 3605 1565 3668 tunquam
1585 3614 1733 3678 certamin.
1748 3600 1818 3658 Ger·

178 3690 380 3748 succenderunt
390 3687 505 3760 siceleg,
516 3698 543 3746 et
555 3689 728 3747 abduxerunt
740 3689 809 3744 mibi
820 3691 889 3746 duas
902 3706 971 3746 uro·
1021 3700 1073 3743 vus
1085 3686 1191 3758 spinas,
1199 3694 1227 3743 et
1238 3687 1343 3743 hiantia
1358 3687 1417 3745 loca
1435 3687 1556 3745 transilit
1570 3708 1579 3745 ι
1594 3689 1635 3748 sic
1647 3706 1699 3764 ego
1713 3694 1816 3751 hansi-

178 3798 223 3841 res
236 3797 313 3839 meas
326 3790 354 3839 ct
366 3780 480 3837 multam
495 3782 615 3854 praedam
637 3778 665 3853 (l
685 3779 750 3854 itaq.
764 3797 830 3850 xxx,
846 3783 884 3854 8).
903 3781 971 3838 Per·
1022 3777 1068 3833 livi
1085 3787 1260 3851 pcccatorum
1277 3778 1371 3837 loreas
1391 3789 1418 3837 ct
1433 3779 1537 3851 spinas,
1550 3780 1585 3838 de
1597 3781 1699 3854 quibus
1709 3784 1815 3843 dictum

177 3890 283 3946 sequar,
295 3884 319 3928 ιι
332 3870 550 3943 eornpreltsndum
562 3872 634 3940 illos,
652 3880 677 3927 et
689 3888 741 3926 oon
753 3883 902 3941 conuertas,
918 3875 970 3929 do·
1021 3879 1064 3926 est
1080 3870 1164 3926 veteri
1180 3871 1285 3927 homini
1303 3890 1310 3927 ι
1328 3890 1338 3925 ι
1361 3871 1431 3928 Cum
1445 3885 1575 3944 operatus
1592 3871 1679 3932 tueris
1700 3885 1816 3946 terram,

177 3981 224 4020 nec
243 3965 378 4035 deficiant.
405 3963 579 4036 constringant
594 3963 666 4033 illos,
685 3979 732 4018 rrae
752 3973 875 4035 poterunt
897 3976 970 4021 sture
1021 3977 1077 4020 non
1101 3961 1177 4019 dabit
1201 3961 1321 4020 fructum
1342 3980 1435 4035 suurn,
1460 3964 1510 4022 sed
1535 3966 1630 4036 spinas
1653 3977 1682 4025 et
1697 3970 1817 4028 tribulos

178 4059 271 4112 soltus
296 4056 374 4128 pedes
393 4072 477 4113 meos.
499 4054 533 4111 Et
556 4055 722 4126 praecinxisti
747 4070 791 4112 me
813 4057 914 4114 tirtute
935 4058 970 4113 ad
1021 4054 1185 4125 germinabit
1198 4056 1247 4112 tibi
1264 4056 1368 4125 (Cernes.
1382 4072 1423 4126 ιιι,
1439 4057 1496 4130 tt).
1514 4077 1523 4113 t
1539 4058 1704 4132 Huiusmodi
1718 4063 1817 4135 spinas

177 4149 291 4217 lelium,
308 4147 491 4220 supplantasti
507 4146 681 4216 insurgentes
694 4146 722 4201 in
743 4161 787 4202 me
798 4146 895 4203 subtus
913 4163 968 4219 me,
1021 4159 1072 4219 ego
1097 4147 1241 4217 transiliri,
1258 4150 1323 4221 quia
1347 4151 1408 4207 sine
1431 4153 1551 4225 peccatis
1575 4156 1604 4210 in
1632 4155 1686 4213 hoc
1709 4159 1817 4216 mundo

178 4254 205 4299 et
223 4235 512 4298 inimicorumdedisti
530 4239 599 4294 mihi
617 4239 730 4295 dorsum
749 4249 775 4295 et
794 4240 911 4297 odientes
929 4257 970 4296 ms
1021 4249 1201 4297 conversatus
1216 4242 1427 4300 intermortuos
1442 4244 1512 4301 liber
1529 4245 1746 4316 internosces
1762 4253 1817 4307 boc

177 4332 304 4391 dedomo
321 4329 413 4387 Saulis
432 4329 597 4399 disperdisti.
615 4327 814 4398 clamaberunt,
834 4347 880 4386 nse
899 4341 968 4401 erut,
1022 4330 1126 4386 mundo
1140 4331 1174 4386 ad
1192 4331 1301 4389 Patrem
1316 4336 1429 4392 trarrsiri
1443 4337 1498 4394 alta
1514 4339 1632 4409 petendo
1655 4342 1728 4399 sieut
1750 4359 1816 4399 oer-

178 4429 223 4497 qni
237 4423 324 4478 saluos
339 4422 448 4492 sumret,
462 4419 526 4489 quia
542 4427 652 4476 mortuo
666 4419 757 4476 Abrrer
769 4436 824 4478 non
837 4435 905 4489 crat,
919 4425 967 4495 qui
983 4438 1006 4495 ι)
1021 4437 1081 4481 rus.
1103 4423 1139 4477 m
1153 4426 1348 4494 superexcelso
1364 4437 1485 4486 statuens
1501 4446 1542 4487 nte
1559 4432 1618 4503 ipse
1638 4432 1712 4491 Deos
1732 4433 1817 4492 Pater

178 4523 263 4572 staret
276 4528 326 4584 pro
338 4511 421 4567 domo
433 4508 524 4568 Saulis
538 4509 709 4582 (illisqui,
725 4511 764 4584 6).
782 4513 970 4571 Clunrooennt
1021 4531 1100 4573 mens
1114 4517 1243 4572 exalmvit
1268 4534 1321 4585 nne,
1334 4528 1362 4574 et
1384 4521 1498 4577 donavit
1520 4523 1590 4580 mibi
1613 4539 1725 4596 stamen,
1739 4529 1816 4599 quod

178 4617 270 4663 tannen
287 4605 321 4659 ad
345 4602 489 4657 Dominum
514 4618 568 4658 non
584 4602 715 4659 babentes
737 4603 821 4660 Deum
837 4608 968 4677 alienum,
1020 4618 1062 4664 est
1077 4623 1160 4678 super
1174 4622 1257 4665 omne
1280 4625 1380 4666 nomen
1400 4610 1530 4683 (Philipp.
1556 4629 1586 4682 rt,
1601 4614 1641 4687 9),
1663 4627 1817 4687 quantum·

178 4714 225 4753 nee
239 4694 375 4752 excudivit
392 4708 446 4749 sos.
471 4690 507 4747 m
527 4694 705 4749 comminuunt
725 4712 770 4750 eos
790 4704 820 4750 ut
837 4697 969 4767 puluerem
1021 4698 1087 4757 libet
1099 4700 1249 4770 excelsum,
1261 4700 1815 4777 siredominah'onum,siretbroncrum,

179 4788 349 4859 antefactum
364 4785 443 4851 renti,
458 4795 483 4839 st
502 4793 532 4838 ut
546 4784 633 4840 lutam
648 4785 797 4857 platearum
810 4789 900 4844 delebo
913 4807 967 4848 aas.
1021 4791 1079 4847 sire
1099 4794 1303 4865 principatuum
1328 4803 1547 4869 currctarumque
1568 4799 1702 4855 rlrtntum
1727 4804 1816 4858 stelo-

178 4877 292 4934 Etiamsi
307 4876 392 4948 aliqui
411 4877 445 4932 de
465 4875 567 4948 populo
587 4873 672 4933 lsrael
689 4880 877 4937 contradicent
890 4883 968 4953 mihi,
1021 4883 1115 4940 stium.
1132 4882 1180 4942 Vel
1198 4887 1278 4957 pedes
1299 4903 1380 4957 areos,
1397 4888 1424 4944 id
1440 4897 1483 4946 est
1496 4890 1690 4963 evangelistas,
1701 4893 1816 4964 perfecit

178 4981 209 5028 ιιι
224 4971 295 5027 Seba
309 4971 383 5028 iilius
401 4969 511 5039 bochri,
528 4969 575 5042 qui
589 4970 676 5028 dixit:
694 4969 760 5040 Quae
772 4975 852 5031 nobis
866 4991 929 5047 pars
941 4978 968 5033 in
1020 4985 1147 5050 tanquam
1159 4986 1304 5037 certorum.

177 5062 286 5121 harto?
301 5061 340 5116 Tu
364 5061 459 5133 eripies
483 5077 524 5117 nte
544 5063 576 5118 de
597 5065 852 5121 marradietionibus
866 5069 967 5139 populi.
1062 5066 1143 5125 Cerri
1176 5078 1256 5125 erant
1288 5071 1452 5142 patriarcha>
1489 5073 1647 5145 antiquitt
1671 5076 1816 5146 propbetas

213 5153 362 5225 fluensque
388 5154 519 5225 specialia
541 5152 629 5209 Dauid
653 5156 785 5214 banebria
822 5158 849 5215 in
879 5160 969 5218 littera
1019 5172 1217 5233 precurrentes
1244 5161 1392 5219 adrentum
1418 5180 1521 5234 meum,
1548 5169 1597 5238 qui
1620 5181 1681 5222 sum
1708 5167 1816 5224 hinnu·

178 5244 275 5319 psalmi
293 5245 422 5301 denotata
440 5247 507 5306 sint.
520 5245 589 5303 Nam
604 5248 678 5319 quod
700 5252 825 5322 sequitur
841 5271 848 5307 ι
863 5251 970 5309 Consti·
1019 5253 1063 5310 lus
1083 5267 1180 5310 eornm
1192 5268 1346 5310 carrorum.
1361 5255 1402 5311 lili
1414 5257 1488 5313 cervi
1509 5272 1554 5315 me
1575 5257 1746 5315 nasciturum
1762 5258 1814 5315 de·

179 5344 235 5390 tues
249 5350 289 5389 me
307 5334 336 5388 in
347 5343 428 5405 eaput
445 5336 572 5406 gentium,
585 5344 651 5405 ete,
663 5335 807 5394 litteralem
825 5338 968 5396 historiam
1019 5346 1218 5416 sides-averunt,
1234 5347 1465 5418 quemadmodum
1492 5349 1630 5407 desiderat
1652 5365 1752 5408 cerrus
1776 5351 1815 5406 ad

178 5423 265 5480 lluuid
276 5426 497 5496 superexcellens
508 5426 542 5481 ad
555 5441 651 5483 rerum
670 5426 757 5484 ilanid
771 5431 899 5502 pertinet.
913 5429 969 5488 Ne·
1020 5436 1110 5495 sontes
1124 5453 1269 5509 aquarum.
1286 5436 1419 5495 Similiter
1432 5441 1551 5511 apostoli
1571 5450 1600 5498 et
1619 5441 1718 5512 reliqui
1732 5442 1814 5513 pedet

178 5529 232 5583 que
245 5516 319 5571 enim
341 5516 485 5574 illellarid
510 5517 561 5573 luit
578 5518 726 5591 aliquando
748 5524 915 5579 constitutus
939 5523 968 5580 in
1018 5530 1071 5585 nasi
1086 5531 1264 5602 antiquorum
1281 5545 1427 5588 cervorum
1450 5532 1510 5601 lilii,
1531 5533 1690 5590 desiderant
1710 5547 1815 5589 secun·

179 5614 257 5672 caput
269 5610 397 5675 pestium,
418 5623 510 5679 neque
533 5608 585 5665 luit
599 5626 646 5666 rex
660 5612 792 5681 gentium,
808 5613 855 5669 scd
877 5614 968 5670 solum
1018 5618 1084 5675 dum
1098 5622 1245 5678 adrentum
1261 5632 1404 5692 meumst
1418 5627 1445 5681 in
1461 5624 1529 5695 ipsis
1540 5625 1814 5683 desider-liscumunt

178 5689 345 5753 ludaeorum.
360 5697 456 5755 Coacti
477 5715 543 5771 ergo
565 5702 609 5760 hic
630 5703 774 5760 litteralem
797 5719 908 5761 sevisum
922 5706 966 5761 di·
1019 5709 1126 5769 obviam
1139 5728 1252 5786 sponso,
1264 5725 1290 5773 et
1313 5729 1421 5791 sponsa
1435 5715 1533 5786 relori,
1548 5726 1575 5773 et
1591 5714 1655 5773 lorti
1676 5716 1813 5787 agilitate,
