3817 6000
364 200 464 257 ost

1337 202 1639 263 calmont
1675 204 2066 264 PRAEPosl'rl
2099 209 2642 271 nElanRSPERG.

3497 222 3616 283 ⁸92

363 316 649 385 DominuS,
672 318 808 385 Rex,
837 318 1002 385 Deus,
1031 320 1125 377 sed
1150 330 1260 378 tres
1290 337 1458 377 unum
1486 332 1635 391 sunt,
1661 340 1805 381 unus
1824 325 1932 381 Do-
1957 338 2005 395 A
2033 329 2309 398 manibus,
2339 341 2393 387 et
2432 350 2451 383 ι
2486 331 2665 388 sactus
2709 342 2794 388 est
2835 348 2995 390 mons
3041 350 3275 407 magnus
3335 337 3501 409 (Dan.
3560 363 3604 402 ιι

359 410 565 477 minus,
596 426 741 467 unus
795 411 932 479 Rex,
965 428 1107 469 unus
1150 412 1314 471 Deus.
1342 412 1452 470 Nec
1494 413 1655 472 Pater
1705 419 1935 473 seorsim

358 501 674 558 dominatur
695 502 901 574 absque
923 503 1085 572 Filio,
1100 513 1155 561 et
1177 505 1382 577 Spiritu
1408 522 1618 574 saneto,
1636 523 1738 565 nec
1760 508 1935 565 Filius

358 603 551 664 regnat
567 610 813 651 seorsum
836 595 954 652 sine
964 596 1127 653 Patre
1148 614 1218 654 ac
1243 597 1447 684 Spiritu
1468 610 1677 668 sancto,
1692 617 1794 658 nec
1808 601 1935 673 Spi-

357 686 498 742 ritus
521 694 743 744 sanctus
766 687 986 744 deilicat
1023 700 1241 747 sanctos
1283 693 1523 764 angeloS,
1549 700 1604 748 et
1631 693 1805 750 bonos
1831 695 1933 751 bo-

356 776 535 833 mines
563 778 772 849 absque
814 776 995 847 Patre,
1034 796 1098 837 ac
1120 781 1277 837 Filio.
1302 780 1438 838 Nam
1464 799 1699 855 quorum
1732 794 1816 841 est
1847 787 1933 841 in-

354 868 532 925 divisa
565 871 823 937 essentia,
850 887 1041 928 eorum
1077 882 1161 930 est
1201 874 1492 932 indivisum
1523 877 1848 946 dominium,
1877 888 1932 936 et

354 975 583 1033 regnum
612 982 625 1017 ε
661 971 716 1018 et
740 961 921 1021 Deitas
949 967 1113 1021 trium
1138 975 1222 1023 est
1251 967 1615 1036 indivisibilis,
1646 971 1775 1042 quia
1811 972 1931 1026 nul·

353 1051 461 1107 lius
498 1052 793 1109 accidentis
848 1055 1073 1111 omnino
1119 1066 1205 1112 est
1251 1060 1636 1129 susceptibilis,
1686 1076 1787 1118 nec
1830 1062 1930 1117 ali-

352 1143 481 1212 quid
504 1153 588 1199 est
622 1145 680 1200 in
700 1145 886 1214 rebus,
918 1149 1063 1218 qnod
1095 1150 1273 1204 valeat
1296 1150 1497 1220 dividi,
1535 1153 1641 1210 nisi
1667 1154 1812 1225 quod
1833 1169 1930 1226 per

351 1235 651 1290 accidentia
672 1245 850 1306 potest
877 1238 1095 1294 variari.
1128 1240 1267 1297 Cum
1299 1258 1500 1316 magno
1529 1245 1714 1318 itaque
1733 1248 1930 1304 ardore

350 1325 526 1380 sancti
548 1326 801 1383 desiderii
829 1327 1111 1399 Dominus,
1151 1330 1288 1402 Rex,
1313 1332 1455 1391 Deus
1477 1335 1778 1407 invocatur,
1802 1355 1927 1395 cum

350 1424 540 1474 sancta
566 1417 808 1476 Ecclesia
840 1420 1029 1493 iniquo
1053 1422 1299 1480 dominio
1318 1465 1333 1490 ‚
1366 1440 1630 1496 perverso
1654 1443 1824 1500 regno
1855 1431 1926 1484 il-

349 1508 459 1566 lius
505 1521 780 1581 gravatur,
807 1515 901 1584 qui
949 1530 1076 1570 cum
1127 1516 1200 1572 sit
1232 1535 1251 1568 ι
1286 1517 1452 1573 homo
1498 1521 1737 1589 peccati,
1781 1522 1926 1578 lilius

346 1602 688 1671 perditionis,
738 1623 757 1657 ι
793 1614 972 1662 tamen
1008 1608 1159 1663 sedet
1203 1608 1259 1662 in
1296 1611 1496 1681 templo
1524 1608 1655 1679 Dei,
1689 1631 1709 1665 ‹
1740 1622 1925 1670 osten-

2035 423 2150 494 55),
2184 444 2204 477 ι
2232 425 2462 496 implens
2505 436 2681 482 totum
2723 429 2989 484 mundum
3016 431 3170 502 prius
3190 434 3427 489 contrito
3445 450 3606 495 auro·

2034 527 2276 588 argento,
2312 533 2452 583 aere,
2483 517 2664 587 ferro,
2703 535 2769 576 ac
2817 529 2956 577 testa
3021 537 3312 594 regnorum
3391 530 3610 586 veritati

2032 610 2457 666 contrariorum.
2485 610 2589 677 Tu,
2614 610 2752 667 Dens
2781 629 2946 678 meus,
2976 614 3187 670 intende
3205 619 3316 671 voci
3341 634 3494 687 meoe,
3523 623 3610 676 in-

2034 702 2182 756 tende
2205 701 2341 756 milti
2371 702 2552 759 cordis
2583 717 2716 758 voce
2744 703 2849 760 hoc
2877 704 3078 772 oranti,
3108 715 3168 762 ut
3193 715 3254 762 tu
3294 707 3438 765 Dens
3461 729 3607 768 mens

2033 795 2183 850 solus
2214 794 2356 851 Dens
2386 794 2639 851 habearis
2662 795 2714 850 in
2738 795 2963 863 mundo,
2985 804 3040 853 et
3066 797 3156 854 ille
3182 798 3276 854 liat
3301 800 3368 857 de
3403 804 3605 874 medio,

2031 886 2252 942 tollatur
2287 887 2354 943 de
2381 886 2582 953 medio,
2613 885 2708 957 qui
2745 902 2872 943 cum
2914 888 2987 944 sit
3026 889 3194 946 bomo
3230 895 3462 962 peccati,
3491 897 3610 954 vult

2031 993 2090 1035 se
2114 976 2216 1033 coli
2255 992 2356 1049 pro
2399 976 2531 1043 Deo,
2576 978 2688 1033 imo
2717 978 2997 1034 extollitur
3039 995 3203 1052 supra
3248 997 3412 1041 omne
3457 990 3607 1058 quod

2029 1069 2229 1126 dicitur
2261 1068 2421 1136 Dens,
2454 1076 2547 1125 aut
2573 1070 2722 1140 quod
2761 1069 2980 1140 colitur,
3006 1087 3168 1146 super
3201 1088 3350 1136 astra
3387 1079 3483 1138 Dei
3509 1098 3610 1139 ex-

2029 1161 2248 1219 altando
2307 1162 2504 1218 solium
2527 1203 2544 1229 ,
2587 1177 2752 1234 super
2810 1174 3029 1223 sanctos
3089 1175 3144 1224 et
3193 1168 3397 1229 electos
3477 1181 3608 1231 tuos

2029 1263 2195 1319 agens
2217 1249 2547 1319 dominium,
2577 1255 2771 1312 sedens
2790 1256 2847 1312 in
2869 1268 3054 1314 monte
3088 1258 3440 1332 Testamenti,
3471 1265 3605 1321 dum

2027 1339 2181 1410 quasi
2202 1355 2268 1395 ex
2297 1344 2622 1400 auctoritate
2643 1344 2856 1405 Veteris
2884 1361 2937 1405 et
2971 1348 3103 1406 Novi
3129 1350 3464 1412 Testamenti
3495 1358 3603 1413 sibi

2024 1432 2140 1486 vult
2165 1432 2355 1487 serviri
2386 1443 2441 1490 et
2481 1437 2712 1507 obediri,
2741 1449 2796 1496 et
2821 1456 2853 1496 a
2883 1442 3085 1499 sauctis
3114 1443 3446 1514 bominibus,
3478 1450 3606 1519 qui-

2023 1523 2127 1580 bus
2153 1534 2208 1580 tu
2243 1526 2394 1584 solus
2420 1543 2479 1584 es
2511 1528 2677 1596 Deus,
2699 1541 2755 1587 et
2782 1531 2905 1587 ideo
2935 1533 3061 1589 licet
3096 1537 3397 1593 secundum
3438 1548 3511 1606 te,
3539 1556 3608 1599 ac

2022 1626 2241 1689 propter
2275 1625 2327 1675 tc
2353 1619 2422 1675 sit
2450 1621 2811 1679 obediendum
2848 1624 3093 1683 dominis
3120 1627 3362 1698 regibus,
3384 1630 3606 1701 episco·

345 1694 482 1751 dens
511 1711 570 1751 se
607 1706 870 1767 tanquam
923 1700 993 1755 sit
1040 1700 1186 1757 Deus
1206 1700 1296 1773 (ΙΙ
1321 1701 1500 1758 Thess.
1534 1719 1595 1772 11,
1616 1703 1695 1775 5).
1741 1725 1761 1758 ι
1789 1705 1924 1774 lmo,
1957 1714 2000 1769 B
2028 1709 2114 1781 pis
2162 1731 2181 1762 ι
2220 1728 2331 1769 non
2378 1722 2592 1770 tantum
2641 1714 2840 1784 bonis,
2891 1723 2944 1772 et
2977 1718 3258 1787 modestis,
3295 1721 3389 1777 sed
3434 1723 3604 1780 etiam

355 1805 374 1838 ι
415 1794 470 1842 et
494 1787 773 1843 extollitur
809 1805 976 1861 supra
1024 1807 1208 1862 omne,
1231 1793 1379 1865 quod
1419 1794 1619 1851 dicitur
1643 1795 1805 1865 Deus,
1829 1807 1926 1854 aut

345 1880 493 1949 quod
524 1881 720 1938 colitur
764 1883 939 1954 (ibid.,
970 1883 1048 1954 4),
1078 1904 1097 1938 ι
1131 1900 1243 1941 non
1293 1886 1398 1942 sub
1443 1886 1575 1956 Deo,
1602 1887 1696 1945 sed
1736 1902 1925 1948 contra

349 1969 518 2026 Deum
544 1973 837 2040 dominari,
868 1982 922 2029 et
948 1989 1178 2046 regnare
1213 1976 1420 2033 audens
1443 1977 1499 2033 in
1517 1976 1781 2045 Ecclesia,
1801 1996 1925 2052 quae

344 2063 611 2132 templum
642 2062 737 2119 Dei
768 2074 874 2121 est.

415 2174 555 2231 Nota
584 2176 1012 2248 distinctionem,
1043 2195 1109 2237 ac
1140 2189 1326 2251 partes
1357 2183 1557 2253 psalmi
1586 2183 1772 2255 hujus.
1800 2182 1922 2241 Pri·-

340 2281 438 2321 mo
461 2284 700 2340 namque
740 2279 861 2326 orat
885 2287 980 2341 pro
1028 2271 1122 2328 illa
1155 2273 1467 2332 haereditate
1506 2275 1652 2334 trina
1673 2276 1922 2333 oratione

344 2360 413 2415 ad
450 2361 653 2418 trinum
681 2361 874 2433 Deum,
901 2366 1045 2421 sicut
1063 2367 1447 2438 praesignatum
1473 2378 1576 2426 est.
1601 2368 1803 2427 Deinde
1831 2385 1924 2426 as-

342 2452 478 2509 serit
501 2469 561 2510 se
578 2455 890 2511 exauditam
920 2456 994 2512 ibi
1025 2476 1038 2511 :
1065 2457 1331 2525 Quoniam
1359 2458 1428 2514 ad
1451 2469 1501 2514 te
1520 2458 1697 2515 orabo.
1726 2460 1923 2518 Postea

342 2543 478 2600 dicit
503 2547 755 2602 aemulam
800 2548 1193 2606 excludendam
1251 2550 1326 2607 ibi
1365 2551 1588 2625 :Neque
1637 2552 1918 2608 habitabit.

342 2635 553 2704 Quarto
581 2647 702 2695 orat
724 2640 989 2698 auxillum
1012 2641 1067 2697 in
1102 2643 1378 2711 conflictu,
1404 2659 1474 2700 ne
1509 2644 1835 2715 impediatur
1853 2644 1924 2700 ab

340 2729 581 2788 inimicis
608 2733 663 2787 in
692 2733 783 2788 via
803 2733 876 2789 ibi
903 2752 918 2789 ε
950 2733 1191 2803 Domine,
1224 2736 1390 2791 deduc
1418 2753 1518 2794 me.
1544 2736 1753 2804 Quinto
1786 2753 1924 2808 prae-

340 2820 579 2888 nuntiat,
611 2837 735 2892 quae
757 2838 918 2892 poena
951 2824 1110 2881 malis
1159 2826 1233 2880 ibi
1262 2825 1495 2881 :Iadica
1535 2825 1657 2882 illos
1680 2826 1845 2895 Deus,
1866 2835 1924 2883 et

342 2912 490 2981 quod
523 2913 808 2984 praemium
833 2923 917 2970 est
935 2915 1100 2986 justis
1131 2916 1206 2971 ibi
1234 2925 1323 2972 :et
1350 2917 1614 2974 toetentnr.

412 3003 720 3076 Notandum
742 3008 906 3063 estin
930 3009 1094 3077 trina,
1125 3024 1292 3080 quam
1324 3010 1625 3080 praemittit,
1651 3011 1917 3079 oratione,

2026 1802 2246 1861 discolis
2278 1804 2334 1876 (I
2358 1804 2504 1860 Petr.
2537 1822 2599 1875 u,
2625 1806 2737 1877 18),
2774 1826 2794 1860 ι
2838 1816 3020 1865 tamen
3047 1818 3240 1867 contra
3273 1820 3328 1869 te
3357 1815 3491 1869 nulli
3516 1823 3609 1874 est

2026 1893 2406 1951 obediendum.
2426 1893 2541 1953 imo
2565 1897 2612 1953 si
2627 1899 2756 1969 quis
2780 1908 2972 1956 contra
3001 1910 3073 1969 te,
3095 1912 3152 1959 et
3172 1912 3296 1960 tuos
3322 1906 3605 1977 apostolos

2022 1987 2374 2060 evangelizat,
2402 1988 2550 2046 hunc
2581 1994 2857 2062 apostolus
2886 2003 3014 2052 tuus
3055 1997 3113 2052 in
3153 2006 3251 2053 tuo
3274 1999 3465 2069 spiritu
3514 2001 3601 2057 lo—

2023 2095 2197 2151 quens
2242 2083 2295 2137 in
2340 2091 2434 2139 tua
2478 2084 2684 2142 virtute
2727 2086 2980 2157 judicans
3027 2091 3472 2148 anathematizat.
3505 2093 3601 2150 Sic

2022 2173 2194 2240 oravi,
2225 2173 2381 2231 etsie
2411 2174 2570 2229 orabo
2589 2176 2660 2230 ad
2687 2184 2736 2233 te
2761 2192 2872 2234 non
2900 2179 2968 2235 ad
2993 2189 3084 2236 tua
3111 2181 3402 2239 obtinenda
3429 2202 3444 2240 ε
3468 2186 3601 2257 quia

2021 2265 2077 2319 in
2101 2265 2257 2334 linem
2278 2265 2449 2322 tendit
2465 2266 2766 2337 psalmodia
2787 2284 2908 2326 mea
2934 2285 3032 2341 pro
3062 2271 3374 2330 haereditate
3397 2289 3599 2332 eonse-

2022 2357 2258 2429 quenda,
2286 2374 2410 2430 quae
2460 2374 2571 2415 non
2629 2369 2716 2417 est
2763 2363 2932 2432 aliud,
2957 2379 3120 2434 quam
3161 2373 3223 2421 tu
3262 2365 3397 2436 ipse,
3430 2382 3600 2437 quem

2023 2448 2247 2522 Regem,
2273 2460 2328 2507 et
2353 2450 2524 2508 Deum
2556 2454 2758 2511 habere
2801 2463 2889 2512 est
2932 2456 3201 2513 haeredem
3240 2456 3335 2514 Dei
3366 2473 3511 2527 esse,
3542 2468 3602 2517 et

2023 2543 2355 2600 eobaeredem
2399 2544 2622 2613 Christi,
2649 2562 2713 2602 ac
2765 2547 2994 2622 proinde
3050 2549 3256 2606 nullius
3305 2550 3553 2622 indigere
3578 2567 3595 2603 ε

2023 2633 2151 2704 quia
2189 2634 2384 2692 tu,Rex
2404 2653 2565 2699 mens,
2589 2648 2640 2692 et
2666 2638 2809 2694 Deae
2848 2656 2991 2695 meas
3039 2640 3352 2711 plenissime
3390 2642 3598 2699 sufficis

2023 2724 2174 2780 omni
2197 2733 2249 2781 te
2277 2726 2492 2782 babenti
2517 2727 2716 2801 Regem
2747 2738 2803 2785 et
2832 2729 3026 2789 Deum.

2022 2820 2053 2887 ς
2090 2815 2255 2875 Vsus.
2295 2819 2350 2875 4.
2393 2818 2654 2885 Quoniam
2675 2821 2755 2878 sic
2775 2823 2846 2876 ad
2868 2832 2917 2877 te
2946 2823 3123 2894 ipsum
3148 2826 3596 2897 consequendum

2022 2911 2202 2977 orabo,
2234 2919 2290 2966 tu
2312 2912 2559 2968 exaudies
2590 2930 2760 2969 vocem
2788 2931 2977 2984 meam,
3008 2932 3114 2972 non
3147 2927 3459 2989 exspectato
3487 2934 3599 2976 me-

2022 3003 2180 3070 ridie,
2213 3005 2306 3059 sed
2334 3021 2507 3074 mane,
2530 3004 2583 3062 id
2604 3014 2688 3063 est
2719 3007 3009 3079 incipiente
3049 3009 3106 3064 in
3143 3026 3232 3066 me
3284 3012 3405 3067 luce
3428 3011 3599 3083 justi-

339 3113 468 3154 cum
508 3098 611 3153 tria
659 3099 882 3155 nomina
928 3108 1115 3171 ponat,
1145 3101 1396 3158 videlicet
1421 3122 1435 3157 ι
1464 3101 1776 3171 Dominum,
1818 3104 1925 3161 Re·
1950 3076 1992 3136 C
2027 3095 2114 3150 ²5ae
2135 3137 2152 3163 v
2177 3097 2396 3166 quando
2427 3116 2447 3148 ¹
2496 3113 2605 3154 ¹¹⁰¹
2643 3118 2662 3152 ’
2696 3101 2901 3170 9000213
2932 3120 2951 3153 ί
2986 3103 3300 3172 pfaeoest‘st·
3327 3102 3442 3159 (ΗΕΒ
3496 3118 3602 3161 ⁸¹⁸·

341 3206 486 3263 gem,
531 3190 722 3248 Deum.
754 3191 1045 3249 Dominum
1094 3194 1345 3250 nominat
1403 3194 1688 3263 absolute,
1720 3196 1921 3269 Regem

339 3297 473 3338 vero
495 3298 560 3340 ac
588 3282 758 3339 Deum
799 3284 1089 3340 nominans
1132 3284 1353 3356 apponit
1376 3300 1676 3356 pronomen
1698 3302 1922 3358 posses-

342 3374 521 3430 sivum
550 3375 779 3431 dicendo
810 3395 824 3429 x
856 3376 967 3429 Rex
989 3392 1153 3443 meus,
1182 3387 1233 3432 et
1259 3376 1399 3433 Deus
1425 3395 1589 3433 mens.
1614 3377 1750 3435 Cum
1774 3381 1921 3436 enim

345 3468 413 3518 sis.
445 3486 585 3518 uww1
621 3466 882 3522 Πυιϊιίιιιπε
910 3474 1150 3522 *ninnium
1182 3482 1290 3522 τῑιιιι
1326 3474 1590 3528 [umorum
1616 3488 1780 3544 quam
1804 3491 1923 3530 ma-

349 3562 545 3618 lurum,
581 3566 657 3614 iiii:
693 3574 769 3614 vat
802 3578 942 3614 unus
978 3562 1142 3630 juda
1190 3566 1434 3618 titutum
1458 3571 1513 3620 et
1551 3573 1919 3634 mortuorum,

349 3670 453 3706 tftm
501 3666 613 3706 ι’ϊηι
649 3654 773 3706 lium]
806 3658 1010 3706 ιιιιιιιὶιιί
1038 3654 1242 3722 aliquid
1274 3657 1669 3724 apponendum,
1698 3674 1809 3730 quo
1845 3659 1922 3714 si-

345 3746 777 3814 anitii-:nurvjm
818 3748 1114 3802 ιΪῌτιιίιιῖιΙίιι
1170 3750 1218 3798 in
1266 3748 1413 3802 ‹unui
1464 3751 1837 3821 generatione,
1866 3759 1922 3807 et

345 3838 693 3902 generalium
733 3838 1126 3890 indissiuliiiwr
1150 3837 1454 3895 t·÷··1u‘=t²nnda
1505 3848 1577 3895 et·
1607 3840 1916 3895 metuenda.

349 3926 457 3982 Hm*
485 3942 665 3982 numni
697 3934 1006 3998 §apter-inlitu?
1038 3942 1118 3982 [εκ-ι
1162 3930 1493 3993 imin-nrum,
1527 3930 1580 3986 id
1620 3940 1706 3987 est
1751 3931 1922 3986 confl-

349 4022 573 4074 rontium
621 4022 822 4074 ιιιιιιιίιιὶ
870 4022 1002 4090 rjus,
1034 4026 1362 4090 ÷n·.÷r·=11nz‚.qui
1423 4022 1603 4078 dicere
1648 4029 1914 4091 possunt:

353 4134 369 4159 ι
409 4114 665 4167 [anninus
697 4114 834 4183 urgit
858 4130 962 4175 iun„
990 4126 1038 4167 ει
1066 4114 1198 4167 ιιίὲιὶ]Γ
1230 4116 1358 4167 :nihi
1394 4113 1567 4170 deerit
1589 4111 1916 4184 (Panhxxn,

345 4209 421 4259 Ἣ,
465 4227 481 4255 ι
525 4207 669 4275 lingit
721 4207 862 4259 enim
914 4207 1278 4268 limil.1il=fss,.÷rt
1322 4215 1579 4277 tanquam
1621 4220 1718 4261 vas
1769 4205 1922 4276 figuli

349 4299 545 4363 trangit
597 4299 934 4351 inllffltibiles÷
990 4299 1114 4351 itinn
1174 4303 1477 4367 specialiter
1530 4296 1732 4351 dicitur
1775 4296 1919 4352 Dens

345 4407 557 4447 vinum„
589 4391 786 4459 quilius
814 4407 906 4459 pra]
934 4407 1030 4443 sun
1054 4391 1154 4443 lille
1182 4391 1278 4443 lun:
1306 4403 1386 4443 [εει
1414 4388 1837 4456 haereditarium,
1859 4400 1920 4445 ut

349 4483 461 4547 istst:
497 4483 625 4535 finus
649 4499 838 4535 ιζέιζιιιιιιι
866 4483 954 4547 Sit,
986 4499 1086 4535 ιιῡιι
1114 4483 1282 4535 thlm
1310 4483 1362 4535 in
1394 4480 1500 4536 vita
1522 4482 1774 4552 praesenti
1793 4496 1919 4552 per-

349 4591 605 4627 timui-:ins
645 4575 1010 4643 ξιιῌιιῐῡιῖιιιιι,
1046 4575 1134 4627 ssu!
1182 4575 1342 4627 fllium
1394 4582 1515 4645 post
1562 4574 1705 4629 hanc
1749 4574 1919 4630 vitam

349 4671 661 4723 homin-:mus
713 4671 1026 4739 praemium,
1054 4671 1270 4739 quamin-
1306 4687 1322 4715 ι
1366 4668 1465 4739 ipsi
1515 4667 1749 4740 populus
1796 4667 1919 4738 ejus

349 4775 393 4807 m
413 4771 525 4815 unt.
549 4771 593 4811 ιί-ι
625 4761 733 4827 ipso.
761 4759 902 4815 [lawa
930 4775 1054 4811 mim
1078 4759 1158 4815 [eis
1182 4763 1278 4811 [τι-ῆι
1302 4775 1485 4815 rurum
1512 4759 1658 4816 Deus
1672 4759 1914 4831 (Apocal-

346 4864 465 4915 xxt‚
489 4849 567 4919 5).
609 4868 628 4902 ι
660 4848 815 4905 Dicat
848 4865 979 4922 ergo
1030 4847 1273 4907 Ecclesia
1311 4869 1325 4905 ε
1372 4849 1590 4905 Intende
1634 4851 1746 4905 voci
1789 4866 1921 4905 meoe

346 4956 440 4995 rex
473 4957 638 5008 mens,
663 4950 714 4996 et
742 4940 881 4997 Deus
909 4958 1075 5008 meas,
1102 4942 1195 5012 qui
1236 4950 1291 4997 et
1327 4943 1382 4997 in
1407 4943 1659 5013 praesenti
1688 4941 1799 4998 vita
1827 4959 1919 4999 me

347 5032 513 5105 regis,
542 5042 596 5089 et
623 5033 761 5088 nibil
781 5033 916 5089 mibi
945 5033 1138 5097 deerit,
1163 5041 1218 5088 et
1253 5032 1309 5088 in
1335 5032 1519 5089 [utura
1563 5034 1840 5090 deificabis
1862 5042 1917 5090 et

347 5125 681 5182 beatificabis
708 5141 819 5183 non
848 5125 956 5181 alio
1006 5125 1253 5197 praemio,
1285 5124 1391 5181 nisi
1420 5133 1473 5180 te
1519 5124 1656 5196 ipso.
1687 5123 1768 5180 Tu
1807 5124 1918 5180 Rex

352 5233 519 5284 metas,
589 5217 800 5272 intende
849 5218 961 5271 voci
1011 5233 1140 5273 meae
1168 5258 1185 5285 ,
1225 5216 1433 5271 intende
1486 5215 1754 5272 desiderio
1795 5229 1922 5270 meo

348 5308 600 5364 astuanti
621 5324 720 5380 pro
744 5318 839 5364 tuo
863 5310 1147 5381 regimine,
1173 5319 1233 5365 ut
1258 5320 1316 5365 tu
1339 5309 1490 5365 solus
1511 5323 1703 5379 regnes
1730 5308 1784 5362 in
1806 5323 1914 5391 mig,

348 5410 405 5456 et
423 5416 532 5456 non
554 5410 742 5474 regnet
762 5411 1042 5474 peccatum
1079 5402 1136 5457 in
1166 5417 1286 5457 meo
1322 5402 1534 5457 mortali
1561 5415 1807 5472 corpore.
1833 5399 1914 5455 Tu

351 5493 504 5549 solus
532 5494 639 5548 Rex
669 5496 919 5551 habearis
947 5495 1003 5550 in
1062 5503 1179 5551 toto
1224 5496 1449 5563 mundo,
1475 5505 1528 5551 et
1574 5496 1645 5550 sit
1689 5508 1916 5562 regnum

352 5589 506 5635 tuum
540 5597 776 5653 regnum
808 5586 1055 5640 omnium
1111 5577 1456 5651 saeculorum,
1509 5585 1590 5641 sic
1642 5584 1917 5652 implendo

356 5668 670 5732 universum
708 5677 1157 5746 mundum,sicut
1204 5678 1343 5748 lapis
1390 5676 1666 5734 abscissus
1711 5673 1920 5743 absque

1947 4430 1995 4486 D

2021 3193 2128 3242 tem
2143 3185 2316 3255 (Rom.
2333 3204 2451 3254 xtn,
2466 3188 2555 3261 12)
2580 3209 2599 3241 ι
2621 3188 3024 3260 justificationis
3052 3189 3524 3264 appropinquavit.

2092 3279 2261 3336 Aliter
2287 3297 2303 3334 ε
2339 3279 2610 3337 Exaudies
2641 3298 2749 3349 me,
2780 3282 2836 3337 id
2863 3291 2947 3339 est
2988 3284 3288 3357 intelligere
3311 3301 3400 3341 me
3426 3286 3601 3345 facies

2023 3384 2145 3427 esse
2172 3371 2486 3426 exauditam
2523 3388 2674 3427 mane
2704 3373 2856 3428 linita
2903 3373 3070 3444 hujus
3095 3375 3286 3430 muudi
3328 3385 3492 3433 nocte
3537 3379 3599 3433 in

2020 3460 2172 3516 claro
2196 3461 2438 3529 {adventu
2466 3469 2581 3529 tuo,
2603 3462 2825 3534 quando
2857 3479 2958 3534 pro
3001 3480 3124 3521 meo
3150 3465 3420 3522 desiderio
3442 3468 3601 3524 solos

2020 3552 2228 3620 fideles,
2258 3553 2403 3609 solos
2441 3560 2711 3611 amatores
2734 3555 2856 3611 (idei
2885 3556 3082 3612 videbo
3106 3556 3318 3625 iudices
3341 3573 3465 3614 esse
3483 3559 3599 3615 bu·-

2017 3648 2112 3718 jus
2142 3647 2358 3716 mundi,
2381 3656 2434 3704 et
2457 3648 2628 3719 ipsius
2657 3665 2877 3721 quoque
2924 3650 3148 3718 diaboli,
3172 3651 3316 3707 sicut
3358 3651 3601 3722 Aposto-

2020 3742 2107 3796 lus
2129 3748 2255 3797 tuus
2285 3741 2547 3811 loquitur.
2572 3741 2652 3796 An
2685 3761 2704 3794 ι
2738 3743 2981 3809 nescitis,
3012 3742 3268 3814 quoniam
3291 3751 3346 3798 et
3371 3744 3602 3813 angelos

2015 3832 2423 3903 judicabimus?
2448 3852 2467 3887 ι
2505 3832 2558 3906 (1
2587 3834 2710 3890 Cor.
2738 3851 2815 3903 v1,
2845 3836 2923 3906 5.)
2958 3836 3110 3894 Tunc
3138 3838 3191 3891 in
3219 3836 3312 3892 illo
3343 3819 3512 3903 mane,
3537 3836 3599 3894 in

2019 3925 2112 3980 illa
2142 3926 2449 3983 inchoativa
2484 3927 2729 3983 claritate
2750 3926 2950 3984 suturae
2990 3929 3045 3982 in
3074 3938 3337 3984 aternum
3382 3927 3598 3984 sereni-

2018 4016 2147 4072 tatis
2170 4056 2186 4080 ,
2224 4027 2280 4074 et
2316 4034 2521 4075 serente
2579 4033 2901 4089 semperque
2958 4018 3193 4075 lucentis
3249 4019 3595 4085 aeternitatis‚

2019 4108 2239 4179 quando
2261 4109 2353 4164 lux
2376 4119 2631 4181 perpetua
2660 4111 2865 4166 lucebit
2882 4111 3088 4167 sanctis
3113 4111 3244 4175 tuis,
3273 4110 3522 4167 Domine.

2088 4196 2254 4253 Vens·
2295 4199 2349 4254 5.
2391 4198 2450 4254 ln
2498 4200 2593 4255 illo
2633 4217 2785 4256 mane
2811 4200 3041 4272 ·Judices
3081 4200 3183 4267 illi,
3210 4200 3595 4273 perfectissimi

2018 4297 2418 4360 contemptores
2446 4291 2634 4347 mundi
2652 4333 2668 4357 ,
2693 4292 2961 4348 sedebunt
3008 4308 3172 4364 super
3192 4293 3352 4350 sedes
3384 4293 3597 4349 duode-

2021 4380 2126 4437 cim
2152 4381 2463 4452 judicantes
2481 4383 2747 4473 mundum
2766 4384 2912 4454 juste
2938 4383 3092 4455 (Luc.
3123 4399 3259 4451 xxn,
3291 4384 3405 4454 50),
3429 4400 3460 4439 a
3479 4400 3597 4455 quo

2015 4470 2244 4540 judicati
2299 4479 2428 4526 sunt
2467 4470 2688 4541 injuste.
2726 4470 2832 4527 Sed
2857 4487 2959 4542 ego
3001 4471 3246 4528 Ecclesia
3276 4486 3376 4543 pro
3398 4471 3594 4539 majori

2017 4562 2270 4634 portione
2291 4562 2479 4618 astabo
2508 4562 2575 4618 ad
2602 4563 2881 4619 dexteram
2913 4563 3229 4633 judicanda.
3267 4561 3337 4617 Et
3362 4572 3492 4618 tunc
3511 4565 3596 4617 vi·

2018 4653 2167 4721 deba,
2197 4653 2344 4726 quod
2369 4654 2532 4711 modo
2561 4669 2672 4710 nou
2703 4654 2864 4710 video
2887 4696 2903 4722 ,
2926 4662 2982 4710 et
3014 4669 3125 4710 non
3169 4654 3357 4711 videns
3395 4653 3590 4726 credo,

2018 4753 2267 4822 qnoniam
2296 4766 2400 4805 non
2430 4750 2572 4805 Deus
2607 4749 2780 4805 volens
2810 4750 3142 4821 iniquitatem
3180 4760 3237 4803 tn
3277 4765 3352 4804 es.
3376 4746 3594 4804 Videris

2017 4857 2167 4897 nunc
2205 4842 2341 4898 velle
2392 4842 2744 4913 iniquitatem,
2788 4841 2916 4913 quia
2961 4841 3199 4898 sustines
3242 4841 3299 4895 in
3343 4839 3591 4896 Ecclesia

2018 4943 2134 5001 tua,
2160 4934 2215 4989 in
2241 4950 2410 5007 regno
2456 4943 2550 4989 tuo
2608 4933 2828 5004 iniquos
2874 4932 3119 5002 judices;
3150 4932 3245 4988 sed
3265 4948 3439 4997 mane,
3465 4947 3590 4986 cum

2020 5025 2123 5080 soli
2155 5025 2378 5095 perfecti
2432 5032 2593 5080 erunt
2639 5022 2873 5094 judiceS,
2897 5031 3029 5079 tunc
3074 5023 3282 5091 astabo,
3307 5032 3358 5077 et
3389 5020 3595 5087 videbo,

2018 5118 2269 5187 quoniam
2288 5132 2394 5171 non
2416 5115 2556 5170 Deus
2585 5115 2758 5170 volens
2779 5115 3111 5184 iniquitatem
3140 5123 3196 5168 tu
3214 5132 3289 5171 es.

2089 5208 2258 5265 Vens·
2293 5209 2346 5264 6.
2389 5207 2573 5279 Neque
2609 5205 2872 5262 habitabit
2910 5207 3074 5277 juxta
3118 5217 3167 5260 te
3195 5206 3459 5278 inaliqnns
3493 5219 3592 5260 vo·

2018 5301 2228 5380 luptate
2254 5299 2480 5356 nocendi
2503 5301 2729 5369 plenus:
2754 5314 2929 5369 neque
2951 5299 3158 5369 injusti,
3183 5297 3385 5369 quibus
3405 5297 3588 5353 dices:

2028 5412 2047 5445 ι
2065 5393 2298 5460 Esurivi,
2311 5402 2365 5448 et
2377 5407 2484 5447 non
2500 5391 2724 5449 dedistis
2741 5391 2875 5447 mibi
2891 5392 3219 5448 manducare
3230 5391 3249 5461 (
3258 5390 3445 5445 Mami.
3462 5404 3597 5456 xxv,

2019 5484 2134 5553 42),
2173 5502 2191 5534 ι
2222 5482 2594 5552 permanebunt
2634 5492 2756 5537 ante
2801 5482 2980 5540 ocutos
3025 5491 3163 5537 tuos.
3197 5480 3388 5535 Statim
3416 5479 3592 5547 enim,

2020 5584 2082 5628 ut
2108 5583 2162 5628 tu
2190 5573 2338 5629 dices
2371 5593 2384 5628 :
2423 5592 2443 5625 ι
2473 5572 2741 5631 Discedite
2783 5592 2814 5629 a
2862 5590 2963 5642 me,
2996 5572 3267 5628 maledicti
3313 5572 3366 5627 in
3407 5572 3586 5642 iguem

2020 5676 2302 5734 aeternum,
2323 5682 2430 5725 non
2449 5667 2838 5739 permanebunt
2864 5673 2989 5724 ante
3011 5663 3200 5723 ocutos
3228 5673 3350 5724 tuos
3367 5662 3590 5736 (Matth-
