3817 6000
96 191 169 250 tuot
399 188 684 287 GOHQENTAMU!
705 189 739 247 hi
758 188 930 247 PSAUOS.
950 220 987 232 ·—
1002 188 1096 247 PARS
1111 188 1146 247 ΙΙ.
1164 219 1201 233 ·-
1218 190 1318 249 PSAL.
1338 191 1434 252 mil.
1666 195 1738 255 ldssi

138 308 320 381 impinqrcsti
334 306 434 375 inciso
447 317 526 379 capnt
548 324 647 364 neem.
663 306 743 375 Quod
764 309 834 365 milri
853 318 896 366 est
909 323 933 381 Λ
946 307 1037 379 lusos,
1065 306 1210 378 insiciam,
1224 326 1308 382 quarn
1315 312 1463 383 moderas
1478 314 1538 369 ess!
1560 312 1640 371 Colis
1661 317 1736 373 eninr

98 407 198 457 actara
220 397 320 469 qratia,
334 397 362 452 ln
380 406 477 455 octaua
492 398 537 455 dis
560 400 774 457 resurrectionis
796 399 894 458 Domi·
946 405 1021 468 tuus,
1036 397 1102 470 quis
1124 406 1154 455 ιιι
1173 414 1238 455 cum
1251 400 1302 461 dso
1318 418 1327 458 a
1342 410 1370 458 ct
1395 419 1481 472 ιιιιιιι,
1501 403 1566 476 quia
1581 419 1644 462 eum
1668 407 1737 463 milri

99 493 173 548 nicee
199 489 311 561 largiter
338 487 435 545 etiosa.
457 487 526 545 llam
550 498 614 562 post
632 489 736 564 squnm
756 492 895 564 passionis
944 489 1005 557 das,
1017 505 1099 561 osam
1112 489 1259 561 proclam
1283 491 1340 547 est!
1353 489 1447 565 {lmus
1467 494 1540 551 enim
1555 494 1739 566 siclnebriat,

99 589 197 655 parata
208 596 305 639 mensa
320 581 375 637 aivi
393 581 546 654 parnis,.qoi
561 592 657 640 ccccm
669 593 713 641 est
734 600 783 657 per
793 586 850 643 dac
861 587 895 644 ll-
946 592 976 637 ιιι
990 579 1166 639 sobrietatem
1179 581 1298 653 adierat,
1314 583 1362 641 sed
1372 600 1433 642 eam
1446 587 1539 659 potins
1552 588 1670 662 adauget
1680 590 1738 649 cla·

99 669 269 744 grmcracis,
283 670 780 744 quncomridualiareptenasancta
790 675 895 749 colligit
944 671 1079 729 rideando
1100 688 1201 733 sensus
1226 691 1301 733 nunc
1327 676 1609 747 interiorislrominls,
1625 691 1739 755 etpost·

100 762 234 831 Ecclesia,
261 776 311 834 per
338 761 455 833 gloriam
483 764 696 821 resurrectionis
719 766 894 840 impinguasti
944 762 998 819 liae
1013 763 1097 821 etism
1121 765 1279 834 exterioris,
1307 768 1419 839 quando
1436 787 1446 821 ι
1465 769 1660 829 reformabitur
1674 788 1739 833 oar-

99 864 142 922 so,
158 854 231 911 Deus
240 853 333 921 Pater,
346 864 426 925 capsi
437 870 534 924 murs,
548 855 575 912 id
585 865 628 913 est
637 857 728 929 ipsum
741 858 893 932 Christum,
944 869 997 927 pus
1012 854 1176 914 humilitatis
1198 867 1301 915 nostrae
1313 859 1517 932 configuratum
1531 865 1643 936 corpori
1654 865 1736 924 clari<

99 952 149 1023 qni
162 958 205 1007 cst
227 957 310 1021 caput
334 963 439 1018 mcurn,
465 959 548 1023 capot
564 949 703 1010 liceuriae.
719 953 799 1013 Tune
818 956 893 1013 euim
945 947 1010 1005 tatis
1022 944 1153 1019 (Philipp.
1166 964 1208 1018 ιιι,
1219 948 1266 1021 sl)
1279 970 1290 1003 ι
1306 958 1369 1008 tuse.
1382 950 1462 1012 Nunc
1475 954 1584 1012 interim
1599 956 1737 1016 sirecalix

100 1040 253 1113 glorificata
266 1048 294 1096 et
304 1039 454 1096 clarificata
469 1041 497 1097 in
513 1039 625 1099 chrisio
635 1055 778 1118 assumpta
795 1047 894 1105 huma.
944 1046 1020 1105 tuos,
1034 1037 1102 1108 siue,
1117 1039 1215 1096 utalia
1240 1043 1383 1100 translatio
1396 1045 1478 1103 habet
1493 1066 1500 1103 ε
1513 1046 1644 1105 Porcium
1658 1060 1734 1106 tauns

101 1132 193 1199 nitas,
207 1132 273 1203 quia
287 1132 315 1187 in
329 1131 465 1203 passione
475 1132 562 1191 tristis
585 1143 645 1191 erat
667 1138 804 1209 usquead
818 1155 894 1196 ιιιοι-
944 1129 1091 1199 imbriam,
1116 1131 1154 1188 5²⁸
1181 1132 1309 1203 inebriet,
1325 1144 1356 1192 ⁸1¹
1377 1136 1543 1196 Obliliffltem
1564 1149 1735 1199 turrensium

101 1231 169 1289 tem,
185 1222 227 1278 sic
249 1230 291 1278 est
313 1222 375 1279 oleo
387 1222 488 1279 laetitia
501 1225 626 1295 perlusa,
645 1235 676 1281 ιιι
692 1227 801 1285 dictaei
823 1230 895 1286 aeci.
944 1221 1099 1279 vanitatum
1125 1223 1284 1283 bibentibus
1305 1226 1439 1298 conterat,
1453 1231 1519 1301 quia
1535 1230 1617 1296 ‚sicut
1634 1246 1737 1304 corpus

99 1310 169 1368 dere
187 1325 242 1366 ιιοιι
255 1311 343 1383 possit
353 1312 409 1375 ulla
421 1312 535 1370 tristitia
551 1314 710 1385 :quinimo
730 1334 740 1369 ι
760 1316 894 1374 sicutnn·
944 1324 1023 1373 tuum
1039 1331 1069 1372 se
1092 1316 1174 1387 digne
1187 1317 1363 1377 comedentes
1387 1321 1437 1379 tibi
1450 1322 1570 1393 chriam,
1584 1339 1736 1396 concorpo-

100 1411 233 1473 guencum
246 1403 275 1459 tn
288 1403 388 1475 capim,
402 1405 478 1477 quod
488 1404 632 1463 (iamdiu
645 1407 674 1463 in
688 1409 812 1476 barbam,
827 1409 894 1465 bar.
944 1415 998 1472 ras,
1015 1403 1057 1461 sie
1069 1415 1097 1462 et
1112 1407 1227 1478 sanquis
1244 1417 1309 1468 tuus
1323 1419 1351 1467 et
1363 1410 1484 1483 Spiritus
1503 1422 1567 1473 tuus
1581 1415 1670 1472 bonus
1690 1415 1735 1472 di-

100 1493 167 1550 barn
190 1496 282 1551 daron
307 1494 395 1567 (Psoi.
411 1512 517 1562 cxrxrr,
540 1496 581 1569 2),
598 1517 609 1551 ι
635 1498 676 1556 sic
693 1499 727 1556 de
742 1500 854 1558 homine
864 1500 894 1557 in
944 1508 998 1565 quc
1010 1509 1040 1551 sc
1055 1494 1181 1553 bilerrtes
1196 1495 1246 1552 tibi
1271 1500 1454 1571 conviscerat,
1465 1513 1494 1559 ct
1506 1504 1690 1571 conriritlcat,
1705 1513 1736 1560 ot

102 1586 189 1643 mam
215 1587 368 1658 wiscolo
388 1588 531 1645 descendis
552 1590 646 1645 taeucia
661 1590 689 1647 in
704 1591 845 1663 esposicion
858 1593 894 1650 aa
945 1585 1038 1655 possit
1050 1585 1169 1658 quisquc
1188 1587 1298 1645 illorum
1324 1590 1416 1649 dicere
1429 1610 1462 1648 :r
1483 1591 1550 1651 Viro
1563 1603 1655 1652 numni
1677 1593 1735 1667 Jarn

101 1678 311 1736 similitudinem
327 1679 421 1737 barba
445 1681 498 1753 ipsi
512 1681 596 1755 capiti
619 1682 794 1754 conjunctos.
811 1701 821 1738 ι
840 1683 896 1741 Ga·
908 1670 931 1727 B
945 1692 1002 1734 non
1014 1692 1076 1750 eqo,
1091 1679 1158 1735 uiris
1172 1694 1239 1737 sero
1256 1682 1283 1737 in
1300 1698 1343 1740 nze
1355 1682 1483 1743 Christus
1493 1685 1595 1759 (Galat.
1608 1703 1640 1756 ιι,
1649 1686 1734 1760 90).»

102 1769 231 1827 visisunt
249 1790 259 1823 s
276 1771 351 1827 enim
366 1790 377 1825 ι
392 1771 520 1844 discipuli
534 1773 594 1830 riso
608 1771 727 1830 Domino
739 1774 832 1845 (locu.
845 1792 893 1842 xx,
981 1768 1065 1828 Vasa·
1081 1772 1109 1827 i·
1121 1802 1159 1814 —
1171 1768 1208 1826 Ei
1232 1773 1417 1832 misericordia
1444 1785 1492 1833 tuo
1510 1780 1683 1851 subsequtus
1695 1795 1738 1836 rsa

103 1861 163 1931 2⁰),
181 1891 192 1916 s
208 1863 377 1935 etgsudium
400 1880 497 1922 eorum
520 1880 603 1924 nemo
618 1866 729 1923 tulitalr
742 1867 794 1935 cis,
812 1875 895 1940 atquc
943 1864 1171 1921 omnibusdt'ebst's
1184 1868 1244 1923 os’toe
1257 1884 1331 1924 mete.
1348 1866 1465 1929 liaecesl
1487 1872 1738 1930 norissimactde·

102 1953 168 2009 inde
188 1969 239 2025 per
263 1953 479 2013 illosdescendit
493 1956 564 2013 Mem
587 1958 678 2015 oleum
691 1958 896 2031 laudansque
944 1954 1019 2012 eima
1048 1956 1137 2028 qratia
1165 1958 1379 2029 praecedentium
1394 1961 1544 2032 gratiarum
1559 1952 1737 2034 praeparatrls
1783 1983 1791 1995 ·

102 2046 221 2103 inoranr
248 2046 417 2118 vestimenti,
442 2064 531 2122 omne
554 2050 590 2106 ad
616 2060 740 2109 extrema
764 2051 896 2110 Ecclesiae
943 2053 973 2103 et
986 2047 1187 2104 conservatrix.
1199 2047 1269 2106 Nam
1283 2059 1341 2120 tua,
1357 2050 1441 2121 Deus,
1465 2054 1737 2129 misericordiaque

101 2139 238 2209 munina,
254 2140 326 2197 inter
349 2157 412 2213 quac
434 2140 536 2213 glorior
552 2156 604 2215 eqo
623 2140 708 2199 linuid
719 2143 853 2210 canendo,
867 2152 895 2201 ct
943 2140 1076 2210 ptaetenit
1090 2159 1100 2194 s
1116 2155 1198 2199 omne
1209 2153 1303 2200 natum
1328 2145 1461 2216 ominium
1478 2154 1508 2202 et
1526 2161 1609 2204 omne
1631 2147 1735 2207 donum

101 2230 151 2286 tilii
164 2229 220 2286 lieo
234 2228 310 2288 Patri
335 2231 438 2304 gratias
457 2231 574 2305 agendo,
588 2234 662 2305 quod
682 2235 855 2307 impisqsssti
866 2236 894 2291 in
943 2230 1096 2302 perfectum
1108 2232 1213 2307 (lucei.
1225 2251 1246 2304 1,
1260 2234 1333 2307 lips
1350 2235 1516 2294 conterendo
1530 2238 1564 2295 ad
1578 2240 1738 2297 custodien-

100 2322 160 2378 sieo
181 2331 262 2394 mass
279 2339 379 2390 mss,
391 2324 418 2381 id
432 2332 476 2381 est
494 2336 614 2383 mennon
632 2342 732 2395 meam,
749 2328 793 2384 rel
805 2327 895 2385 uomi-
944 2324 1023 2393 dum,
1045 2325 1120 2397 qaod
1134 2326 1262 2396 contulit,
1274 2326 1449 2400 sslsmsetrsr
1464 2344 1515 2385 ms.
1538 2328 1736 2400 Misericordia,

102 2428 166 2469 nem
179 2429 196 2470 a
211 2411 301 2472 lcrlro
318 2424 367 2472 tuo
381 2425 566 2487 assumptum,
580 2417 628 2489 qul
639 2426 683 2474 est
695 2425 778 2489 capot
790 2433 894 2488 meum,
945 2414 1071 2487 inquam,
1094 2425 1151 2486 too,
1169 2417 1196 2474 id
1213 2426 1256 2476 est
1280 2416 1400 2490 Spiritus
1417 2427 1481 2476 tuus
1501 2419 1571 2477 milri
1594 2421 1622 2476 in
1635 2422 1737 2495 pignos

101 2505 217 2577 depulsa
243 2507 290 2563 illa
311 2507 437 2566 siccitate
468 2509 511 2567 uel
538 2509 676 2579 ariditate,
705 2525 789 2582 quam
816 2520 896 2571 notat
944 2507 1038 2576 datus,
1051 2511 1226 2582 subsequetur
1238 2526 1290 2579 me,
1303 2526 1359 2568 nnn
1374 2511 1408 2568 ad
1422 2511 1530 2582 horam,
1551 2512 1600 2570 sed
1614 2514 1737 2575 annitar

101 2596 188 2654 isaias
200 2599 334 2671 propheta
356 2593 478 2658 diceus':
496 2620 507 2655 ι
525 2600 894 2675 Etasccrrditsicntrirgsl·
944 2598 1010 2654 circ
1032 2615 1106 2666 mec,
1129 2599 1194 2657 sitm
1212 2600 1351 2671 morulis,
1372 2601 1562 2670 inhabitando,
1589 2604 1738 2676 specialius

102 2698 164 2745 tum
176 2704 271 2747 coram
280 2707 327 2758 ω,
341 2701 370 2748 ct
383 2694 455 2749 sicus
468 2693 547 2750 radis
562 2692 597 2750 do
610 2704 683 2751 nera
704 2694 818 2752 sinenti.
833 2693 895 2753 lton
945 2701 1038 2749 autem
1066 2693 1203 2749 lsrterdum
1219 2693 1368 2763 visitando,
1388 2703 1416 2752 et
1439 2710 1490 2753 sna
1511 2695 1670 2767 collatione,
1686 2713 1737 2755 seu

101 2789 148 2837 est
158 2781 184 2837 ei
198 2781 316 2853 species,
338 2798 427 2854 rseque
442 2784 527 2841 decor
538 2783 608 2851 (iso.
624 2801 685 2854 ιιιι,
695 2784 735 2857 2).
755 2803 766 2839 ι
782 2783 829 2843 Sic
844 2786 895 2842 ho-
944 2784 1116 2856 riqilantem,
1131 2800 1181 2842 seu
1195 2785 1378 2843 dormientem
1396 2786 1431 2843 ad
1455 2801 1525 2859 opus
1542 2795 1620 2846 tuum
1644 2789 1737 2846 susci·

105 2887 153 2928 nro
165 2872 201 2929 de
215 2873 320 2945 rirqine
331 2883 491 2946 conceptos,
508 2885 537 2933 et
547 2885 628 2934 uatus
640 2878 674 2935 de
688 2886 760 2934 terra
772 2878 895 2952 virginea
945 2876 1040 2933 tando
1053 2875 1085 2933 ln
1106 2877 1218 2934 mortali
1239 2892 1359 2950 namque
1379 2892 1474 2948 carne,
1489 2878 1556 2936 dom
1573 2878 1647 2947 uiro,
1673 2880 1737 2938 dlli-

102 2977 235 3039 taaqoam
249 2966 283 3024 dc
296 2968 453 3026 terrasicca
464 2979 642 3042 procreatus,
658 2971 686 3028 in
699 2986 750 3030 sna
764 2971 894 3045 passione
906 3011 931 3073 c
945 2969 1107 3043 certissima
1121 2978 1150 3028 et
1161 2970 1350 3044 perseveranti
1372 2969 1497 3029 custodia
1509 2969 1628 3045 indigeo,
1642 2986 1675 3029 ne
1688 2970 1737 3030 de-

102 3058 237 3115 humilem
257 3074 291 3116 ac
315 3059 444 3117 senilem
469 3062 615 3133 pretendit
632 3063 831 3121 'habitumoon
844 3064 894 3122 lra-
945 3062 1038 3121 flciam
1060 3062 1089 3119 in
1100 3063 1155 3133 ris,
1172 3063 1222 3122 sed
1245 3073 1273 3121 et
1295 3063 1341 3121 tic
1365 3063 1435 3121 bene
1456 3079 1579 3132 curram,
1602 3073 1630 3120 es
1646 3062 1739 3121 taliter

101 3151 213 3212 maen
223 3152 354 3224 speciem,
369 3167 458 3225 oeque
473 3153 600 3211 decorem
615 3157 816 3229 propterquod
830 3172 895 3215 suc
945 3170 1058 3211 comum
1073 3156 1302 3224 consummando,
1317 3163 1346 3213 ct
1355 3155 1436 3213 lidern
1450 3155 1600 3224 servando,
1616 3154 1652 3211 ad
1670 3156 1737 3213 lira-

102 3242 181 3300 cisus
201 3252 245 3301 est
266 3243 372 3316 judicio
402 3244 561 3318 iniquorum
582 3249 738 3320 principum
760 3249 841 3321 quasi
858 3250 894 3307 li-
944 3247 1020 3302 riom
1037 3245 1147 3303 reniam
1164 3247 1350 3302 atinlroiitsos
1364 3246 1392 3302 in
1406 3245 1500 3305 lutuno
1513 3245 1639 3304 sincdne
1650 3247 1737 3304 indo-

100 3352 188 3410 gnum
209 3336 330 3407 aridum,
341 3353 405 3395 casn
418 3348 493 3396 esses
514 3339 574 3411 ipse
584 3340 689 3412 liquam
701 3341 798 3398 viride.
812 3340 894 3400 Unda
944 3353 989 3393 nro
998 3336 1119 3407 Domini,
1134 3338 1163 3394 irs
1173 3338 1253 3394 dorso
1266 3353 1321 3395 non
1340 3336 1510 3407 manniaco,
1529 3337 1578 3395 sed
1592 3346 1693 3395 aeterrm
1707 3337 1736 3393 in

99 3436 130 3490 es
142 3426 264 3484 dicitur:
280 3446 290 3481 ι
304 3426 382 3485 Filiae
393 3426 556 3500 ierusalem,
568 3431 654 3488 nolite
665 3430 731 3490 dere
743 3447 826 3505 super
838 3449 894 3504 mc,
945 3433 974 3488 in
986 3430 1083 3498 coelis;
1105 3448 1162 3489 non
1176 3431 1211 3488 ad
1226 3432 1335 3496 horam,
1347 3430 1396 3488 scd
1416 3431 1444 3487 in
1456 3415 1623 3502 inaffectione
1632 3428 1737 3485 dieram

100 3520 152 3575 sed
163 3535 247 3592 super
256 3535 306 3597 ros
318 3520 393 3593 ipsas
406 3520 479 3591 dete,
494 3524 561 3596 quia
577 3523 600 3581 sl
612 3525 641 3581 in
652 3525 733 3583 viridi
743 3525 818 3597 liquo
835 3527 895 3585 nac
943 3523 1185 3583 carnunculam
1198 3524 1381 3582 linaiiscausa
1396 3524 1430 3581 de
1443 3522 1573 3579 omnious
1587 3520 1737 3594 superiori·

101 3610 215 3681 iaciens,
236 3613 265 3669 in
285 3614 364 3672 arido
377 3616 444 3688 quid
466 3615 555 3673 dctis
581 3615 660 3690 (doc.
682 3634 762 3688 nor,
782 3619 894 3694 idol.)
945 3618 998 3675 ltus
1009 3617 1118 3690 pendet.
1133 3617 1174 3674 Ad
1186 3616 1240 3674 loc
1253 3617 1326 3674 eninr
1339 3632 1422 3688 supra
1431 3617 1504 3674 dicta
1513 3630 1645 3673 concessa
1660 3623 1737 3681 suot.

102 3704 244 3779 suttorp>
256 3707 317 3779 ipse
328 3708 356 3764 in
371 3709 413 3766 rci
424 3708 540 3766 veritate
557 3724 667 3783 semper
683 3730 694 3765 ι
711 3712 815 3783 liqnum
830 3731 840 3767 s
853 3712 896 3769 ri·
944 3720 976 3766 ιιι
992 3710 1138 3767 istatitsss
1149 3709 1179 3765 io
1199 3710 1278 3766 domo
1293 3707 1403 3765 Domim
1424 3709 1453 3764 in
1474 3708 1667 3781 turpitudinem
1679 3707 1739 3764 dis·

102 3797 188 3855 rides
204 3812 285 3856 secus
296 3799 431 3857 decursos
441 3814 577 3872 aquarum
587 3800 752 3872 ρΙιιιιιιιιιιι,
768 3820 779 3856 ι
794 3802 895 3874 dequo
946 3817 1018 3871 roos,
1027 3800 1062 3858 dc
1071 3815 1153 3858 serso
1167 3790 1314 3873 adoptatus
1329 3799 1358 3858 in
1377 3798 1475 3856 illium.
1488 3796 1558 3854 llam
1571 3813 1667 3856 sersus
1680 3811 1737 3854 non

93 3888 133 3944 ia
150 3889 240 3961 primo
262 3890 368 3961 psalmo
383 3889 472 3963 (Psoi,
485 3907 505 3960 ι,
518 3890 548 3963 5)
571 3890 599 3946 in
624 3891 714 3963 capite
727 3892 791 3950 libri
811 3892 895 3966 hujus
946 3892 1081 3951 manain
1102 3891 1229 3952 domoin
1247 3900 1398 3959 aeteruum
1412 3889 1590 3948 ddusautem
1602 3888 1738 3947 manain

102 3982 389 4056 ermenterscriptnm
409 3993 462 4052 est,
476 3983 551 4055 quod
566 4000 577 4036 ι
595 3981 693 4041 iulium
707 3984 769 4058 ejus
781 4000 837 4043 ιιοιι
847 3986 895 4044 de-
945 3996 1092 4047 scurnum.

103 4073 180 4144 duas,
197 4075 268 4132 sscd
291 4076 470 4148 semetipsum
480 4074 641 4145 exinanirit,
653 4076 723 4134 utin
737 4093 788 4134 sua
806 4087 896 4136 morte
981 4077 1074 4137 Gloria
1087 4078 1178 4151 Patri,
1198 4077 1319 4152 qoioleo
1339 4077 1441 4136 lactitiae
1454 4076 1584 4151 perunxit
1596 4085 1625 4135 et
1637 4076 1739 4150 impin·

102 4168 245 4226 rideretur
266 4169 347 4241 qnasi
371 4168 477 4243 iiqnum
494 4168 614 4227 aridum.
640 4169 670 4227 ln
690 4173 893 4230 resurrectione
945 4171 1039 4243 quasit
1053 4182 1242 4244 eaputmeum
1262 4168 1404 4227 Christum
1418 4168 1622 4227 Filiumsuom.
1634 4166 1738 4225 diocia

103 4270 197 4316 nomin
211 4261 246 4318 dc
255 4260 414 4319 divinitatis
426 4278 484 4320 suae
498 4262 680 4337 pinguissima
690 4263 782 4321 radice
794 4264 835 4322 sic
847 4280 894 4323 rc·
947 4251 1032 4334 lilio,
1046 4263 1095 4336 qui
1111 4271 1155 4322 est
1178 4277 1258 4320 mons
1281 4260 1340 4333 llei,
1358 4277 1439 4320 mons
1450 4257 1572 4335 pinquis,
1583 4260 1733 4336 impingua·

102 4351 208 4422 docuit,
223 4361 253 4409 ιιι
269 4354 350 4425 quasi
363 4353 435 4411 olias
446 4353 589 4414 lrunliera
610 4355 754 4412 materiam
770 4354 893 4425 lunrlois,
909 4365 992 4422 ntus
1005 4364 1137 4429 tanquam
1159 4356 1301 4428 saginatus
1324 4355 1440 4422 uitulus,
1465 4369 1549 4425 quem
1571 4352 1634 4426 pius
1656 4351 1740 4408 Pater

102 4454 132 4503 es
155 4453 360 4517 unquentorum
381 4446 548 4505 solllcientcr
571 4445 755 4516 administres,
769 4446 894 4520 quietio
945 4446 1049 4506 occidit
1073 4446 1188 4520 prodigo
1211 4446 1269 4508 lilio
1294 4462 1346 4506 suo
1361 4460 1482 4504 moso.
1506 4444 1601 4502 Gloria
1623 4442 1739 4515 Spiclin

103 4539 265 4598 ascensione
280 4537 413 4613 Spiritum
435 4550 561 4599 sanctum
575 4540 752 4610 emendenda,
772 4550 800 4597 ct
814 4540 896 4606 ooasi
945 4550 1051 4608 sancto,
1064 4539 1114 4612 qui
1123 4547 1166 4597 est
1179 4538 1397 4611 lamcpinqnado,
1412 4538 1457 4595 rel
1473 4537 1576 4606 oleum,
1589 4552 1645 4608 quo
1657 4534 1739 4592 Patre

104 4631 169 4689 sitis
184 4630 376 4690 medicando
389 4633 553 4691 suauitatem
569 4630 663 4689 odoris
680 4650 690 4686 ι
708 4631 803 4688 ιίιιιιιιι
825 4631 896 4689 laeti-
947 4640 1067 4704 oncense
1091 4630 1427 4704 inpinquasuscsrlromo
1443 4626 1672 4696 Christuslcsus,
1688 4627 1738 4700 qai

104 4723 192 4782 fleans
214 4741 263 4782 cor
286 4723 408 4784 hominis
424 4725 513 4800 (Psoi.
538 4740 598 4796 etur,
625 4724 672 4797 ¹⁵l
698 4724 897 4782 »abundanter
944 4724 1030 4781 etiam
1045 4720 1163 4796 Spiritus
1178 4721 1251 4778 colia
1270 4736 1343 4776 meus
1359 4719 1505 4788 inebrians,
1525 4736 1604 4793 qoam
1623 4717 1739 4791 procio-

103 4817 226 4889 protulis
247 4815 282 4875 lit
294 4817 354 4875 luteo
367 4825 410 4877 est
420 4834 493 4877 nona
512 4817 612 4892 qratia,
625 4816 660 4875 de
681 4818 778 4890 quain
792 4816 894 4890 qratia·
947 4801 1004 4873 sss⁵
1012 4816 1071 4872 est!
1092 4815 1184 4874 Gloria
1207 4816 1308 4874 luorum
1328 4816 1412 4874 trium
1428 4814 1476 4872 oni
1504 4812 1662 4881 sterilitati,
1676 4825 1739 4883 quse

103 4923 167 4967 rum
181 4908 290 4966 actione
299 4910 362 4976 dico
376 4928 384 4966 ε
608 4981 611 4986 ⁶
948 4916 991 4964 est
1009 4906 1055 4963 illa
1069 4906 1211 4979 longitudo
1224 4906 1343 4974 dierum,
1362 4921 1417 4978 qua
1434 4902 1548 4978 spiritus
1561 4900 1739 4977 propheticus

139 4998 176 5056 lis
190 5001 264 5057 estin
278 5018 362 5072 sums,
388 5000 509 5076 Spiritus
523 5001 650 5061 ridelioet
670 5011 735 5062 tuus
749 5003 778 5059 io
794 5015 839 5059 me
854 5000 896 5060 ei·
948 4999 1088 5058 condudit
1096 4998 1231 5071 psalmam
1243 4998 1339 5056 istum.

105 5113 1728 5147 w*

671 5256 937 5353 PSALMUS
969 5256 1163 5348 xxlll.

143 5539 224 5602 Vsus.
244 5544 273 5604 l.
291 5544 401 5602 domini
412 5552 451 5603 est
466 5554 548 5615 terro,
560 5553 587 5602 st
612 5542 750 5618 plenitudo
763 5543 832 5617 ejas.
847 5543 895 5605 Ti·
991 5538 1087 5614 (Vens,
1106 5539 1145 5614 l.)
1164 5550 1378 5598 menusanum
1397 5548 1424 5590 tn
1443 5546 1545 5588 surm
1564 5541 1686 5587 sssssrr.

105 5634 247 5695 sulusest·
986 5633 1107 5692 Gentiles
1132 5647 1149 5687 a
1173 5628 1332 5688 nominibus
1356 5635 1459 5699 septem
1485 5625 1657 5699 planetarum
1677 5620 1738 5682 dies
