3817 6000
198 182 267 242 tarr
664 173 815 233 canuam
830 170 1030 231 ramoosm
1049 168 1322 227 nutcrtsnseeno.
1744 169 1816 230 tua

195 291 278 349 corde
288 306 339 348 suo
349 289 473 347 venando
484 298 511 346 et
524 289 685 359 aucupando
698 289 795 344 altiora
810 289 855 344 sei
869 288 981 343 Dianam
999 293 1019 351 Α
1034 300 1096 340 ntus
1107 283 1165 354 jam
1179 299 1225 354 per
1239 283 1318 337 lidetn
1327 281 1457 338 aditlcata
1469 280 1623 338 invematur
1634 280 1725 339 minus
1735 300 1816 355 quam

196 383 387 458 quippequasi
402 384 479 438 deam
506 380 659 437 uenationis
672 382 797 436 eoleltattt
811 382 940 451 gentiles3
955 389 983 435 et
1033 376 1111 433 dccet
1135 386 1243 441 ornata,
1273 376 1380 447 psallite
1404 376 1528 443 Domino,
1552 379 1638 434 tancti
1657 379 1728 449 ejus,
1750 379 1819 437 bene

197 479 247 534 iste
266 476 352 548 ipsius
367 473 459 530 [tiana
472 473 535 529 colit
550 473 727 529 simulacrum
743 471 983 542 lovendoapndse
1033 469 1172 539 operando
1193 486 1199 523 :
1222 476 1248 523 et
1266 484 1326 521 cum
1353 467 1467 538 feceritis
1488 470 1589 537 cantic,
1609 486 1668 541 qttte
1688 477 1819 542 prerupta

198 570 260 626 talis
275 566 432 624 ambitionis
445 565 582 621 affectum.
604 562 663 620 Non
678 571 721 619 εει
742 579 808 635 ergo
821 564 875 620 tale
888 574 983 636 pectus
1032 560 1186 628 rurtreoiir,
1202 560 1373 629 confitemini,
1384 560 1457 631 quod
1472 561 1540 616 serui
1551 562 1658 616 irrutiles
1668 563 1730 618 titia
1741 563 1818 635 (tu.

198 661 326 716 memorio
351 658 514 725 sanctitutis,
542 659 599 713 into
622 665 666 712 est
685 655 817 711 memoria
840 655 981 711 vanitatis.
1032 666 1100 717 xttt,
1115 649 1170 724 ld).
1187 650 1244 707 Etsi
1258 667 1306 706 rex
1322 651 1453 722 temporis
1467 652 1550 723 huius
1564 668 1619 710 non
1641 655 1719 713 robis
1737 657 1817 712 erhi-

198 753 273 809 Solet
288 751 379 808 vocari
394 750 528 806 memoria
543 749 677 821 cujusque
688 751 816 821 martyris
831 749 929 805 domus
940 748 983 804 vel
1033 743 1079 800 bet
1093 753 1214 813 sanctos,
1226 745 1373 817 praeclaros
1389 746 1548 815 uirtutibus,
1561 749 1589 804 iu
1604 761 1724 821 quorum
1741 766 1820 807 com-

198 843 331 911 Ecclesia,
356 842 383 897 in
400 857 454 912 qna
471 841 619 912 requiescit
640 856 741 911 corpus
762 838 833 910 eins,
859 839 902 894 tel
917 839 984 895 reli·
1033 836 1175 908 paratione
1190 838 1373 909 vosmetipsos
1393 839 1507 896 talearis
1524 839 1635 898 inutiles
1649 842 1820 910 existimare,

197 937 278 1007 quia.
297 935 429 991 Similiter
440 940 553 990 toeatnr
568 933 695 988 memoria
709 932 861 987 sanctitatis
873 931 995 996 domus·
1034 927 1120 984 redite
1135 929 1335 983 admemoriam
1348 929 1577 999 sanctitatireiur,
1590 940 1618 986 et
1633 931 1661 987 iu
1675 931 1737 1002 eins
1748 948 1822 989 cout-

198 1028 226 1085 in
248 1043 302 1101 qua
320 1025 468 1097 requiescit
489 1025 631 1093 sanctitas,
655 1032 702 1079 aut
723 1025 783 1096 ejus
801 1023 932 1104 reliquia..
953 1021 983 1079 ln
1033 1020 1175 1091 paratione
1189 1036 1238 1077 vos
1251 1019 1414 1088 humilitate,
1428 1022 1558 1093 quoniam
1572 1022 1642 1094 ipse,
1664 1039 1730 1081 cum
1748 1023 1822 1082 Sau-

197 1121 279 1176 dnnto
295 1129 396 1185 antem,
418 1133 466 1173 seu
490 1118 592 1189 templo
618 1116 741 1187 corporis
767 1116 903 1173 Dominis-i
928 1125 984 1172 tota
1034 1121 1096 1168 ctus
1109 1121 1278 1181 sanctorum,
1290 1115 1401 1185 proprla
1415 1115 1516 1171 uirtute
1532 1113 1597 1171 lecit
1612 1116 1720 1174 etfacit
1734 1122 1822 1175 mira·

198 1211 330 1268 sanctitas
342 1210 484 1281 requievit,
498 1210 528 1264 in
554 1209 660 1265 ceteris
672 1222 737 1264 tero
762 1209 856 1266 electis
874 1209 985 1267 nonnisi
1034 1203 1099 1260 bilia
1123 1204 1209 1273 solus,
1226 1220 1343 1277 quorum
1358 1216 1469 1265 nonest
1490 1224 1630 1266 numerus.
1650 1209 1705 1268 Vna
1729 1222 1821 1269 antem

197 1303 321 1374 quadam
353 1311 417 1357 sunt
439 1300 561 1372 reliquia
585 1300 740 1356 sanctitatis
766 1301 835 1371 ejus.
857 1300 921 1358 lnde
942 1311 986 1358 est
1033 1311 1121 1367 pauca
1137 1295 1241 1353 fecistis
1261 1305 1288 1354 et
1311 1297 1412 1368 tacitis,
1435 1315 1524 1371 neque
1547 1302 1581 1359 de
1603 1312 1693 1360 restra
1709 1305 1822 1373 uirtute,

198 1395 281 1466 quod,
293 1409 355 1450 cum
367 1393 530 1449 comedisset
546 1409 638 1450 corant
659 1393 801 1465 discipulis
815 1395 907 1450 larum
919 1394 986 1450 mel·
1035 1392 1082 1447 sed
1098 1390 1131 1447 de
1146 1393 1233 1462 ipsius
1247 1395 1333 1465 qratia
1345 1394 1415 1451 bene
1428 1394 1589 1466 operamini,
1601 1412 1649 1452 seu
1665 1397 1821 1469 loquimini.

198 1490 242 1556 lis,
259 1488 383 1561 reliquias
405 1489 480 1545 dedit
497 1489 551 1545 illis
565 1488 643 1562 (hac.
665 1504 742 1553 xxiv,
758 1488 804 1557 di,
820 1489 865 1557 li)
887 1507 893 1545 :
920 1489 985 1559 quia
1036 1481 1099 1538 Neu
1110 1485 1180 1538 taint
1190 1499 1233 1538 eos
1243 1485 1317 1551 estis,
1328 1486 1373 1556 qttt'
1385 1485 1533 1557 loquimini,
1544 1487 1589 1542 red
1600 1486 1718 1559 Spiritus
1729 1489 1821 1545 Patris

198 1582 328 1639 nimirum
351 1582 420 1638 hene
434 1583 523 1655 agitur
537 1598 599 1638 cum
620 1580 795 1649 Christianis,
818 1580 864 1652 qni
888 1581 984 1636 saltem
1035 1575 1115 1629 tratri
1132 1573 1240 1646 (ilottlt.
1264 1585 1292 1643 tt,
1313 1575 1371 1643 ab).
1395 1576 1543 1647 Propterea
1562 1580 1671 1651 quando
1690 1582 1821 1651 psallitis,

199 1675 329 1746 reliquias
342 1675 479 1746 accipiunt
490 1674 644 1730 sanctitatis
659 1683 686 1730 et
700 1673 863 1742 dulcedinis,
878 1681 905 1729 et
917 1673 986 1728 liunt
1036 1664 1141 1737 ptutttte
1151 1665 1264 1721 Domino
1276 1667 1309 1723 ad
1325 1667 1411 1738 ipsius
1422 1668 1537 1739 gloriam
1550 1669 1651 1724 bonum
1662 1685 1734 1742 opus
1750 1674 1823 1728 rete-

199 1768 331 1824 memoria
355 1766 508 1822 sanctitatis
535 1765 595 1837 ejus
610 1766 691 1838 digna
706 1764 887 1832 dedicatione,
902 1779 985 1837 quant
1036 1757 1131 1825 rende,
1143 1766 1170 1814 11
1187 1741 1412 1831 1111110111111111
1425 1762 1585 1831 coaptentur
1599 1766 1736 1820 numana
1757 1781 1823 1820 rra-

131 1865 137 1879 ·
199 1860 244 1917 pq,
256 1860 379 1932 psalmus
393 1858 515 1915 insinuat
526 1859 640 1914 dicens:
1036 1848 1138 1902 trituris
1152 1848 1219 1919 ejus,
1233 1850 1375 1918 quoniam,
1398 1859 1428 1905 ut
1439 1851 1496 1921 jam
1514 1850 1683 1923 dictumest,
1700 1870 1759 1911 nou
1774 1872 1824 1914 tos

233 1951 347 2007 Prodite
359 1949 473 2005 Domino
487 1950 573 2005 suncti
587 1950 655 2020 ejus,
670 1960 695 2006 et
707 1950 869 2021 confitemini
890 1964 988 2003 memo·
1035 1939 1113 2006 15111,
1128 1940 1175 2010 11111
1190 1939 1343 2013 1011111111,
1360 1942 1406 1998 ted
1421 1940 1541 2014 Spiritus
1556 1956 1678 2003 sanctus.

199 2042 247 2097 rite
264 2041 417 2095 sanctitutis
432 2039 499 2110 ejus.
512 2037 534 2094 0
549 2039 636 2096 saneti
651 2039 712 2112 ejus
725 2048 752 2095 et
764 2038 879 2094 humiles
893 2039 985 2103 eorde,
1070 2030 1196 2087 Attamen
1209 2049 1257 2103 per
1267 2033 1333 2089 talia
1348 2049 1440 2105 opera,
1453 2043 1481 2092 et
1494 2051 1543 2106 per
1553 2037 1623 2094 tales
1633 2036 1826 2095 confessiones

199 2134 323 2205 quivere
338 2132 390 2188 soli
408 2132 475 2189 estis
494 2132 522 2187 in
543 2147 657 2188 numero
671 2123 830 2188 sanatorum
852 2130 922 2201 ejus,
936 2143 986 2186 vos
1036 2124 1189 2179 ornaturirt
1202 2124 1826 2202 tobisdomusliei,utsitdignadedicatioue

200 2225 367 2296 coaptentur
381 2224 672 2280 monitasalutaria
684 2222 927 2296 ajunctmptemtnt
937 2236 987 2277 tos
1036 2213 1064 2269 in
1077 2217 1216 2270 communi
1232 2217 1355 2273 omnium
1368 2221 1579 2287 resurrectione.
1591 2221 1703 2292 quatuo
1719 2223 1825 2277 mortui

199 2316 315 2387 injustos
329 2323 356 2372 et
369 2314 495 2386 indignos
505 2321 568 2369 ante
582 2313 736 2368 minutium
749 2311 900 2368 sanctitatis
914 2310 985 2381 ejus.
1036 2318 1180 2380 resurgent
1195 2308 1357 2381 incorrupti.
1376 2309 1408 2366 Et
1421 2329 1510 2367 omnes
1523 2314 1629 2385 quidem
1644 2332 1826 2389 restructam,

131 2464 133 2467 Α
199 2404 285 2464 Dicite
298 2403 674 2474 memortoetunctttutttejm,
706 2404 894 2475 eorporiejus,
912 2402 987 2475 quod
1035 2399 1081 2454 red
1096 2416 1147 2454 nott
1164 2417 1251 2455 ontaet
1266 2401 1467 2457 immutabimur
1479 2400 1507 2474 (l
1522 2404 1584 2461 Gor.
1598 2421 1644 2474 xt,
1657 2407 1716 2479 5¹),
1731 2409 1825 2480 idest,

199 2507 241 2554 cst
255 2497 380 2553 memoria
398 2497 549 2554 sanctitutis
564 2496 634 2568 ejus,
650 2496 678 2551 itt
700 2511 756 2568 quo
777 2496 881 2554 habitat
895 2495 986 2553 omnis
1036 2499 1091 2540 11011
1106 2500 1202 2543 omnes
1214 2487 1411 2543 dedicabimur·
1423 2487 1492 2546 Nam
1512 2491 1551 2547 illi
1572 2492 1746 2552 solumnodo
1759 2507 1827 2554 tunc

198 2590 338 2664 plenitudo
359 2590 510 2646 sanctitatis
535 2588 595 2661 ejus
608 2606 615 2644 :
628 2577 720 2654 dicite,
745 2588 858 2658 inquam
876 2587 914 2641 illi
932 2603 986 2640 tne-
1039 2578 1256 2635 immutabuntur
1275 2580 1521 2654 etdedieahuntnr‚
1534 2585 1562 2640 in
1573 2586 1747 2657 quibnsfidei
1761 2589 1827 2647 inn-

199 2685 291 2741 utorio
306 2683 457 2739 tuttctitutis
471 2697 480 2735 .·
495 2681 614 2747 liertiae,
635 2695 689 2735 iton
702 2695 761 2735 rum
776 2678 884 2750 diqrtus,
897 2688 926 2732 ut
941 2679 985 2732 itt-
1036 2672 1205 2740 dementum,
1219 2682 1247 2729 ct
1269 2675 1325 2745 spei
1343 2675 1487 2733 aedilicium
1501 2695 1550 2750 per
1572 2697 1654 2753 opera
1668 2682 1826 2752 charitatis,

200 2789 252 2832 tres
268 2776 314 2830 sui
331 2786 426 2831 tectura
446 2791 532 2829 attunt
547 2772 656 2845 (liuttit.
670 2787 730 2839 rttt,
745 2771 785 2842 8).
800 2769 925 2842 [lignatio
940 2779 986 2826 tua
1036 2769 1064 2817 et
1078 2762 1277 2821 contessionem
1291 2767 1413 2824 ueritatis
1434 2769 1587 2828 inuenietur
1607 2773 1785 2839 adornatum,
1800 2777 1826 2832 si

199 2875 251 2930 est,
267 2881 321 2921 non
336 2863 457 2936 dignatio
471 2878 532 2918 inea
545 2864 596 2917 hoc
607 2861 811 2932 requirit,quod
825 2869 854 2914 tu
865 2859 987 2930 dignaris
1037 2864 1127 2911 tantun
1140 2856 1258 2914 habuere
1276 2866 1383 2929 tempus
1395 2864 1525 2932 operandi
1542 2874 1570 2921 et
1583 2866 1739 2923 condendi.
1753 2866 1827 2925 llam

200 2956 304 3012 intrare
323 2954 375 3011 suh
393 2963 494 3012 tectum
518 2970 621 3022 meum,
635 2953 678 3010 rel
689 2954 780 3025 potius
793 2968 837 3008 me
848 2952 1021 3030 susciperec
1037 2945 1178 3018 baptizati,
1192 2955 1220 3007 et
1239 2965 1302 3007 mox
1327 2961 1390 3008 ante
1415 2968 1502 3012 anuos
1516 2956 1688 3015 discretionis
1700 2957 1827 3017 daunai

200 3049 252 3103 suh
266 3056 365 3104 tectum
376 3057 463 3103 tuum.
480 3045 641 3102 Omemort‘a
655 3044 816 3110 sanctitutis,
828 3059 845 3099 o
855 3043 986 3113 templum
1038 3040 1114 3111 pueri
1132 3041 1167 3097 ab
1181 3042 1232 3098 hae
1246 3046 1379 3101 sententia
1403 3056 1468 3103 sunt
1489 3051 1606 3122 excepti,
1621 3051 1680 3121 qui,
1696 3052 1760 3108 licet
1774 3068 1828 3108 ue-

201 3150 324 3194 sanctum
335 3138 510 3195 celeberrime
522 3138 759 3194 sanctillcttumet
773 3136 927 3192 dedicatum
939 3153 987 3208 per
1036 3147 1092 3203 que
1115 3134 1265 3205 psallendo,
1287 3152 1377 3209 neque
1396 3140 1552 3199 conitendo
1571 3143 1627 3199 sint
1642 3145 1742 3209 ornati,
1764 3147 1828 3201 sola

200 3229 313 3302 gloriam
327 3229 549 3286 llesumectionis
563 3237 591 3283 ει
604 3227 790 3283 Λεεεηείεηὶε.
1038 3228 1168 3300 baptismi
1181 3232 1267 3302 gratia
1281 3231 1317 3288 ita
1331 3242 1396 3288 sunt
1408 3234 1556 3303 candidati,
1569 3246 1600 3292 ut
1613 3237 1647 3294 ad
1662 3237 1829 3294 solemnita-

235 3320 565 3377 hliterdcdicatiedontus
574 3320 629 3390 jam
642 3316 712 3374 tama
722 3327 764 3373 cst
774 3317 802 3372 in
812 3316 987 3390 Christo‚qui
1037 3331 1092 3378 tem
1106 3322 1286 3379 dedicationis
1297 3325 1353 3396 apti
1366 3326 1549 3385 inveniantur.
1563 3327 1612 3385 llis
1624 3345 1689 3401 erpo
1702 3331 1830 3402 exceptis

200 3413 326 3483 superius
337 3410 690 3468 dicitPatrizllomineDrut
701 3427 773 3465 tuear
784 3410 897 3465 clamari
908 3416 987 3478 edre,
1039 3413 1117 3469 vobis
1140 3414 1201 3471 dien
1225 3417 1337 3485 sanctis,
1352 3418 1400 3491 qui
1414 3426 1522 3491 tempus
1537 3423 1669 3492 operandi
1687 3432 1715 3478 et
1737 3425 1829 3479 cani·

200 3505 333 3559 etsartasti
341 3501 988 3575 meaduritdubinserisuttintmrtmcuat.Saitctti
1039 3506 1114 3561 tendi
1128 3506 1244 3573 habetis,
1258 3518 1299 3574 ut,
1311 3509 1334 3565 si
1347 3510 1428 3581 digne
1440 3513 1523 3570 tultis
1543 3515 1680 3587 pertinere
1692 3514 1727 3571 ad
1745 3516 1829 3571 dedi·

201 3612 241 3650 me
252 3613 268 3649 a
280 3596 493 3653 dercettdentiiut
504 3598 529 3652 t'tt
540 3597 988 3667 lucrm,quihusuerbisdedicatio
1039 3599 1184 3663 cationum,
1214 3600 1282 3656 hene
1301 3604 1440 3672 operando
1461 3614 1489 3661 et
1508 3606 1649 3662 tedmtcm
1668 3607 1832 3663 conuento

181 3690 361 3762 explicatur.
378 3689 471 3764 igitur,
486 3707 503 3747 o
518 3690 988 3764 sanctiejus,quidedicationisbu·
1039 3690 1170 3747 studeatis
1187 3693 1292 3762 ornari,
1308 3694 1373 3749 dunt
1390 3704 1497 3768 tempus
1512 3705 1555 3753 est
1568 3699 1698 3767 operandi
1713 3707 1742 3753 ει
1760 3714 1826 3754 eon·

198 3782 245 3853 jus
264 3785 355 3850 tidem,
370 3794 398 3840 et
412 3800 490 3855 spem
506 3785 614 3850 tenetis,
628 3784 737 3856 psallite
748 3784 871 3853 homino,
885 3797 910 3842 et
925 3803 988 3843 con-
1039 3780 1142 3848 dtendi,
1156 3781 1221 3854 quia
1236 3783 1463 3842 descendentibus
1479 3787 1508 3843 in
1524 3788 1613 3844 lacum
1626 3798 1687 3859 post
1706 3803 1831 3845 martem

200 3877 314 3947 fitemini
325 3879 458 3933 ruemnrioe
473 3878 624 3932 sanctitutis
638 3878 706 3948 ejus,
720 3888 751 3933 ut
762 3878 834 3934 botta
849 3880 988 3950 operando
1040 3881 1145 3945 1111111115
1158 3888 1213 3928 11011
1225 3875 1277 3929 trit
1289 3876 1419 3946 operandi
1434 3878 1540 3934 dicente
1554 3877 1694 3950 Scriptura
1710 3896 1717 3933 ι
1733 3881 1825 3947 Qum-

201 3980 225 4023 et
242 3967 312 4024 mala
329 3981 417 4025 restra
430 3972 584 4027 conitendo
600 3971 672 4028 llatis
687 3971 743 4041 apti
760 3972 794 4026 ad
809 3969 987 4029 dedicationis
1038 3982 1138 4038 ttrite
1158 3967 1245 4037 {urere
1265 3976 1349 4038 potest
1365 3984 1460 4024 munta
1481 3980 1529 4025 tuo
1547 3972 1676 4027 instanter
1692 3989 1832 4043 operere:

202 4062 395 4118 celebritatem.
410 4062 487 4119 stent
497 4064 568 4119 enim
584 4064 611 4119 tn
623 4064 723 4135 tempto
735 4063 902 4130 maantam,
913 4064 987 4135 qttott
1038 4058 1100 4129 quia
1114 4074 1160 4112 tec
1173 4074 1247 4127 opat,
1264 4075 1309 4112 tec
1327 4060 1406 4129 tatto,
1422 4078 1468 4117 aec
1486 4063 1626 4134 raptetur,
1649 4081 1695 4119 tet
1711 4067 1831 4122 scientie

202 4151 266 4208 tecit
281 4151 409 4209 Salomon
424 4156 550 4226 primitus
573 4156 707 4225 processit
722 4155 876 4222 atlihcatin,
891 4154 988 4211 deinde
1038 4158 1113 4203 eruat
1129 4149 1199 4219 apud
1211 4149 1320 4219 inseror,
1342 4168 1393 4222 quo
1415 4161 1444 4207 tu
1460 4169 1584 4224 properas
1600 4155 1696 4227 (Ecctt'.
1713 4173 1754 4223 ιι,
1772 4159 1831 4218 llil·

202 4254 295 4301 secuta
309 4255 352 4301 est
362 4246 504 4302 esorttatio
514 4246 622 4314 domus,
634 4262 666 4303 ac
677 4256 814 4318 posuemo
830 4248 985 4304 dedicatio:
1039 4241 1073 4294 Εῑ
1085 4250 1112 4295 111
1129 4241 1198 4297 Deus
1213 4241 1239 4296 in
1253 4243 1304 4298 1111
1315 4243 1370 4299 rita
1383 4246 1501 4316 8115111111
1513 4245 1729 4314 1011155111θωὶ
1744 4250 1776 4303 in
1788 4251 1831 4303 t'tt·

203 4337 244 4391 sic
264 4343 290 4391 et
307 4336 333 4389 in
349 4336 449 4406 templo
465 4352 521 4392 non
537 4337 695 4393 manufacto
710 4339 834 4409 corporis
852 4337 987 4395 ltomittici
1003 4356 1026 4410 p
1040 4335 1113 4405 terno
1126 4343 1215 4389 autent
1226 4337 1284 4406 quir
1295 4337 1463 4407 confitebitur
1474 4339 1545 4393 tihi?
1554 4338 1641 4406 (Ptol.
1656 4339 1745 4407 st,ii.)
1758 4340 1833 4396 ane

204 4424 370 4493 factumest,
386 4428 460 4497 quod
475 4428 565 4499 primo
579 4430 606 4484 in
624 4430 740 4501 virginis
754 4438 833 4487 utero
855 4430 988 4501 sapientia
1039 4442 1108 4480 truttc
1120 4434 1221 4497 tempta
1237 4428 1408 4499 acceptabile,
1423 4446 1480 4486 ecce
1501 4446 1569 4485 auae
1592 4431 1648 4484 dier
1669 4431 1771 4487 ruistis
1784 4431 1830 4496 ill

204 4516 256 4572 sibi
270 4517 430 4574 aedificando
446 4528 549 4592 septem
564 4521 706 4579 columnas
719 4522 831 4590 excidit,
842 4523 907 4593 qula
927 4537 988 4591 sep-
1039 4518 1102 4575 Cnr.
1117 4535 1154 4586 vt,
1167 4519 1195 4590 ι)
1209 4538 1216 4575 :
1229 4520 1293 4591 quia
1305 4536 1380 4577 nunc
1393 4522 1536 4594 psallendi,
1551 4532 1579 4578 ει
1592 4520 1741 4578 conliteudi
1756 4532 1832 4579 ιει-

204 4606 309 4664 tiiotmi
332 4607 450 4681 Spiritus
471 4612 627 4668 omnimoda
653 4614 755 4671 virtute
773 4614 839 4670 illud
859 4614 987 4669 hrmavit.
1039 4626 1090 4682 pus
1105 4621 1157 4667 est.
1173 4610 1261 4683 lqitttr
1275 4613 1383 4683 prodite
1396 4613 1520 4683 hominu,
1535 4616 1704 4686 coactitius,
1719 4626 1746 4670 et
1766 4633 1832 4671 ratt-

205 4698 302 4756 Postea
319 4703 456 4772 preclaris
477 4705 606 4776 operibus
622 4705 829 4774 miraculorum,
851 4714 879 4761 et
902 4705 988 4777 qratia
1038 4704 1151 4775 fitemini
1163 4706 1294 4761 mmorioe
1306 4708 1458 4762 sanctitatis
1473 4708 1540 4777 ejus.

205 4807 374 4855 sermonum.
400 4794 510 4865 quando
530 4795 612 4867 ctepit
630 4794 711 4853 iesus
730 4794 819 4852 lacere
839 4795 987 4860 etdocere,
1076 4796 1105 4852 Si
1130 4796 1234 4852 habetis
1255 4795 1418 4854 Psalterium
1443 4798 1596 4869 jucundum
1621 4815 1684 4855 cum
1707 4800 1831 4863 eithara.

203 4882 303 4939 domus
318 4884 376 4954 ipsa
391 4894 503 4953 ornata,
515 4894 655 4957 postremo
672 4887 699 4942 in
717 4886 927 4945 resurreetione.
940 4886 989 4941 de·
1040 4886 1147 4959 psallite
1174 4887 1307 4956 hominm
1327 4888 1349 4944 si
1375 4888 1497 4945 nondum
1521 4890 1637 4958 habetis,
1662 4892 1832 4962 metiamini

204 4977 294 5032 dicata
307 4985 359 5032 est.
383 4976 422 5032 lta
442 4987 469 5033 et
492 4979 519 5033 in
536 4979 614 5034 uoltis
629 4980 750 5036 bactria
767 4980 989 5050 requiruntnno
1039 4979 1137 5035 saltem
1150 4986 1260 5050 peecata
1278 4988 1379 5047 vestra,
1392 4989 1420 5036 et
1431 4988 1508 5037 orate
1519 4995 1569 5051 pro
1582 4980 1710 5046 inuicem,
1723 4990 1757 5035 ut
1775 4982 1834 5036 sal-

205 5060 374 5141 sanctiejus‚
390 5070 521 5141 quoniam
538 5086 587 5142 per
606 5071 686 5128 tidem
700 5075 765 5128 estis
780 5074 837 5144 jam
852 5072 989 5133 aedificati.
1039 5072 1149 5129 remini.
1166 5070 1333 5143 confitemini
1355 5082 1447 5129 autem
1471 5087 1526 5128 uon
1552 5071 1656 5129 Scribis
1677 5081 1707 5128 ει
1725 5072 1831 5129 Phari·
1897 5134 1898 5137 Ἴ

205 5159 253 5230 qui
268 5160 296 5214 in
309 5160 532 5217 nontinesanctae
544 5159 685 5217 Trinitatis
702 5177 735 5218 er
753 5179 822 5234 aqua
837 5173 864 5218 et
885 5160 988 5232 Spiritu
1039 5166 1111 5234 satis,
1126 5165 1338 5234 nonhareticis,
1352 5166 1395 5222 tel
1410 5164 1604 5231 schismaticis,
1617 5180 1672 5221 noo
1694 5166 1831 5236 blaspbe-

205 5262 300 5329 sancto
320 5254 407 5309 renati
421 5255 505 5323 estis;
521 5254 719 5310 dedicationem
735 5270 799 5311 tero
819 5256 845 5309 in
864 5269 988 5310 resurre-
1039 5258 1191 5315 matoribus
1205 5257 1307 5315 Christi
1321 5257 1393 5313 sicut
1411 5257 1511 5328 impius
1525 5265 1553 5313 et
1565 5256 1725 5327 desperatus
1739 5254 1832 5312 ludas
1897 5240 1898 5257 ¹

205 5345 295 5399 ctione
317 5347 455 5402 communi
491 5348 615 5419 poteritis
643 5357 717 5405 certa
740 5363 788 5420 spe
813 5359 988 5419 exspectare,
1039 5349 1112 5419 iecit,
1123 5351 1170 5422 qui
1187 5366 1280 5408 coram
1295 5351 1396 5407 talibus
1406 5350 1476 5407 dixit
1491 5369 1499 5406 ε
1513 5349 1624 5406 Perseai
1640 5351 1832 5404 traderentu-
1897 5400 1898 5407 ,

206 5434 229 5489 si
246 5444 336 5493 tamen
354 5437 424 5494 inter
436 5437 635 5496 dedicationem
651 5450 678 5497 et
694 5441 901 5498 aedificationem
925 5458 989 5514 spa·
1039 5440 1381 5514 saturninianorum.
1400 5458 1487 5512 utu,
1508 5444 1547 5515 l).
1571 5441 1601 5498 Si
1620 5440 1835 5503 marosticam

206 5526 246 5582 tio
260 5528 322 5583 vitae
337 5529 534 5588 intercurrente
549 5534 678 5606 satagetis
700 5536 788 5606 ipsam
803 5536 915 5592 domum
935 5536 988 5607 piis
1040 5535 1120 5591 istam
1142 5536 1227 5593 corde
1249 5538 1367 5595 contrito
1383 5536 1494 5595 iecisset
1514 5537 1648 5593 mmoriae
1668 5538 1836 5594 austeritatis

206 5618 334 5683 operibus
356 5629 383 5675 et
402 5621 472 5694 bona
491 5623 662 5681 confessione
674 5641 781 5684 ornare.
799 5626 861 5686 ldeo
884 5643 918 5687 ue
936 5628 988 5685 do·
1038 5628 1108 5699 rjus,
1122 5642 1205 5700 quem
1224 5629 1283 5702 ipse
1298 5629 1458 5703 tradiderat,
1477 5630 1536 5689 tine
1548 5629 1631 5689 dubio
1650 5628 1775 5690 ulubris
1789 5626 1836 5686 illl
