3817 6000
147 295 210 357 ἰπ
799 355 802 363 ,
829 290 1093 355 bitobsscoblssdb.
1734 310 1814 369 lte·

151 411 244 483 pteris
260 408 296 463 ad
308 423 398 462 eorum
413 424 496 478 prava
507 421 587 462 sensa
608 408 782 479 confutanda,
798 425 849 464 non
860 411 938 481 quasi
955 428 1019 467 arcu
1032 411 1159 467 uiolenter
1170 413 1198 468 iss
1219 422 1396 469 transuersum
1412 426 1531 482 curvata,
1543 418 1590 472 srd
1608 421 1685 490 quasi
1697 422 1787 494 pladio

152 502 271 571 ancipili
283 509 309 554 et
321 499 473 553 bisacuta?
486 496 578 572 Neque
592 503 662 556 enim
677 519 808 558 conamur
823 502 979 576 Scripturas
997 521 1072 560 asaa
1086 522 1164 561 sensu
1175 507 1323 577 deflectere,
1347 510 1401 578 sed,
1416 512 1486 580 quod
1500 512 1592 568 datum
1604 514 1678 572 uobis
1694 519 1786 588 faerit,

153 597 308 665 inploriam
318 594 410 652 daretis
424 593 569 665 loquimur,
584 613 635 651 nois
649 610 742 653 nostra
761 600 862 669 scripta
878 601 1068 671 maqistrorum
1082 618 1238 672 maqnorum
1263 605 1371 674 scriptis
1386 604 1544 673 conferendo
1558 605 1597 659 vel
1611 608 1785 680 praeferendo,

152 689 200 743 sed
213 687 321 742 illorum
339 686 383 756 pio
400 685 532 739 desiderio
542 685 700 754 satisfacere
711 686 848 753 capiendo,
860 689 905 758 qui
918 689 967 742 isac
981 704 1073 758 opusa
1090 690 1166 743 uobis
1181 691 1300 761 eaiqunt,
1312 692 1391 762 quasi
1406 692 1439 746 de
1459 692 1598 746 uberrimis
1615 697 1722 764 pascuis
1737 715 1787 769 pa-

151 781 236 836 storis
255 777 343 834 Dauid
352 777 496 850 quomdam
511 777 688 846 reiectionem,
700 788 724 832 et
737 778 945 833 consolatorium
955 779 1089 851 quoddam
1101 780 1241 850 ferculam,
1251 783 1367 852 justitiae
1390 784 1448 838 sale
1469 786 1614 853 conditum,
1640 791 1710 858 quod
1727 806 1788 847 esa·

151 875 284 932 cientibus
298 886 323 933 et
338 873 489 931 sitientibus
501 868 649 941 justitiam,
673 877 702 922 nt
718 869 803 939 moqis
816 869 893 924 dulce
903 871 939 925 sit
952 882 976 924 et
995 870 1129 939 sapidum,
1141 886 1193 923 riou
1210 880 1395 941 extorquemus
1405 873 1438 927 de
1450 873 1561 943 psalmis
1577 876 1703 932 uiolenter
1717 879 1785 934 alie·

149 983 217 1023 stum
231 982 348 1034 sensnm,
364 965 410 1020 scd
425 978 540 1019 consona
555 954 681 1014 Patribus
697 955 819 1024 dicendo,
834 967 859 1013 et
871 960 957 1014 nostri
983 958 1106 1029 temporis
1128 958 1239 1015 bareses
1263 962 1397 1017 interdum
1423 964 1567 1035 refellenda
1593 969 1744 1027 ultroneum
1758 984 1784 1028 et

149 1067 245 1129 moute
257 1065 435 1113 occurrentem
446 1071 552 1110 sensnm
566 1064 694 1110 tenemus.
710 1052 863 1126 liucusque
875 1054 1033 1122 Gerhobus,
1049 1054 1097 1125 qui
1120 1055 1171 1111 bac
1193 1055 1300 1112 ratione
1318 1058 1343 1112 id
1358 1057 1474 1114 feliciter
1500 1072 1665 1120 consecutus
1687 1075 1740 1133 est,
1753 1077 1784 1123 ul

148 1154 213 1226 ejus
224 1150 449 1209 Commentarius
463 1165 518 1205 non
531 1165 607 1204 mera
622 1148 774 1219 primorum
789 1163 822 1205 ae
838 1148 1028 1219 antiquiorum
1047 1147 1213 1220 scriptorum
1232 1149 1374 1221 expilatio,
1395 1154 1468 1222 quod
1485 1153 1542 1211 lere
1554 1159 1683 1214 omnibus
1698 1162 1782 1218 aredii

147 1246 202 1303 seri
213 1242 374 1303 auctoribus
390 1242 524 1299 familiare
535 1251 587 1309 est,
604 1241 652 1299 sed
663 1258 734 1314 crpus
756 1257 826 1314 pene
848 1257 951 1298 uorsus
966 1258 1000 1299 ac
1020 1243 1160 1315 singulare
1173 1242 1261 1300 rideri
1284 1256 1386 1316 posset.
1409 1246 1652 1319 deprehenderunt
1670 1256 1780 1326 quidem

146 1342 205 1399 boc
216 1339 330 1397 nomiae
341 1337 501 1396 Gerbobum
517 1337 678 1405 aduersarii,
692 1338 740 1394 sed
753 1352 802 1395 eos
814 1338 923 1411 egregie
937 1338 1035 1408 reiecit
1045 1337 1073 1392 iu
1089 1336 1162 1394 Psal.
1175 1354 1292 1405 sunm,
1309 1355 1334 1394 s.
1355 1340 1373 1395 l
1397 1359 1404 1395 ι
1428 1343 1535 1403 AEmuli
1546 1350 1608 1416 urei,
1623 1350 1673 1419 ait,
1688 1352 1780 1408 uolen-

148 1445 200 1502 tes,
214 1435 303 1489 imoet
314 1434 487 1505 dediquautes
502 1429 618 1496 credere,
641 1426 711 1499 quod
735 1427 888 1483 istiusmodi
913 1427 1022 1482 ardeam
1051 1428 1121 1496 ique,
1133 1437 1269 1483 mouentur
1283 1438 1426 1486 coutrame
1444 1435 1570 1493 addentes
1587 1440 1644 1511 iqui
1671 1442 1783 1511 [maaria

144 1526 237 1599 iqnem
248 1527 350 1584 doloris
362 1526 431 1581 uude
442 1543 494 1581 uon
504 1523 592 1579 selum
609 1522 703 1589 caluit,
715 1521 761 1577 sed
775 1522 835 1592 ique
850 1524 953 1592 qemiao
969 1522 1133 1580 concalescit
1144 1539 1193 1579 cor
1207 1539 1300 1579 nucum
1325 1526 1397 1580 iutra
1411 1541 1465 1590 me,
1478 1527 1542 1581 dum
1565 1541 1656 1600 peccat
1670 1533 1779 1605 aliquis,

145 1639 181 1676 ac
192 1638 256 1692 pene
271 1620 474 1676 scandalizatur
483 1621 512 1674 in
525 1636 577 1686 me,
592 1618 663 1690 quad
674 1617 772 1684 scribo,
784 1619 854 1690 quod
869 1619 898 1673 irs
915 1617 1087 1675 Psalmorum
1102 1619 1230 1674 Tractutu
1241 1635 1275 1673 eu
1288 1620 1367 1675 dictis
1379 1619 1494 1677 Petrum
1507 1625 1630 1694 quadam
1642 1626 1780 1698 colliqetrs,

144 1715 252 1787 aliquid
263 1729 431 1786 supereroqo,
445 1711 647 1783 praesumptioni
662 1710 792 1782 deputans
805 1721 832 1765 et
846 1727 921 1765 vane
934 1711 1037 1783 qloria.
1056 1709 1240 1766 Verumtamen
1259 1712 1491 1783 quomodocunque
1514 1714 1615 1780 uolunt,
1639 1728 1781 1786 praesentes

143 1806 180 1860 de
192 1804 266 1859 nobis
273 1806 405 1875 judicent,
413 1805 499 1874 futuri
517 1805 672 1859 clementius
683 1802 853 1873 judicabunt.
873 1804 942 1859 llum
954 1807 1024 1860 enirn
1046 1806 1168 1871 sisinius,
1184 1807 1221 1859 ait
1235 1805 1275 1859 m'r
1290 1805 1404 1861 illustris
1427 1808 1460 1864 B.
1475 1807 1664 1879 liieronpruus,
1679 1820 1704 1865 et
1721 1829 1781 1868 vase

143 1901 240 1972 fruqdi
254 1901 429 1966 corstiuemnr,
443 1900 565 1955 videntur
577 1900 725 1954 amicorum
740 1901 863 1969 prodesse
873 1902 974 1967 studia,
996 1910 1021 1956 et
1037 1906 1129 1955 nocere
1154 1901 1311 1957 aemulorum
1336 1881 1488 1973 opprobiia.
1517 1898 1662 1973 Postquam
1690 1913 1779 1957 autem

142 2008 249 2048 reversa
262 1993 344 2062 fuerit
357 2000 429 2047 terra
441 1992 469 2045 in
484 1997 583 2045 terram
595 2004 683 2056 suam,
693 1998 720 2044 et
730 2000 786 2045 tam
801 2006 859 2056 nes,
871 1992 917 2062 qai
932 1989 1084 2056 scribimus,
1099 2006 1179 2062 quam
1189 2007 1243 2057 eos,
1255 1993 1343 2062 quide
1362 1993 1436 2047 nobis
1443 1993 1579 2062 judicant,
1592 1994 1696 2064 pallida
1708 2012 1778 2051 mors

141 2089 322 2154 subtraxerit,
334 2095 359 2141 et
372 2086 428 2141 alia
443 2084 540 2141 venerit
551 2085 694 2155 qeneratio,
708 2084 852 2156 primisque
863 2084 1018 2139 cadentibus
1032 2084 1104 2155 soliis
1124 2085 1210 2139 uirens
1227 2085 1294 2139 silua
1307 2086 1474 2151 succreverit,
1497 2097 1559 2141 tunc
1572 2087 1629 2140 sine
1642 2088 1779 2142 uousiuuns

141 2181 275 2252 diqnitate
286 2179 344 2234 sola
358 2177 520 2248 judicantur
536 2176 652 2246 lapurdo,
666 2191 712 2230 ssec
722 2175 884 2239 considerat,
896 2175 941 2245 qui
952 2174 1069 2229 lecturas
1083 2184 1133 2240 est,
1145 2174 1233 2244 cuitus,
1249 2174 1294 2228 sed
1305 2175 1384 2246 quale
1395 2178 1441 2243 sit,
1453 2175 1523 2246 quod
1534 2175 1651 2230 lecturus
1663 2185 1713 2242 est,
1725 2175 1780 2230 sive

140 2270 190 2328 ille
205 2273 354 2341 episcopm,
369 2270 424 2326 sioc
439 2267 536 2334 laicas,
547 2268 694 2337 imperator
708 2275 734 2321 et
747 2267 880 2332 dominus,
896 2265 973 2319 miles
990 2275 1014 2320 et
1032 2281 1133 2330 serem,
1146 2274 1193 2319 aut
1207 2267 1234 2319 in
1251 2282 1370 2336 purpura
1381 2278 1406 2321 et
1421 2270 1518 2335 serica,
1536 2278 1582 2323 aut
1602 2268 1629 2322 iu
1650 2268 1778 2324 vilissimo

139 2380 232 2436 panno
239 2362 329 2433 jaceat
345 2376 419 2415 :nors
431 2360 561 2413 bonorum
573 2358 737 2425 diversitate,
752 2357 798 2413 sed
818 2374 926 2428 opemm
944 2358 1040 2411 merito
1047 2356 1228 2427 judicabitur.
1663 2403 1670 2410 .

177 2453 327 2510 Enimvero
340 2452 409 2508 nihil
421 2453 563 2508 ardentius
577 2452 757 2523 operosiusre
783 2451 810 2506 in
831 2452 884 2507 lsoe
907 2450 1115 2507 Commentario
1133 2451 1223 2522 egisse
1244 2448 1351 2506 uidetur
1365 2450 1522 2519 Cer-linbus,
1535 2469 1617 2525 quam
1635 2463 1665 2509 at
1680 2460 1776 2509 contra

140 2547 312 2603 recentiores
326 2547 370 2603 sui
386 2546 521 2617 temporis
536 2546 646 2602 scholas
659 2543 774 2617 qloriam
787 2555 812 2599 et
824 2545 949 2599 ironorem
967 2544 1082 2599 bominis
1102 2547 1130 2599 in
1146 2544 1227 2600 iteum
1240 2548 1371 2615 assumpti
1386 2557 1412 2601 et
1425 2546 1453 2602 in
1469 2549 1554 2604 Deuns
1568 2552 1628 2604 isari
1642 2560 1774 2605 tnerotur.

139 2642 200 2699 lmo
217 2641 443 2715 chronographus
456 2639 730 2713 lleicberspergeusis
745 2640 797 2696 boc
823 2639 913 2710 ipsum
937 2640 1060 2711 psalmos
1082 2641 1244 2711 explanandi
1269 2642 1446 2697 occasionem
1469 2651 1497 2697 et
1519 2658 1615 2696 nursam
1645 2641 1775 2698 Gerlrubo

139 2737 292 2810 praebuisse
305 2742 398 2806 aperte
414 2731 498 2789 tradit
511 2750 519 2787 ι
532 2731 586 2787 Pro
601 2731 762 2801 descensione,
775 2731 875 2802 inquit,
891 2733 1028 2787 sententia
1039 2731 1072 2786 de
1086 2733 1172 2803 qloria
1196 2733 1310 2788 lrousinis
1325 2734 1353 2787 in
1368 2732 1451 2789 ileum
1464 2736 1596 2804 assumpti
1605 2744 1630 2787 et
1645 2734 1673 2788 iu
1688 2733 1774 2789 Deum

136 2834 207 2900 aaa,
223 2834 252 2888 s'n
266 2848 319 2904 qua
329 2832 445 2886 sfioerms
461 2838 488 2885 et
499 2846 591 2901 qraoes
605 2829 813 2883 contradictores
828 2838 906 2899 atque
919 2829 1117 2899 impuquotores
1130 2845 1178 2899 per
1190 2844 1294 2883 omnem
1304 2829 1386 2883 uitam
1401 2843 1479 2881 suam
1493 2841 1509 2878 a
1518 2824 1656 2894 juveutute
1666 2822 1771 2888 ltabuit,

137 2927 247 2997 scripsit
257 2925 361 2979 diuersa
373 2920 500 2994 opuscula
512 2929 536 2974 et
549 2917 686 2987 epistolas.
702 2915 825 2971 Primum
836 2917 885 2970 isac
904 2915 937 2973 da
957 2934 1050 2981 causa,
1063 2918 1223 2971 auctoritate
1242 2916 1422 2971 Romanorum
1442 2915 1599 2986 pontificum
1612 2924 1638 2968 et
1651 2913 1774 2968 domino·

136 3042 200 3081 sum
214 3021 406 3089 cardinalium,
422 3029 447 3076 et
464 3017 580 3073 afiorum
591 3014 768 3085 plurimorum
781 3013 905 3078 Parrum,
917 3016 963 3084 qni
975 3015 1133 3069 videbantur
1143 3013 1273 3069 columna
1289 3030 1345 3069 csse
1355 3014 1383 3066 in
1397 3009 1518 3065 Ecclesia
1528 3025 1559 3063 eo
1570 3018 1697 3077 tempore,
1710 3008 1773 3076 fecit

134 3116 341 3188 inpositionem
354 3112 519 3185 psalmorum
534 3113 563 3166 in
573 3117 634 3165 octo
645 3108 833 3165 columinibus.
844 3107 1002 3165 &candum
1018 3110 1090 3164 banc
1100 3109 1262 3165 sententiam
1274 3107 1420 3164 Cerhobus
1433 3101 1655 3161 constantissime
1665 3102 1772 3170 statuit,

136 3205 501 3281 proptcrperieclissimam,
516 3202 642 3258 intimam
653 3208 681 3256 et
704 3201 888 3257 arctissimam
909 3199 992 3256 lesbi
1017 3200 1103 3256 divini
1123 3214 1188 3256 cum
1203 3209 1303 3255 natura
1327 3199 1447 3255 bumana
1463 3200 1594 3256 ursionem
1611 3198 1701 3255 eidem
1716 3199 1772 3253 isu-

137 3313 229 3354 nsanae
242 3298 270 3352 iu
283 3293 395 3352 Christo
412 3300 519 3349 naturae
529 3292 625 3349 solum
652 3291 781 3363 pleraque
796 3301 951 3363 competere
974 3300 1003 3348 et
1022 3292 1228 3348 communicata
1241 3305 1303 3347 esse
1323 3303 1373 3361 per
1387 3291 1503 3361 qratiam
1514 3298 1543 3346 et
1555 3289 1696 3356 unionem,
1709 3304 1773 3359 quas

136 3393 240 3450 divina
252 3392 281 3449 in
298 3392 395 3448 eodem
402 3390 514 3448 Christo
528 3397 634 3445 naturae
644 3386 814 3444 coisseninsn
832 3402 882 3459 per
895 3386 1058 3454 essentiam,
1073 3387 1149 3443 salsa
1171 3394 1263 3442 tamen
1278 3385 1423 3454 utriusque
1446 3389 1552 3436 natura
1563 3380 1694 3445 essentia,
1708 3379 1770 3435 lon·

136 3487 304 3558 pissimeque
316 3484 435 3556 relegata
445 3490 626 3554 utrarumque
636 3490 798 3539 naturarum
808 3481 982 3551 confusione,
999 3493 1028 3539 ιιι
1043 3483 1187 3539 videreest
1214 3482 1241 3538 in
1256 3480 1468 3553 quamplurimis
1479 3478 1562 3549 hujus
1573 3477 1771 3533 Commentaril

135 3578 218 3644 lacis,
228 3575 381 3649 prasertim
396 3575 429 3633 ad
444 3574 518 3633 Psai.
536 3591 581 3642 ιιι,
594 3590 666 3631 vers.
682 3575 710 3640 6,
725 3585 752 3631 et
762 3573 836 3631 Psal.
852 3591 934 3641 xxxv,
950 3590 1024 3631 rers.
1041 3575 1110 3631 lbet
1123 3591 1212 3647 seqq..
1226 3590 1259 3630 ac
1274 3590 1308 3630 ex
1318 3574 1442 3645 professo
1461 3576 1491 3632 in
1505 3587 1564 3632 loun
1579 3576 1637 3632 fere
1650 3575 1722 3631 libro
1734 3576 1770 3632 de

135 3670 230 3726 Gloria
245 3680 273 3727 et
287 3673 392 3728 bonore
408 3669 470 3726 Filii
482 3669 615 3738 hominis,
629 3669 799 3742 reliquisque
813 3686 898 3741 prope
914 3670 1045 3727 omnibus
1058 3671 1200 3742 opusculis
1220 3685 1253 3727 ac
1266 3671 1390 3742 epistolis
1407 3674 1441 3729 de
1455 3673 1509 3730 hoe
1526 3682 1689 3745 argumento
1701 3689 1770 3731 con·

134 3768 257 3839 scriptis,
269 3766 419 3840 Eutycbete
431 3767 513 3824 etiam
526 3767 687 3823 nominatim
705 3783 758 3823 non
773 3767 857 3823 semel
870 3768 972 3838 rejecto
990 3778 1073 3838 atque
1085 3764 1335 3823 damnamleram
1346 3768 1479 3840 quidquid
1490 3771 1594 3825 canerit
1609 3768 1766 3836 Gerhobns,

133 3860 239 3916 esitare
254 3860 409 3931 noupuluit
421 3874 566 3919 censuram
593 3861 735 3931 Sterartii,
748 3863 895 3919 clarissimi
912 3863 1042 3934 llreoloqi,
1061 3863 1108 3934 qui
1133 3861 1268 3918 referente
1292 3862 1371 3918 Pinio
1390 3863 1459 3919 Nou.
1482 3865 1612 3921 Bibliorb.
1636 3875 1704 3921 tom.
1719 3864 1766 3934 lx,

132 3972 198 4030 pag.
213 3956 276 4020 lbb,
288 3956 457 4013 existimauit
468 3957 639 4026 Cerbobnm,
650 3960 715 4016 dum
727 3976 813 4017 unum
828 3970 993 4028 extremum,
1009 3958 1228 4026 Nestoriauismi,
1244 3959 1354 4027 refutat,
1375 3960 1408 4016 od
1430 3957 1559 4018 alterum.
1584 3959 1610 4013 id
1624 3966 1667 4014 est
1680 3957 1765 4031 Euty·

133 4050 333 4118 elsianismum,
349 4050 491 4122 delapsum
504 4053 599 4112 luisse.
616 4055 697 4113 Certe
709 4072 805 4127 aspera
821 4064 849 4112 ιι
863 4055 1038 4113 veliementer
1058 4056 1126 4111 dura
1149 4063 1223 4120 sunt,
1239 4055 1347 4125 quade
1363 4054 1484 4109 bumana
1497 4051 1599 4107 Cbristi
1624 4062 1721 4108 natura
1736 4052 1765 4107 in

132 4140 199 4198 Psal
211 4158 271 4210 ιιιι,
286 4158 313 4197 ι.
325 4142 352 4209 2,
367 4158 424 4208 ιιι,
435 4144 463 4209 l,
479 4153 506 4200 st
521 4162 583 4215 xrsr,
598 4148 624 4215 l,
636 4156 664 4203 ct
679 4147 743 4204 alibi
759 4147 862 4219 passim
875 4154 1114 4204 commentaturus
1127 4146 1232 4202 scribit.

170 4258 307 4315 Caeterum
326 4258 350 4314 si
364 4256 510 4314 Gerbobus
522 4254 549 4309 in
565 4254 718 4325 quastione
733 4254 912 4313 subtilissima
927 4264 955 4314 ιι
968 4254 1179 4328 perplexissima
1199 4255 1310 4329 longius
1323 4257 1449 4315 fortassis
1475 4266 1544 4314 aestu
1569 4258 1764 4329 disputationis

134 4350 266 4421 abreptus
279 4350 342 4417 iuit,
357 4348 464 4406 reniam
479 4345 552 4418 apud
570 4360 663 4400 rerum
677 4361 710 4403 ac
719 4354 872 4417 temporum
889 4362 991 4419 gnaros
1002 4346 1083 4404 lacilc
1093 4349 1253 4407 merebitur.
1269 4348 1350 4406 Certe
1362 4349 1463 4406 seculo
1478 4365 1517 4405 ιιι
1529 4365 1573 4405 res
1587 4350 1646 4406 baec
1656 4350 1684 4406 in
1697 4350 1765 4407 Cer·

134 4442 240 4505 urania,
256 4441 303 4497 ubi
315 4440 435 4496 maxime
448 4455 540 4512 puqna
555 4438 688 4508 fervebat,
703 4442 798 4519 multis
812 4441 895 4499 etiam
914 4442 1003 4500 ductis
1025 4460 1059 4500 ac
1071 4444 1216 4519 insiguiter
1228 4446 1343 4502 eruditis
1354 4445 1492 4517 episcopis
1502 4454 1557 4502 tam
1571 4446 1690 4503 difficilis
1704 4448 1763 4503 risa

134 4532 200 4598 fuit,
215 4539 246 4587 ut
258 4532 285 4587 in
301 4547 384 4604 quam
396 4541 503 4602 partem
518 4545 548 4587 se
569 4530 711 4599 dederent,
726 4532 895 4604 ignorarent.
909 4532 983 4602 Quin
994 4550 1046 4591 uec
1059 4533 1157 4604 Roma,
1168 4538 1233 4608 quid
1248 4537 1323 4593 illico
1340 4538 1511 4610 decerneret,
1525 4544 1592 4600 satis
1605 4556 1762 4614 promptum

131 4634 160 4680 et
172 4621 338 4694 explicatum
359 4623 489 4680 babebat.
505 4623 574 4681 Cum
595 4626 669 4681 enirn
684 4625 829 4685 Gerbobus
843 4628 926 4698 longo
939 4644 1003 4686 cum
1018 4628 1190 4699 Eberlsardo,
1209 4633 1372 4689 doctissimo
1394 4636 1612 4711 Babenberqcusi
1635 4642 1764 4712 episcopo
1841 4615 1846 4626 Ι

130 4714 283 4769 certamine
296 4713 456 4780 defunctus,
466 4716 682 4771 controuersiam
708 4718 742 4773 ad
768 4718 954 4776 Alexandrum
966 4719 990 4775 li
999 4720 1032 4776 P.
1044 4720 1069 4775 ld
1091 4721 1244 4790 detulisset,
1258 4739 1393 4794 suamque
1413 4732 1588 4800 seutentiam,
1603 4747 1686 4803 quam
1700 4748 1762 4788 cer·

131 4805 268 4864 sissinium
286 4808 415 4874 ilabebat,
430 4809 583 4880 apostolico
595 4808 702 4865 calculo
715 4809 932 4867 confirmandam
946 4811 1186 4884 definiendumque
1197 4821 1331 4885 speraret,
1345 4818 1466 4885 pontifex
1482 4830 1612 4878 larrtuma
1627 4823 1683 4879 litis
1692 4823 1762 4879 deli·

130 4899 238 4957 albione
248 4902 388 4971 abfuis,ut
401 4921 459 4962 rem
472 4906 631 4979 relinquens
653 4908 681 4964 in
695 4910 796 4977 medio,
814 4911 896 4968 esiam
911 4912 1022 4984 utrique
1034 4914 1258 4970 contendentium
1272 4913 1431 4985 preceperit
1458 4928 1492 4969 ne
1509 4913 1638 4985 deinceps
1661 4913 1709 4970 ulli
1727 4915 1760 4969 ad

129 4992 266 5063 populum
278 4994 313 5050 de
327 4997 381 5053 bac
390 5000 544 5069 quastione
553 5018 695 5061 sermones
705 5006 884 5075 haberentur,
908 5019 1004 5080 utpote
1023 5011 1172 5082 exquibus
1200 5011 1263 5082 plus
1282 5011 1498 5083 perturbationis
1521 5027 1604 5083 quarn
1623 5009 1760 5068 commodi

129 5086 159 5144 ln
179 5091 306 5149 eamdem
322 5094 541 5155 redundaturum
559 5114 643 5158 esset.
659 5102 779 5162 lidemus
792 5105 820 5160 in
835 5106 879 5174 lli,
894 5108 942 5177 qui
951 5108 1010 5179 jam
1022 5109 1104 5166 sudat
1123 5109 1176 5165 sub
1189 5111 1277 5181 prelo,
1292 5119 1366 5166 tomo
1376 5118 1432 5166 tam
1447 5102 1568 5160 Gerbohi
1582 5118 1665 5174 qnam
1678 5101 1761 5156 liber·

130 5178 210 5237 bardi
226 5183 564 5260 esdlexandriepistolas,
586 5209 621 5250 uo
641 5195 703 5265 quis
719 5205 794 5267 putet
810 5213 854 5254 sne
875 5215 930 5256 uon
942 5200 1012 5258 satis
1024 5201 1167 5273 explorata
1179 5203 1232 5260 boe
1253 5203 1315 5259 loco
1335 5202 1363 5258 in
1378 5200 1499 5257 medium
1521 5195 1628 5252 afferre.
1643 5192 1759 5247 ὓιιιιιιιι

134 5293 306 5351 quacunque
323 5280 407 5339 luerit
421 5284 587 5344 Cerbobide
601 5291 688 5362 gloria
700 5293 864 5350 bumauaein
878 5294 990 5354 Cbristo
1011 5306 1118 5355 naturae
1143 5299 1289 5366 sententia,
1301 5296 1326 5353 is
1347 5302 1422 5352 oerte
1445 5302 1586 5359 nunquam
1608 5281 1761 5342 catholicas

132 5371 301 5438 essedntis,
320 5382 349 5430 nt
361 5375 410 5446 qui
421 5393 557 5451 nursquam
572 5400 600 5437 ns
612 5383 734 5440 doctrina
746 5386 808 5457 fidei
820 5405 836 5441 o
847 5399 941 5444 sancta
954 5389 1075 5446 Romana
1089 5390 1212 5449 Ecclesia
1232 5391 1374 5448 dissentire
1391 5385 1515 5451 uoluerit,
1531 5381 1604 5454 quod
1616 5392 1699 5448 supra
1716 5377 1759 5433 ri·

132 5460 226 5518 dimus
239 5477 272 5519 ex
284 5464 345 5535 ejus
357 5465 428 5522 libro
438 5465 477 5525 fle
489 5469 576 5542 gloria
595 5482 622 5529 ιι
635 5473 741 5531 bonose
751 5474 813 5532 Filii
832 5476 965 5535 bominis.
988 5477 1110 5550 Denique
1124 5479 1315 5536 obseruatione
1338 5478 1498 5549 dignissima
1525 5481 1590 5530 suns
1610 5485 1673 5541 qua
1685 5468 1759 5526 idem

131 5552 278 5614 Cerbalus
292 5557 321 5613 in
336 5556 494 5629 praefatione
509 5563 542 5618 ad
557 5565 758 5634 expositionem
771 5565 872 5623 Psalmi
894 5582 959 5623 uxrv
972 5568 1006 5623 de
1029 5584 1079 5625 sua
1095 5570 1226 5641 opinione
1247 5576 1363 5625 ιιιιιιιιι
1379 5586 1386 5625 :
1400 5566 1467 5622 Erat
1487 5563 1593 5637 quidem
1612 5560 1697 5628 nabis,
1713 5559 1758 5617 ln·

130 5646 201 5717 quit,
214 5651 377 5720 propositum
395 5652 560 5721 inpraesenti
578 5655 731 5712 abbreviare
744 5657 814 5713 lsuuc
827 5666 971 5712 tractatum
980 5658 1226 5731 Romauopontifici
1241 5660 1372 5731 (Euqenio
1389 5659 1451 5730 ιιι)
1467 5668 1529 5714 tuuc
1550 5656 1711 5712 destinatum
1725 5671 1757 5712 oc

129 5748 319 5806 presentatum
333 5749 357 5796 ct
370 5740 426 5811 ejus
446 5741 635 5812 approbatione
655 5745 818 5801 roboratum.
840 5745 891 5802 Sed
905 5745 970 5817 quia
984 5749 1123 5829 sententie
1141 5758 1239 5804 nostrae
1255 5750 1287 5805 de
1304 5749 1496 5822 plurificatiouc
1510 5750 1539 5805 in
1554 5747 1602 5804 bei
1620 5745 1693 5802 vitto
1707 5744 1757 5798 iru-
