3817 6000
66 270 150 330 {501
372 272 651 332 consummarunt
671 276 706 332 trt
725 260 893 336 essttios.
913 309 949 321 —-
965 278 1056 336 PARS
1073 280 1117 336 tv,
1137 311 1174 322 -
1191 279 1288 337 usal.
1307 280 1400 339 thtt.
1603 346 1607 353 ,
1634 286 1704 345 {562

62 388 259 461 conglutinati
273 397 338 445 sunit
353 406 381 445 aa
401 400 473 446 terra
487 406 541 448 non
556 394 615 449 solo
626 395 737 465 pulvere
750 397 865 453 terreni-
879 401 902 458 Α
915 412 997 468 quero
1018 398 1077 469 ipsa
1089 398 1207 468 plenarie
1230 399 1258 454 in
1283 408 1405 471 temporo
1433 403 1628 473 persecutionis
1639 420 1703 463 aum

61 481 141 538 tatis
155 481 273 552 respersi
292 491 322 537 ut
349 482 485 553 spiritales
502 498 552 554 per
564 486 679 541 animam
712 488 866 560 significati,
916 487 1027 545 Cbristo
1043 489 1172 555 comedit,
1189 500 1373 561 apponuntur,
1397 507 1450 548 non
1472 494 1592 552 dillnlant
1610 498 1703 554 deau-

61 573 120 628 sed
138 587 171 628 ex
191 580 249 629 toto
266 572 363 629 affectu
385 583 412 629 et
426 590 562 632 consensu
586 576 748 635 inhaerentes
769 595 867 650 praro-
916 579 983 635 tilio
1005 580 1108 645 diuino,
1123 581 1172 636 sed
1193 582 1360 638 confidenter
1373 583 1465 639 dicant
1477 603 1484 641 :
1497 585 1626 659 Excerpe,
1649 589 1703 644 Do·

60 667 298 723 rummmenitati
317 674 364 722 aut
377 681 425 721 eos
438 665 570 724 imitando
580 678 628 725 aut
640 670 681 726 eis
691 671 864 729 assentando.
915 675 995 737 minc,
1011 674 1108 744 najara
1121 690 1178 741 nos,
1191 674 1263 745 quod
1285 675 1367 731 etiam
1395 674 1482 732 iecisti
1496 681 1650 752 surgendo,
1676 693 1702 737 et

106 758 198 813 Aliter
212 777 219 813 z
237 759 334 813 Anima
354 768 448 815 nostra
480 761 668 817 recordatione
689 772 864 833 peccatorum
916 765 1075 835 imperando
1086 766 1173 822 nentis
1185 776 1212 821 ct
1225 767 1304 831 mari,
1318 767 1353 821 ita
1366 777 1395 821 nt
1408 767 1477 823 lacta
1488 754 1523 825 sii
1538 772 1617 828 nobis
1628 781 1702 827 tran-

59 849 218 905 humiliata
236 858 274 904 eat
288 852 315 905 in
333 849 447 921 puluere,
472 861 520 905 ant
542 852 684 908 visibiliter
706 854 733 909 in
756 854 864 925 signum
914 854 1034 924 quinitas
1046 871 1143 926 niagno
1159 870 1225 925 pace
1236 855 1298 910 data
1312 855 1449 925 Ecclesiis,
1462 869 1489 913 et
1500 859 1552 925 bis,
1565 861 1611 930 qui
1624 870 1702 918 terrae

60 938 241 1007 poentterttae
268 955 349 1010 super
378 951 460 1010 caput
487 957 593 1012 sparso,
616 953 664 998 aut
694 945 865 1002 invisibiliter
914 944 1095 1009 adhaeserant,
1122 944 1332 1017 clevatis,jurta
1358 947 1475 1003 illudzr
1501 948 1624 1019 blerano,
1646 952 1701 1008 ele-

36 1031 169 1119 ἔιιιιιιιί,
189 1046 254 1113 quae
285 1040 367 1102 caput
389 1041 432 1087 est
443 1032 552 1100 animae,
580 1034 707 1105 imposito
728 1051 777 1107 per
790 1037 864 1093 illins
912 1046 987 1098 vate,
1001 1031 1162 1101 Jerusalem,
1173 1043 1299 1089 excutere
1317 1035 1350 1090 de
1366 1036 1486 1106 puluere,
1504 1039 1578 1096 solve
1591 1041 1700 1098 uincula

61 1123 292 1179 recordationem
329 1124 480 1191 sententiae,
504 1140 559 1196 qua
582 1126 686 1183 dictum
713 1137 755 1184 cst
774 1129 863 1199 primo
913 1124 975 1179 colli
991 1125 1030 1180 tui
1046 1123 1115 1193 (isa.
1137 1141 1186 1189 ιιι,
1201 1126 1241 1196 2).
1265 1146 1275 1178 r
1293 1126 1389 1184 Dicant
1404 1145 1468 1201 ergo
1483 1131 1564 1201 hujus
1588 1131 1701 1191 Jerusa-

29 1207 44 1235 ''
59 1216 209 1283 peccatori
222 1215 326 1270 bomini
341 1235 347 1269 :
365 1234 374 1267 ι
393 1214 486 1271 Pulvis
509 1232 550 1283 es,
567 1226 594 1273 et
607 1218 633 1273 in
659 1219 796 1289 pulverem
820 1236 863 1276 re·
912 1213 965 1269 lrm
986 1214 1044 1282 lilii,
1056 1215 1131 1285 pacis
1144 1216 1250 1272 visione
1260 1218 1385 1273 laetillcati
1399 1238 1406 1275 ε
1432 1219 1562 1294 Easarqe,
1576 1224 1698 1295 Domine,

58 1305 187 1361 verteris
203 1303 403 1373 (demanii).
419 1325 430 1358 ι
448 1306 523 1363 Hanc
535 1310 696 1365 sententiam
711 1312 791 1367 pppis
807 1311 862 1367 ιω.
911 1308 1009 1378 adjuva
1022 1325 1068 1363 reos
1081 1308 1108 1364 io
1122 1309 1201 1365 bonis
1215 1310 1342 1367 alacriter
1355 1314 1508 1381 querendis
1529 1333 1562 1373 ac
1585 1319 1700 1377 lirmiter

59 1395 229 1451 reditariam
258 1396 366 1466 quoties
387 1406 478 1454 mente
503 1401 668 1466 retinemus,
697 1400 776 1472 quasi
798 1402 860 1472 pul·
911 1397 1045 1465 tenendis,
1057 1406 1082 1452 ct
1094 1399 1190 1453 redime
1203 1415 1283 1453 nasa
1314 1401 1404 1468 malis,
1430 1406 1697 1476 utpcradjutoriurn

59 1499 162 1543 rerem
176 1498 350 1558 supereaput
369 1490 513 1559 babemus,
524 1500 551 1547 et
569 1492 631 1547 ideo
646 1508 710 1548 vete
721 1493 858 1548 dicimus:
910 1496 987 1546 luurn
999 1490 1157 1546 beatissime
1176 1489 1298 1547 lruamur
1314 1492 1403 1561 bonis,
1417 1504 1444 1551 et
1456 1511 1505 1566 per
1515 1498 1640 1555 viritatem
1657 1518 1699 1558 re-

61 1575 227 1633 ltamtttrra
248 1588 288 1634 ιιι
310 1579 339 1634 in
358 1579 463 1650 pulnere
489 1583 579 1637 animo
606 1583 756 1647 contrade
786 1583 859 1640 illius
909 1581 1073 1653 demptionis
1100 1592 1154 1639 tua
1167 1583 1245 1639 liberi
1259 1586 1371 1642 sinrusa
1389 1589 1479 1646 malis.
1491 1591 1594 1660 ddjaaa
1610 1604 1635 1648 et
1658 1613 1699 1648 re-

59 1665 196 1722 elationis
228 1669 342 1725 uulnere
379 1671 512 1726 medicata
538 1687 587 1742 per
617 1674 779 1743 puluerem*
803 1690 858 1746 qua
908 1673 978 1730 diane
990 1690 1048 1740 noa,
1061 1674 1188 1741 dicimus,
1201 1684 1306 1746 propter
1323 1693 1416 1733 nomen
1438 1690 1522 1738 tuam.
1538 1680 1599 1739 Non
1624 1687 1697 1741 enim

59 1772 96 1813 se
108 1758 220 1814 incaute
240 1776 349 1816 sursum
372 1763 507 1819 extulerat
529 1763 563 1819 ad
581 1762 629 1820 Dei
650 1766 855 1823 similitudinem
872 1757 893 1812 B
907 1764 934 1821 in
947 1766 1190 1836 justificationibus
1202 1770 1303 1826 nostris
1314 1772 1513 1841 prosternimus
1525 1790 1620 1844 preces
1633 1787 1696 1833 ante

59 1850 176 1906 dicente
189 1852 321 1910 diabolo:
345 1852 432 1909 Eritis
466 1857 534 1911 sicet
556 1857 596 1910 dii
611 1859 721 1913 scientes
750 1859 856 1928 bonam,
908 1857 1004 1915 laciem
1018 1868 1104 1925 tuam,
1116 1858 1163 1915 sed
1181 1859 1209 1915 iu
1224 1861 1448 1919 miserationibus
1458 1865 1513 1922 tuis
1532 1868 1635 1934 multis,
1651 1885 1699 1939 per

58 1954 89 1999 ct
108 1946 212 2001 malam
229 1945 306 2016 (Gen.
332 1964 375 2017 ιιι,
403 1949 442 2020 5).
467 1947 502 2005 llt
516 1966 581 2022 ergo
596 1953 735 2010 lrumilitas
759 1952 858 2010 eninm
906 1965 976 2021 quas
990 1960 1018 2006 tu
1043 1951 1201 2007 nominatus
1220 1961 1247 2007 ιι
1259 1951 1376 2023 inclytus
1390 1954 1509 2011 haberis.

61 2039 185 2094 interior
209 2056 256 2112 per
269 2043 393 2112 corporis
412 2044 575 2100 exteriorem
601 2053 706 2116 gestam
730 2045 857 2102 decenter
941 2042 1021 2099 Hunc
1044 2059 1156 2100 sensum
1170 2045 1270 2101 veritas
1294 2043 1427 2104 Hebraico
1458 2048 1588 2117 insinuat,
1602 2051 1628 2106 in
1643 2069 1697 2124 qua

59 2130 248 2202 exprimatur,
260 2133 372 2189 adltasit
390 2137 502 2190 interra
515 2145 603 2190 neuter
617 2147 714 2205 noster,
738 2152 794 2209 quo
806 2139 857 2193 bu·
905 2135 1055 2206 siclegitur
1070 2133 1223 2202 :Quoniam
1232 2138 1369 2194 incarnata
1383 2149 1421 2194 att
1438 2140 1466 2194 in
1484 2141 1588 2210 paleare
1607 2145 1697 2200 anima

60 2220 229 2279 rniliationis
249 2232 327 2296 gestu
341 2241 395 2281 non
410 2234 452 2283 est
477 2227 575 2296 major.
600 2227 653 2294 Qui
678 2230 751 2285 enim
775 2239 857 2303 caput
906 2236 1008 2293 nostra,
1024 2226 1136 2282 aatostr
1150 2228 1177 2281 in
1192 2235 1264 2283 terra
1283 2239 1371 2284 venter
1398 2244 1486 2285 noster
1504 2246 1513 2285 .·
1529 2250 1606 2305 serpe
1619 2236 1698 2290 attai-

58 2313 247 2381 inclinasset
271 2332 358 2386 genua
385 2317 469 2374 flectit
494 2319 521 2374 in
546 2330 659 2387 terram,
685 2321 774 2389 babet,
800 2338 856 2393 quo
905 2316 1065 2384 liarcaoiit,
1092 2328 1117 2374 at
1146 2320 1245 2374 redime
1268 2336 1316 2375 nor
1351 2330 1457 2391 propter
1484 2323 1697 2381 nriacricordiarn

57 2408 126 2478 plns
137 2407 263 2464 lutmiliet
275 2424 375 2480 corpus
387 2426 479 2467 suum.
496 2410 565 2467 Dum
581 2422 674 2468 autem
690 2416 855 2486 sentencias
906 2418 991 2466 taam.
1007 2410 1070 2467 Sive
1087 2411 1170 2483 igitur
1195 2412 1405 2466 misericordiam
1420 2422 1504 2480 taam,
1522 2413 1579 2469 sire
1602 2432 1695 2470 naman

59 2498 185 2554 adlraeret
198 2507 288 2566 terrae,
301 2515 356 2555 uon
371 2516 401 2557 se
421 2508 511 2572 potest
524 2501 594 2558 ultra
609 2502 765 2571 humiliare,
780 2505 856 2561 salu·
906 2509 983 2558 tuum
999 2501 1112 2558 Domine
1133 2503 1320 2568 ostendamus,
1331 2517 1395 2559 cum
1410 2511 1436 2559 ιι
1457 2504 1610 2574 adjutorem
1623 2515 1650 2561 ιι
1665 2508 1696 2561 li·

59 2590 206 2661 briterque
217 2590 302 2660 jacet,
316 2592 357 2647 rel
373 2593 449 2649 sedet
462 2594 490 2648 in
510 2594 693 2664 sterquilinio,
705 2594 730 2649 si
743 2594 856 2649 bumili-
900 2593 1060 2650 'beratorem
1086 2595 1258 2663 invocamus,
1285 2594 1376 2665 palam
1402 2603 1454 2663 est,
1480 2597 1552 2666 quod
1583 2613 1636 2652 non
1667 2598 1696 2653 iu

59 2692 105 2738 tas
133 2698 249 2753 corpore
268 2694 377 2740 ostensa
404 2695 501 2756 regnat
528 2685 602 2740 intus
625 2685 789 2740 inanimo:
815 2686 857 2742 sio
905 2685 1010 2742 meritis
1023 2686 1134 2753 uostris,
1150 2686 1197 2743 sed
1210 2687 1239 2741 in
1266 2687 1447 2742 misericordia
1459 2699 1507 2744 tna
1521 2690 1617 2746 sivein
1643 2707 1691 2744 no-

58 2775 163 2847 jaceuti
186 2792 240 2832 non
274 2778 377 2835 dormit
402 2777 548 2845 Dominus,
578 2794 630 2834 nec
653 2778 735 2834 abeo
757 2780 856 2835 avertit
906 2777 976 2831 mine
989 2787 1045 2842 tea,
1061 2776 1185 2835 Salrator
1197 2787 1225 2834 ιι
1247 2762 1401 2845 miserator,
1422 2795 1573 2849 speramus,
1585 2779 1630 2836 cul
1644 2781 1695 2836 aii·
1725 2800 1731 2811 ·

59 2867 160 2925 iaeieru
172 2886 261 2925 auam.
279 2869 357 2927 Unde
367 2887 422 2927 non
446 2872 511 2928 dicit
532 2888 615 2941 nunc,
632 2884 661 2928 ut
683 2889 766 2943 supra
780 2892 786 2928 :
799 2873 856 2929 lia·
905 2869 1013 2939 quoties
1035 2885 1094 2937 ote,
1121 2871 1261 2927 multoties
1286 2870 1377 2928 cordis
1401 2871 1520 2928 dicimus
1541 2871 1693 2945 :Emarqq

59 2976 149 3033 serpe,
161 2977 241 3032 qnare
252 2961 395 3030 obdormis,
411 2960 534 3031 Domine,
546 2980 627 3035 qnare
649 2966 746 3021 apertis
758 2965 855 3036 [aciem
905 2961 1137 3033 nominandam
1158 2978 1216 3030 nor,
1238 2971 1263 3018 ιι
1285 2963 1384 3018 redime
1406 2979 1453 3019 nor
1471 2973 1577 3036 prepter
1601 2982 1695 3022 manea

62 3065 151 3122 taam,
163 3057 210 3110 sed
227 3055 331 3128 absque
345 3059 483 3113 mentione
508 3057 680 3114 dormitionis
695 3068 721 3113 et
733 3060 854 3116 aversio-
867 3095 888 3153 C
906 3065 991 3123 taram,
1005 3056 1062 3111 sive
1078 3065 1184 3126 propter
1195 3055 1404 3111 mirericordiam
1414 3065 1497 3111 trram.

60 3147 106 3203 nis
128 3149 290 3219 prenitentes
302 3149 352 3218 pttt
363 3148 429 3205 Cora
450 3149 579 3215 lrumiles,
600 3158 631 3205 et
644 3150 778 3206 humiliati
805 3167 854 3222 per
939 3146 1032 3203 Gloria
1046 3146 1124 3202 Patri
1136 3146 1204 3214 Dea,
1224 3146 1328 3218 dequo
1345 3148 1454 3202 enaiim
1465 3150 1563 3204 riostrir
1587 3150 1693 3206 auditi·

59 3240 117 3312 jam
143 3249 372 3298 commemoratas
385 3242 546 3297 afflictiones
559 3241 654 3296 dieunt
677 3242 704 3296 in
719 3244 853 3298 orationi·
903 3255 974 3304 maa,
989 3239 1024 3295 de
1045 3255 1101 3311 quo
1114 3236 1203 3310 pat'rea
1225 3243 1310 3296 nostri
1324 3242 1544 3299 annuntiaverant
1558 3243 1641 3309 nobit,
1660 3253 1693 3302 ut

60 3330 185 3386 bus'suis
201 3348 208 3384 ι
903 3329 930 3383 in
943 3329 1079 3401 principio
1093 3331 1191 3406 psalmi
1203 3342 1446 3388 commemoratum
1455 3343 1507 3389 est.
1517 3334 1609 3389 Gloria
1619 3333 1693 3390 Filio

98 3419 179 3477 Vens.
194 3420 240 3475 26.
261 3419 390 3492 Excerpe,
405 3420 523 3487 Domine,
538 3422 636 3491 adjura
651 3439 707 3489 nos,
719 3431 745 3477 et
755 3424 853 3478 redime
902 3418 959 3474 Deo
972 3420 1090 3490 adjutori
1103 3435 1131 3478 ιι
1153 3422 1316 3493 redemptori
1345 3432 1452 3490 nostro,
1463 3423 1507 3478 cui
1530 3423 1646 3479 dicimus
1662 3425 1691 3479 in

61 3530 109 3570 nos
121 3523 226 3586 propter
239 3530 334 3568 nomen
344 3523 428 3569 tuum.
441 3512 571 3586 Easarqe,
584 3515 662 3571 idest
675 3518 853 3571 resurrectio·
902 3511 956 3567 fine
971 3510 1067 3581 psalmi
1084 3511 1229 3584 :Excerpe
1242 3512 1363 3579 Domine,
1378 3512 1535 3584 adjuvanda
1549 3522 1575 3567 ιι
1595 3514 1692 3568 redime

62 3607 105 3663 nis
120 3615 172 3663 tute
192 3606 306 3679 gratiam
328 3615 356 3662 et
372 3607 485 3679 gloriam
502 3606 528 3661 in
558 3608 638 3663 uobis
662 3607 786 3676 ostende,
822 3620 853 3664 ut
901 3618 948 3655 nos
964 3605 1691 3675 propternanreatnam„sirepropternrisericardiam

61 3716 117 3757 nou
131 3700 218 3755 solum
232 3700 356 3755 dicamur
370 3711 398 3755 et
412 3700 500 3756 simus
512 3699 563 3770 filii
581 3699 648 3755 Cora
661 3715 709 3770 per
723 3701 852 3756 imitatio·
902 3700 984 3746 taam.
994 3693 1086 3747 Gloria
1097 3691 1319 3764 Spirituisancto,
1328 3696 1376 3762 qui
1386 3708 1427 3752 est
1436 3697 1480 3751 illa
1494 3697 1690 3764 misericordia,

62 3809 124 3849 nem
139 3793 274 3863 passionis
288 3802 350 3860 tuae,
379 3792 427 3849 sed
452 3793 540 3848 simus
554 3806 664 3863 quoqne
678 3807 711 3847 ac
727 3792 851 3848 dicamur
900 3802 962 3859 quae
973 3785 1000 3841 in
1013 3786 1067 3842 line
1083 3785 1182 3857 psalmi
1196 3788 1346 3843 secundam
1373 3788 1533 3844 ilebraicam
1552 3790 1690 3845 ueritatem

62 3881 109 3937 filii
120 3882 326 3938 resurrectionis
340 3891 404 3949 tuat,
413 3882 589 3953 complantati
612 3883 737 3938 videlicet
751 3882 849 3939 simili·
900 3888 942 3936 est
956 3888 1179 3946 commemorata,
1202 3894 1318 3951 quaeque
1346 3896 1395 3952 per
1417 3898 1509 3937 nomen
1527 3883 1573 3939 Dei
1587 3883 1613 3938 in
1630 3883 1691 3939 aliis

64 3972 147 4028 tudini
160 3983 214 4029 taae
225 3974 434 4029 resurrectionis
461 3973 627 4030 comedendo
642 3972 733 4029 larum
751 3973 848 4040 mellis,
900 3973 1127 4030 translationibus
1139 3983 1181 4030 est
1195 3981 1298 4031 notata.
1323 3972 1539 4030 Gloriosummae
1554 3973 1689 4041 Trlrtitati,

63 4074 94 4121 ut
104 4066 202 4122 luimus
217 4065 392 4137 complantati
415 4064 587 4120 similitudini
610 4063 849 4134 passioniscome·
899 4073 1030 4136 quietata
1044 4075 1165 4132 notatur,
1181 4066 1227 4122 ubi
1254 4065 1288 4122 de
1315 4065 1444 4124 Patribus
1478 4067 1587 4133 dicitur,
1616 4068 1689 4138 quod

63 4159 149 4214 dendo
162 4168 265 4231 partem
278 4159 362 4229 piscis
378 4157 443 4215 assi.
460 4157 538 4212 Tunc
552 4156 671 4212 bibendo
685 4157 849 4212 amaritudi·
894 4157 1036 4213 brachium
1048 4173 1138 4213 earam
1148 4173 1200 4213 nen
1213 4158 1324 4214 retonuit
1338 4175 1392 4225 eor,
1413 4159 1458 4214 sed
1473 4159 1581 4214 dextera
1594 4168 1648 4226 tata,
1662 4170 1688 4213 et

64 4253 106 4309 nis
119 4261 222 4308 acetum
240 4268 288 4309 seu
306 4253 400 4308 riuum
425 4266 487 4307 cum
515 4247 577 4304 lelle
603 4248 715 4304 mistum
753 4261 847 4321 potum
899 4249 1035 4304 braclrinm
1058 4258 1143 4314 tanna,
1166 4259 1190 4304 et
1207 4249 1473 4305 illuminatioaultas
1503 4250 1690 4319 tetimonium

65 4354 182 4402 nostrum
201 4363 264 4402 cum
279 4345 342 4401 lietu
371 4345 591 4416 temperavimus,
606 4351 634 4398 et
654 4344 771 4400 cinerem
788 4352 850 4398 tau·
898 4340 1081 4411 complacuisti
1100 4342 1190 4397 ineis.
1207 4340 1341 4398 Calenim
1357 4341 1457 4397 dicitur
1484 4341 1687 4407 :Demaratum

66 4451 142 4506 quam
155 4451 252 4506 panem
274 4437 510 4501 manducavimus,
533 4435 597 4505 quia
611 4435 724 4489 saturati
749 4450 850 4505 oppro·
866 4436 926 4492 Det
936 4434 1073 4489 braabianr
1084 4443 1158 4490 taum
1168 4443 1194 4490 ιι
1209 4435 1369 4490 illumiaatio
1381 4433 1468 4489 nultus
1481 4436 1531 4496 tui,
1546 4431 1618 4489 Dens
1630 4431 1686 4488 Pa-

65 4523 128 4582 briis
140 4527 240 4582 amaris
253 4543 349 4597 parum
360 4527 402 4583 vel
414 4527 483 4582 nibil
495 4528 567 4581 inter
582 4525 744 4581 haecomnia
757 4525 850 4581 dulce-
901 4535 941 4579 ter
964 4534 1003 4580 eet
1022 4525 1101 4596 :ipsa
1116 4539 1182 4581 vero
1206 4527 1325 4592 dentem,
1340 4525 1476 4580 braebiam
1490 4535 1514 4580 et
1530 4525 1687 4595 aarltaeejat

66 4618 133 4675 dinis
145 4618 301 4685 babuimus,
325 4619 436 4684 quando
448 4617 540 4688 repleti
560 4624 587 4672 et
603 4616 729 4672 inebriati
753 4631 850 4671 sumus
900 4616 985 4672 Filius
997 4618 1056 4687 ejus
1068 4625 1111 4672 est
1122 4635 1129 4672 :
1141 4616 1303 4672 illuminatio
1315 4627 1405 4673 autem
1430 4616 1518 4671 saltas
1532 4616 1590 4686 ejas
1608 4616 1687 4673 intel·

65 4710 297 4767 amaritudinibus.
317 4709 499 4768 Nuncautem
525 4708 603 4779 quasi
621 4716 758 4765 transacto
769 4723 849 4779 para·
899 4709 991 4782 ligitur
1003 4707 1127 4780 *Spiritus
1141 4717 1263 4777 sanctus,
1279 4710 1313 4765 de
1327 4725 1383 4780 quo
1405 4710 1462 4780 ipse
1483 4709 1550 4764 dicit
1579 4728 1585 4765 :
1616 4709 1687 4764 tilla

66 4816 149 4865 scere,
171 4800 330 4857 imminente
347 4802 404 4870 iam
423 4800 503 4857 nobis
525 4799 646 4870 paschali
667 4800 847 4867 solemnitate,
899 4816 943 4857 me
971 4798 1232 4873 plorillmbittloan.
1248 4816 1304 4866 ιιι,
1331 4799 1386 4867 ll).
1417 4799 1537 4868 »Gloria
1571 4800 1624 4857 ista
1649 4810 1686 4856 stt
1771 4812 1773 4816 ’

66 4893 184 4963 ortojam
208 4892 382 4958 sole,atrdiat
400 4892 484 4949 Maria
500 4891 610 4963 plorans
629 4891 663 4945 ad
687 4906 849 4946 monumen·
898 4902 1019 4948 nuncet
1049 4905 1167 4962 semper,
1190 4899 1218 4946 et
1240 4891 1268 4946 in
1290 4892 1390 4947 saecula
1414 4892 1586 4947 saeculorum.
1612 4890 1686 4946 Sirra

67 4995 120 5042 tum
134 5002 163 5040 :r
180 4982 240 5039 Noli
252 4984 318 5040 llere
333 4984 424 5057 (dona.
440 5001 487 5053 xx,
498 4985 553 5054 lb).
581 5001 591 5034 ι
610 4980 667 5037 lma
692 4981 785 5037 audiat
798 4981 848 5036 Ee·
898 4992 955 5037 arat
969 4984 996 5037 in
1017 4983 1201 5052 principiani
1226 4982 1252 5037 in
1275 4982 1408 5055 principio
1427 4982 1686 5054 praedestinatiana

68 5076 185 5134 clesiade
199 5077 325 5149 gentibus
351 5079 474 5146 collecta,
501 5076 617 5147 qualiter
645 5075 782 5131 consolata
806 5084 848 5129 est
899 5075 1134 5141 salusuustra‚et
1157 5074 1319 5144 redemptio,
1342 5074 1553 5130 sicerltibeatur
1574 5073 1685 5128 nuncin

68 5166 153 5233 illaria,
167 5168 285 5238 qualiter
304 5167 390 5238 gavisi
412 5177 476 5225 sunt
493 5168 617 5238 discipuli
644 5168 703 5224 risa
719 5166 845 5233 Domino,
898 5166 994 5221 allecta
1007 5164 1143 5222 manifesti
1163 5165 1302 5236 adjutori,
1325 5180 1374 5235 per
1391 5165 1464 5235 quod
1487 5164 1625 5220 evidenter
1636 5180 1685 5234 ap-

69 5269 131 5314 utet
144 5259 201 5330 ipsa
216 5261 406 5317 consolatione
423 5271 533 5333 accepta
548 5277 610 5316 cum
625 5259 766 5331 discipulis
778 5276 847 5330 qart-
897 5268 1001 5331 pareat.
1015 5260 1128 5316 Dextera
1152 5268 1208 5326 trra,
1222 5267 1249 5314 et
1265 5258 1407 5313 brachium
1433 5266 1521 5322 tuum,
1537 5264 1566 5311 et
1582 5256 1682 5311 illumi·

68 5353 123 5408 deat
135 5352 230 5409 bibens
243 5354 336 5408 sinum
361 5354 501 5411 laetillcans
528 5370 576 5411 cor
590 5353 709 5410 bominis
732 5370 805 5409 nunc
818 5354 846 5408 in
897 5353 972 5409 natio
985 5353 1077 5409 vultus
1096 5352 1134 5408 tui
1154 5351 1293 5407 :Dextera
1311 5361 1358 5404 tan
1373 5363 1456 5405 nasa
1481 5348 1601 5404 sinistris
1626 5349 1683 5403 bae-

69 5460 157 5516 repto;
171 5456 303 5517 regnante
317 5446 441 5503 videlicet
454 5448 481 5502 in
496 5462 526 5503 se
539 5445 659 5514 Christo,
679 5454 706 5502 et
729 5455 784 5502 tota
796 5446 845 5502 tri·
896 5446 939 5501 dis
966 5444 1171 5502 euidentissime
1195 5444 1355 5499 discernens
1378 5449 1455 5512 atque
1470 5440 1637 5511 amplexans,
1653 5449 1693 5508 ut,

69 5535 132 5591 stitia
143 5536 203 5604 ejus
226 5546 348 5593 vertatur
361 5539 388 5593 iu
413 5540 553 5610 gaudium,
583 5549 611 5595 ct
633 5539 761 5611 gaudium
785 5540 846 5610 eius
897 5541 924 5593 iu
937 5537 1242 5598 Carrticiscanticornm
1269 5535 1335 5592 dicit
1355 5549 1500 5605 sponsat«
1516 5532 1550 5588 Et
1572 5532 1681 5588 dextera

71 5644 139 5690 ntrnto
156 5629 232 5685 tollat
247 5629 282 5686 ab
292 5646 334 5686 ea.
351 5629 436 5701 Cujus
462 5631 525 5687 liliis
544 5634 634 5689 adbuc
647 5632 674 5687 in
699 5633 752 5686 rita
776 5647 844 5702 prae·
897 5641 942 5686 tua
966 5631 1164 5701 amplexabitur
1184 5645 1228 5685 me
1258 5628 1349 5699 (Cant.
1375 5643 1406 5693 u,
1432 5627 1460 5695 d)
1479 5644 1486 5681 z
1508 5645 1517 5678 r
1538 5625 1684 5681 Drnelriurn

71 5719 130 5776 srrrti
151 5722 398 5793 peregrinantibus,
434 5738 496 5779 eum
524 5724 644 5794 reliquiae
672 5724 755 5796 piscis
776 5724 842 5790 assi,
897 5734 971 5777 ιιιιιιιι
986 5722 1144 5793 dispergens
1169 5721 1295 5778 inimicos
1320 5721 1452 5791 superbos
1469 5729 1559 5777 tuetrte
1591 5716 1682 5776 cordis
