3817 6000
88 242 147 304 ott
421 242 701 300 cottttENTattttJtt
721 241 754 296 ΙΝ
773 238 945 297 ΡΒΑΙΜΟὓ.
964 271 1000 281 —-
1016 239 1108 298 Pttts
1125 240 1149 299 i.
1167 273 1198 283 -·
1220 240 1319 299 esst.
1340 242 1412 298 xlx.
1679 250 1733 307 909.

87 362 210 434 ragam,
236 360 419 416 consummati
443 360 471 415 in
492 376 589 429 unum,
616 360 688 417 sicut
710 369 739 415 tu
759 368 786 415 et
810 359 889 415 Pater
901 372 926 429 p
939 358 1054 414 visionis
1063 359 1201 414 neminem
1211 356 1349 424 viderunt,
1364 356 1417 413 nisi
1432 357 1520 413 solum
1531 359 1623 416 losum
1636 380 1643 416 ι
1655 364 1732 434 quia,

86 471 182 512 ιιιιιιιιι
197 450 279 522 estis,
295 462 322 508 et
336 452 461 520 dileetio,
481 470 535 525 qua
553 453 671 510 dilexisti
692 469 754 521 uos,
765 454 792 508 in
808 454 887 509 nobis
938 451 1010 507 sicut
1027 451 1130 507 dietum
1147 460 1199 517 cst,
1214 450 1287 520 quod
1311 449 1414 505 clarum
1428 451 1510 506 estin
1524 451 1564 507 tui
1579 454 1733 523 splendoris

88 548 142 614 sit,
157 556 225 603 etttt
240 545 374 602 innobis.
937 543 1165 614 participatione,
1191 550 1312 597 nonest
1336 541 1440 597 clarum
1468 544 1495 597 in
1519 551 1574 598 tua
1599 545 1733 604 claritatis

130 637 276 693 Exaudivlt
287 636 396 707 quidem
410 645 436 692 te
445 636 579 693 boninus
591 645 712 693 orantem
727 636 781 693 illic
792 645 886 692 contra
938 636 1153 705 comparatione.
1170 631 1233 692 ldeo
1250 634 1322 690 sicut
1336 632 1477 691 stellarum
1490 637 1602 693 claritas
1617 639 1645 693 in
1656 654 1734 695 corn·

87 728 259 785 manifestos
280 737 468 802 persecutores
485 738 512 785 et
530 741 639 800 apertos
660 729 802 785 haereticos
817 745 824 781 ι
839 729 888 784 ad·
938 725 1080 798 paratione
1100 727 1166 784 solis
1188 736 1348 794 evacuatur,
1366 728 1403 782 ita
1424 729 1509 798 gloria
1534 731 1625 787 vultus
1646 729 1733 804 ttoysi

90 822 420 877 liuereronccessarium
439 831 481 877 est
494 831 523 877 ut
533 823 659 877 exaudiat
671 831 694 877 te
708 823 736 877 in
747 821 790 876 die
803 821 888 876 ιιίιιι-
938 831 1086 874 evacuatur
1104 808 1215 891 propte'i
1232 820 1407 877 excellentem
1426 823 1540 894 gloriam
1557 832 1611 881 tuae
1623 824 1734 882 clarita-

88 911 204 967 dationis
222 921 345 967 orantem
357 922 453 968 contra
471 912 554 969 falsos
571 913 721 985 discipulos
734 912 811 969 iudae
822 929 887 985 pro·
939 910 983 966 tis.
991 909 1078 981 hujus
1086 911 1219 968 claritatis
1228 913 1340 969 omnino
1352 923 1479 984 expertes
1493 916 1558 971 caeci
1573 917 1734 982 haemtici,o

90 1005 178 1061 ditori
202 1014 229 1060 et
254 1005 400 1060 mercatori
432 1005 553 1077 pessime
581 1006 791 1078 comparandos.
819 1005 886 1061 Nam
937 1001 1019 1060 Pater
1039 1002 1161 1061 Christi!
1186 1023 1240 1063 non
1266 1015 1452 1079 coguoverunt
1471 1017 1498 1064 ιε
1522 1010 1612 1065 εεΙιιιιι
1635 1027 1732 1067 verum

90 1105 193 1151 contra
212 1106 403 1168 persecutores
423 1097 522 1154 llcrodi
546 1098 704 1157 consimiles
718 1098 809 1169 pctisti
822 1113 887 1153 con·
937 1097 1075 1164 breomet
1092 1114 1172 1170 quem
1186 1101 1286 1157 misisti
1304 1100 1396 1157 iesum
1411 1101 1561 1158 Christum.
1577 1102 1629 1159 Sed
1644 1103 1734 1161 sancti

91 1189 200 1243 servari
216 1198 278 1246 tuos
294 1190 321 1243 in
339 1204 454 1261 corpore
470 1193 652 1263 corruptibili,
667 1194 715 1249 sed
732 1192 761 1246 in
776 1192 887 1247 nomine
937 1188 1111 1245 consessores
1132 1198 1159 1246 et
1183 1192 1234 1246 viri
1259 1193 1386 1247 catholici
1409 1209 1473 1249 vere
1493 1209 1548 1249 non
1572 1194 1662 1250 solum
1678 1193 1733 1251 lide

89 1285 196 1381 tumet
212 1279 365 1336 innomine
385 1280 475 1339 Patris
490 1284 539 1348 tui,
556 1292 587 1339 ut
605 1284 639 1340 ad
659 1284 830 1356 negationem
846 1282 887 1338 tui
937 1279 1120 1345 erediderunt,
1136 1282 1182 1337 sed
1202 1282 1284 1338 etiam
1296 1282 1433 1340 intellectu
1449 1296 1636 1357 cognoverunt
1651 1293 1687 1352 te,
1704 1293 1733 1341 et

90 1370 217 1426 nominis
241 1385 290 1441 per
315 1379 450 1429 tormenta
478 1389 533 1429 non
556 1383 669 1445 possent
692 1375 828 1446 compelli.
854 1374 887 1431 Et
937 1387 1019 1442 quem
1035 1372 1137 1429 misisti
1159 1372 1253 1431 lesum
1274 1374 1426 1442 Christum,
1447 1392 1510 1433 esse
1532 1377 1620 1433 solum
1635 1392 1731 1434 verum

88 1460 235 1516 exattdivit
248 1470 272 1515 te
283 1460 415 1518 Domitius
430 1464 457 1518 in
475 1465 518 1519 die
535 1464 728 1533 trttutattoats,
741 1467 806 1539 quia
819 1479 843 1522 te
858 1466 886 1522 iu
937 1460 1034 1521 Deum.
1052 1460 1129 1529 Quod
1143 1465 1225 1519 etium
1239 1464 1400 1522 clarissimis
1412 1467 1545 1523 doctrinis
1560 1468 1731 1524 ostendendo

87 1552 150 1608 tuis
172 1554 337 1625 martyribus
359 1556 479 1624 proterit
499 1570 593 1611 nomen
614 1556 663 1612 liei
683 1555 778 1625 Jacob,
801 1568 886 1616 netu
936 1563 965 1611 et
990 1557 1180 1613 haereticorum
1203 1558 1329 1613 tenebras
1351 1558 1490 1629 fugando,
1518 1560 1607 1631 ipsum
1629 1560 1730 1618 Filium

86 1659 176 1700 verus
191 1642 278 1709 Jacob
292 1645 410 1704 bischele
429 1664 515 1706 uxore
530 1659 576 1705 tua
597 1650 668 1707 illios
688 1666 765 1721 suos,
783 1662 811 1709 et
823 1662 885 1709 tuos
937 1658 1015 1705 tuum
1032 1648 1262 1707 clarificaverunt.
1282 1650 1340 1707 lmo
1359 1661 1399 1721 tu,
1419 1651 1509 1720 Pater,
1526 1654 1553 1708 in
1574 1654 1616 1710 cis
1630 1653 1730 1710 Filium

88 1734 218 1807 plorante
232 1753 296 1793 cum
311 1740 370 1810 ipsa
388 1748 416 1796 et
430 1740 458 1795 iu
473 1741 531 1813 ipsa
546 1757 622 1799 esses
639 1742 744 1815 absque
757 1747 868 1802 consola
881 1777 885 1787 ·
900 1730 921 1785 Β
936 1752 1014 1800 ιιιιιιιι
1027 1744 1193 1812 clarificasti,
1206 1746 1279 1800 sicut
1291 1744 1326 1800 ab
1339 1761 1372 1802 eo
1383 1757 1493 1818 rogatus
1514 1746 1607 1813 luisti,
1619 1749 1731 1818 quando

87 1829 177 1885 tione.
194 1828 262 1885 Nam
279 1831 324 1888 illa
340 1832 453 1901 Rachel,
472 1834 542 1891 sicut
556 1836 742 1905 supradictum
759 1848 786 1894 et
801 1853 885 1910 expo·
935 1835 981 1891 illc
991 1850 1074 1892 orans
1086 1835 1113 1891 in
1126 1836 1170 1893 die
1180 1835 1365 1892 tribulationis
1377 1836 1466 1892 diritt
1483 1837 1598 1906 «Pater,
1610 1838 1731 1895 clariltca

88 1921 176 1976 situm
190 1933 242 1990 est,
258 1924 347 1995 primo
367 1925 479 1997 quidem
497 1928 585 1984 noluit
601 1930 738 1985 consolari
759 1933 886 1988 conside·
934 1927 1035 1984 Filium
1050 1937 1138 1984 ιιιιιιιι.
1154 1945 1165 1980 ι
1182 1920 1260 1984 'luue
1274 1928 1374 1984 misisti
1387 1928 1411 1985 ei
1427 1928 1561 1984 attnilium
1575 1930 1610 1986 de
1621 1939 1728 1997 sancto,

87 2013 200 2069 ratione
219 2015 395 2073 morientium
415 2016 545 2087 illiorum,
575 2019 623 2075 sed
649 2019 719 2077 hene
747 2024 884 2093 acquievit
934 2020 1008 2076 etde
1033 2017 1100 2075 Sion
1123 2019 1244 2076 tuebaris
1268 2035 1342 2087 euru,
1364 2020 1484 2091 quiade
1511 2028 1608 2076 sancto
1625 2020 1730 2091 Spiritu

87 2107 229 2162 consolari
249 2109 467 2166 consideratione
482 2110 634 2167 interorum
649 2113 796 2183 honorum,
814 2116 885 2173 inter
935 2110 1018 2168 corda
1042 2121 1200 2167 sanctorum
1225 2111 1357 2183 replente,
1381 2126 1413 2167 ac
1437 2112 1470 2165 de
1495 2109 1570 2179 Sion,
1594 2110 1621 2168 id
1641 2121 1683 2168 est
1696 2113 1731 2168 de

88 2214 154 2270 quae
174 2201 245 2256 bona
268 2202 435 2273 praecipuum
460 2204 538 2261 valde
551 2206 765 2263 consolatorium
779 2208 883 2264 bonum
935 2204 1120 2275 speculatione
1134 2203 1283 2276 Scripturas
1297 2205 1495 2276 triumphatum
1506 2214 1549 2261 cst
1559 2221 1608 2276 per
1618 2214 1730 2263 sanctos

88 2298 136 2345 est
148 2290 266 2346 filiorum
282 2291 409 2348 Rachelis
426 2296 599 2352 resurreetio.
614 2295 777 2369 Quanquam
792 2308 818 2355 et
832 2298 885 2354 hoc
934 2297 1109 2357 confessores
1127 2306 1223 2356 eontra
1236 2313 1332 2354 omnes
1353 2298 1488 2354 haeretice
1500 2298 1643 2369 pravitatis
1657 2297 1729 2354 inle-

88 2383 129 2438 sit
143 2398 240 2455 magna
254 2385 404 2443 consolatio
419 2385 545 2445 Rachelis
558 2389 723 2448 etlacobde
734 2392 797 2448 liliis
811 2393 885 2449 occi·
934 2390 1077 2456 stationes,
1093 2399 1121 2447 et
1145 2399 1185 2459 tu,
1206 2389 1326 2457 Christe,
1349 2388 1515 2446 clarificatus
1528 2404 1559 2447 es
1579 2389 1665 2446 Filius
1680 2389 1729 2448 Dei

89 2475 144 2544 sis,
157 2477 242 2547 quod,
260 2477 324 2534 licet
337 2494 400 2535 cunt
413 2478 516 2552 ioseph
534 2482 591 2539 lilio
606 2482 733 2540 Rachelis
748 2485 775 2540 in
789 2484 884 2541 cister·
933 2500 995 2542 esse
1007 2483 1035 2539 in
1046 2498 1154 2540 summa
1166 2482 1252 2555 gloria
1266 2480 1314 2538 bet
1323 2480 1425 2550 Patris,
1438 2480 1506 2537 nihil
1517 2481 1610 2539 minus
1624 2482 1729 2540 babens

89 2581 158 2670 nant
173 2577 302 2636 veterem,
317 2569 400 2626 idest
418 2571 446 2626 in
461 2574 558 2629 mortis
573 2571 679 2630 foveam
693 2574 748 2630 sint
758 2576 883 2646 projecti,
934 2576 1066 2633 claritatis
1088 2576 1117 2631 in
1133 2585 1179 2632 tua
1197 2575 1254 2644 jam
1276 2574 1425 2632 clarillcata
1449 2573 1630 2642 humanitate,
1644 2590 1728 2646 quam

89 2657 158 2714 hcet
173 2659 317 2717 rideantur
340 2678 356 2718 a
378 2661 436 2719 iera
456 2666 575 2734 pessima
592 2666 727 2735 devorati,
754 2675 848 2739 utpote
867 2683 884 2724 a
934 2669 963 2726 in
977 2678 1025 2726 tua
1039 2668 1205 2726 clariileante
1221 2667 1377 2734 Divinitate,
1397 2668 1425 2723 in
1444 2681 1499 2738 qua
1518 2682 1573 2722 non
1590 2668 1728 2724 minusca

88 2752 221 2825 pessimis
232 2755 381 2813 tortoribus
401 2756 546 2826 interiecti,
561 2765 652 2815 tamen
665 2759 842 2816 dominantur
855 2761 884 2817 in
934 2762 1025 2817 clarus
1052 2761 1112 2832 ipso
1138 2760 1219 2816 Patre
1245 2766 1272 2814 te
1290 2758 1469 2825 clarillcante,
1491 2765 1522 2813 ut
1544 2772 1728 2829 agnoscamus

89 2853 150 2905 tuta
162 2855 235 2903 terra
250 2848 371 2922 AEqypti,
387 2859 414 2906 et
427 2851 558 2908 obediunt
572 2853 623 2918 eis,
637 2861 665 2908 et
678 2854 792 2924 spiritus
805 2855 884 2910 mali·
934 2853 1116 2908 confitendam
1137 2851 1218 2908 nobis
1241 2851 1372 2907 unitatem
1397 2849 1541 2918 claritatis,
1558 2865 1614 2906 non
1636 2850 1729 2908 solum

92 2944 150 3018 gni,
164 2944 210 3017 qui
223 2954 286 3002 sunt
302 2945 432 3020 AEgyptii.
448 2945 505 3019 Ego
515 2955 551 3015 te,
563 2946 681 3016 Christe,
694 2965 788 3006 verum
798 2948 884 3008 Jacob
935 2945 962 3001 in
979 2944 1068 3001 tribus
1081 2945 1207 3017 personis
1228 2943 1311 3001 unius
1335 2942 1458 3013 Deitatis,
1479 2957 1575 2997 verum
1597 2942 1679 2999 etiam
1698 2943 1727 2999 iu

91 3039 221 3095 exaudita
243 3039 368 3097 oratione
392 3048 437 3096 toa
459 3039 579 3112 protexit
604 3056 699 3098 nomen
722 3041 771 3098 liei
798 3044 917 3138 tacite
935 3037 1042 3094 duabus
1061 3038 1142 3093 unios
1155 3035 1257 3093 Christi
1277 3035 1393 3092 naturis.
1409 3013 1486 3091 bloet
1498 3032 1571 3090 enim
1582 3047 1728 3091 assumens

92 3146 207 3188 servans
222 3139 284 3189 tuus
296 3143 429 3206 martyres
444 3134 472 3189 in
486 3132 597 3190 nomine
611 3140 669 3189 tuo.
934 3128 1068 3186 Divinitas
1076 3128 1156 3185 Verbi
1167 3138 1337 3200 assumptam
1351 3127 1549 3183 humanitatem
1561 3124 1728 3183 clarilleare·

129 3223 262 3281 similiter
279 3227 364 3282 orasti
379 3241 430 3297 pro
446 3228 500 3284 tuis
519 3228 732 3297 contessortbus,
745 3230 883 3301 quierant
933 3221 980 3288 rit,
1003 3231 1095 3277 umen
1118 3235 1175 3275 ron
1196 3220 1277 3275 attam
1302 3219 1455 3275 claritatem
1480 3218 1520 3273 tttt
1542 3217 1627 3287 dedit,
1651 3218 1727 3274 vota

92 3317 270 3390 impugnandi
285 3320 377 3375 multis
395 3321 545 3379 erroribus.
560 3321 617 3379 llos
632 3332 660 3379 tu
674 3322 829 3393 specialiter
840 3338 884 3378 re·
932 3311 1014 3369 Patre
1028 3312 1182 3385 impetravit
1195 3313 1284 3382 ipsum
1302 3309 1422 3366 Verbum
1436 3309 1495 3377 liei,
1508 3325 1590 3380 quam
1610 3309 1726 3371 camin

91 3409 223 3480 sprvisti,
237 3424 301 3465 cum
321 3411 349 3465 in
362 3412 486 3467 oratione
499 3421 545 3467 tua
559 3413 652 3469 dixisti
668 3429 675 3466 :
691 3432 701 3465 ι
722 3412 812 3481 Pater,
827 3412 883 3468 cla·
933 3419 987 3475 qua
1007 3405 1097 3476 ipsum
1109 3403 1229 3460 Verbum
1248 3401 1338 3459 luerat
1348 3403 1420 3474 apud
1435 3401 1554 3470 Patrem,
1565 3400 1726 3473 priusquam

91 3503 169 3556 rilica
185 3499 282 3556 Filium
297 3511 385 3570 ιιιιιιιι,
398 3513 428 3558 ut
440 3502 524 3560 Filius
540 3513 603 3562 tuus
618 3506 747 3561 ciariilcet
760 3514 795 3573 te,
812 3504 883 3561 sicut
933 3496 1052 3553 arundus
1066 3497 1151 3552 fieret·

91 3592 191 3647 dedisti
210 3593 236 3649 ei
255 3602 414 3664 potestatem
434 3596 525 3652 omnis
539 3597 642 3665 carnis,
659 3606 689 3652 ut
702 3612 793 3665 omne,
808 3597 882 3668 quod
969 3588 1064 3645 11111111
1082 3604 1164 3657 1111111,
1178 3588 1294 3645 9111111111
1308 3587 1373 3644 111111
1391 3587 1510 3656 Christe,
1525 3595 1555 3643 111
1566 3586 1601 3642 id
1616 3587 1725 3658 plenam

91 3684 192 3741 dedisti
205 3685 241 3751 ei,
255 3686 302 3742 det
321 3686 361 3742 eis
383 3687 465 3742 vitam
483 3695 623 3743 aeternam.
645 3686 710 3744 ilaec
728 3695 771 3744 est
790 3696 881 3743 autem
933 3689 987 3736 tnae
1004 3679 1136 3735 orationis
1155 3680 1358 3736 exauditionem
1378 3682 1414 3735 rit
1432 3696 1532 3735 memor
1551 3678 1624 3734 Deus
1644 3678 1725 3735 Pater

92 3778 324 3844 vituaelernn‚ut
340 3788 551 3851 cognoscantur,
570 3780 660 3836 solum
674 3794 768 3834 verum
784 3778 880 3846 Deum,
932 3771 1017 3825 otnnt't
1033 3770 1160 3841 sacrificis*
1181 3772 1230 3838 tui,
1251 3771 1324 3841 quod
1343 3771 1369 3827 ei
1389 3771 1512 3828 obtulisti
1536 3771 1673 3828 manendo
1694 3772 1724 3827 itt

91 3879 215 3942 etquem
231 3871 342 3939 misisti,
358 3870 451 3928 lesum
473 3869 614 3928 Christum
635 3869 726 3942 (doun.
756 3886 824 3938 svn,
852 3871 882 3924 l·
932 3862 1037 3919 mundo
1055 3877 1169 3920 servans
1188 3873 1216 3918 te
1233 3877 1249 3918 a
1268 3861 1351 3929 malo,
1367 3862 1440 3918 sicut
1453 3863 1535 3919 etiam
1554 3863 1610 3920 tuis
1624 3861 1724 3933 optasti

92 3962 133 4033 b).
152 3980 162 4014 ι
195 3959 242 4018 Sic
265 3972 302 4028 te,
317 3947 436 4030 Christe,
452 3970 577 4018 orantem
591 3962 619 4017 in
639 3962 683 4017 die
702 3960 881 4015 tribulationis
932 3955 1028 4012 dicens
1051 3955 1086 4012 ad
1105 3954 1214 4010 Putrem
1235 3967 1242 4008 ε
1266 3972 1276 4007 ι
1299 3952 1360 4011 Non
1380 3968 1458 4027 rogo,
1476 3965 1507 4010 ut
1525 3955 1604 4012 tollas
1623 3968 1671 4010 eos
1689 3953 1725 4008 de

92 4055 255 4126 generaliter
269 4057 379 4127 quidem
400 4071 449 4126 pro
466 4055 521 4110 tuis
539 4055 677 4122 omnihus,
694 4053 741 4110 sed
756 4054 881 4126 speciali·
932 4048 1047 4116 mundo,
1059 4048 1106 4106 sed
1123 4059 1154 4103 ut
1168 4062 1261 4104 serves
1273 4062 1322 4105 eos
1335 4063 1352 4103 a
1364 4046 1437 4103 malo
1451 4044 1542 4118 (duaa.
1558 4062 1625 4114 svn,
1638 4046 1692 4115 lb).
1709 4064 1719 4098 ι

92 4155 136 4201 ter
147 4162 197 4218 pro
215 4148 419 4204 cotrlessoribus
435 4145 573 4203 exaudivit
594 4143 738 4202 Dominus.
751 4144 819 4200 liam
833 4160 882 4217 per
934 4139 1012 4197 Sicut
1032 4143 1115 4198 etiam
1130 4140 1278 4212 aposttnus
1299 4148 1363 4196 tuus
1384 4138 1479 4195 docuit
1499 4138 1595 4195 dicens
1611 4157 1644 4194 :t
1666 4139 1724 4192 hu·

92 4253 189 4293 eorum
202 4239 354 4296 doctrinam
370 4248 397 4294 te
410 4237 510 4293 Filium
524 4253 605 4294 suum
618 4236 699 4293 Pater
712 4237 880 4303 clarificavit,
932 4230 1001 4288 lente
1014 4233 1117 4288 malum
1128 4247 1162 4288 ex
1175 4231 1378 4303 vobismetipsis
1393 4229 1420 4302 (l
1433 4229 1496 4286 Cor.
1507 4246 1535 4299 v,
1551 4231 1607 4301 lb),
1624 4249 1634 4283 ι
1648 4230 1723 4302 quod

93 4332 159 4401 quia
171 4331 249 4416 dedit
257 4332 298 4388 cis
313 4331 511 4387 illuminantem
526 4331 597 4400 illos,
610 4341 637 4387 et
651 4331 843 4386 clarificantem
857 4340 882 4385 te
933 4325 998 4381 lieet
1011 4326 1048 4382 ita
1061 4340 1182 4397 congrue
1201 4325 1377 4397 intelligatur,
1390 4333 1421 4381 ut
1436 4323 1551 4391 malum,
1568 4324 1595 4379 id
1607 4333 1650 4380 est
1661 4338 1723 4379 ma-

95 4421 228 4494 Spiritum
239 4435 374 4493 sarnetum,
386 4426 434 4496 qui
446 4433 472 4480 te
481 4423 655 4480 clarillcando
666 4426 699 4480 de
711 4422 880 4494 tuoaccepit‚
896 4427 919 4483 t)
932 4418 1019 4473 liliam
1034 4417 1191 4474 tuleramus
1209 4432 1226 4474 a
1240 4416 1456 4488 nobismetipsis,
1473 4416 1582 4488 quando
1594 4431 1655 4474 eam
1666 4432 1723 4472 non

93 4529 123 4578 et
144 4520 317 4576 aurnuntiavit
339 4521 390 4588 eis,
411 4535 444 4576 ae
466 4519 559 4575 docuit
577 4534 635 4586 eos,
656 4525 687 4573 ut
709 4517 844 4574 haereticis
856 4525 883 4572 te
932 4527 1080 4583 possumus
1097 4512 1193 4568 tollere
1206 4511 1240 4567 ab
1254 4511 1315 4567 aliis
1327 4525 1334 4564 ε
1348 4520 1438 4567 tamen
1452 4525 1544 4567 sermo
1557 4508 1679 4578 Craecus,
1694 4510 1724 4566 in

93 4616 349 4690 blasphemantibus
376 4615 414 4671 illi
436 4626 462 4671 te
483 4613 676 4687 glorificarent,
698 4620 725 4668 et
745 4613 775 4668 in
797 4612 883 4684 gioria
932 4619 988 4675 111111
1011 4603 1121 4675 scripsit
1143 4603 1300 4674 Apostolus,
1321 4609 1352 4657 ut
1370 4601 1527 4658 tuleramus
1547 4600 1724 4657 ιιιοὴίειιιειό

94 4705 186 4765 Patris
198 4723 260 4764 esse
271 4708 411 4763 docerent.
431 4706 464 4762 Et
482 4706 547 4778 quia
561 4712 589 4760 tu
609 4702 728 4759 Verbum
743 4702 789 4759 Dei
799 4719 839 4770 es,
854 4702 883 4757 in
933 4694 1000 4765 ipris
1011 4696 1126 4761 1111111111,
1138 4693 1273 4765 5181116111
1286 4694 1424 4750 hominem
1437 4693 1539 4748 malunt
1551 4706 1600 4762 litt
1611 4706 1723 4747 masth·

95 4801 150 4859 boc
161 4801 243 4857 ctiam
258 4807 284 4855 te
296 4798 525 4866 clarificaverunt,
537 4796 610 4869 quod
624 4794 792 4865 Scriptorum
807 4793 884 4863 prius
933 4786 1019 4842 linum
1041 4785 1237 4843 accusativum.
1254 4783 1399 4852 Quomodo
1418 4793 1510 4840 autern
1530 4783 1603 4839 bunc
1619 4783 1722 4839 malunt

93 4894 243 4954 obscuram
267 4893 339 4948 clare
365 4892 580 4958 intellexerunt,
605 4897 632 4945 et
660 4889 735 4944 clare
754 4887 883 4942 docentes
932 4879 1081 4937 debeamus
1104 4879 1199 4935 tollere
1223 4893 1239 4934 a
1265 4877 1481 4949 uobismetipsis,
1503 4886 1534 4934 ut
1556 4876 1722 4934 sacrillcium

93 4993 292 5060 exposuerunt,
306 4994 387 5057 atque
400 4986 437 5040 ita
453 4982 571 5041 Verbum
586 4980 644 5050 liei,
658 4981 731 5053 quod
744 4990 772 5035 ιιι
785 4994 815 5034 es
828 4977 884 5033 cla·
932 4979 1058 5028 nostrum
1073 4969 1128 5027 lieo
1143 4971 1180 5026 sit
1195 4977 1347 5041 acceptum,
1363 4970 1489 5041 superius
1503 4968 1627 5040 creurplo
1640 4967 1722 5024 Clari*

94 5080 282 5147 riticaverunt,
302 5086 462 5147 remotoque
480 5076 628 5148 ligurarum
646 5073 731 5129 denso
751 5070 884 5127 velamine
932 5067 967 5123 sti
982 5064 1049 5122 satis
1061 5071 1104 5120 est
1118 5062 1334 5119 demonstratum
1348 5081 1355 5117 ι
1369 5062 1417 5133 qul
1431 5060 1605 5130 asemetipso
1620 5058 1720 5115 tutam

97 5172 194 5229 laeiem
210 5170 296 5244 bioysi
311 5171 413 5228 claram
427 5168 685 5225 demonstraverunt
696 5179 730 5221 ex
744 5162 883 5221 consortio
932 5159 1057 5224 abstulit,
1069 5156 1179 5230 quando
1189 5154 1411 5214 veteris‘Pasehae
1430 5154 1529 5211 obtulit
1542 5151 1719 5220 sacritieium,

97 5265 233 5322 sermonis
245 5262 305 5333 Dei,
318 5263 366 5335 qni
377 5277 468 5320 sermo
484 5270 511 5316 tu
534 5275 564 5316 es
575 5258 684 5315 Christe
703 5255 754 5311 Fili
767 5253 825 5321 Dei,
835 5253 883 5323 qui
932 5268 988 5325 quo
1000 5267 1029 5309 se
1040 5264 1159 5320 suosque
1169 5248 1331 5320 praeparavit
1345 5246 1380 5302 ad
1392 5246 1455 5301 novi
1468 5243 1580 5302 Paschae
1590 5242 1721 5298 holocau·

95 5351 267 5430 cum'hloyse
281 5364 309 5413 et
328 5354 387 5411 Elia
402 5354 517 5426 loquens
539 5352 567 5408 in
581 5360 675 5407 monte
693 5347 883 5419 resplenduisti
932 5356 1016 5404 stum.
1030 5344 1064 5400 Et
1078 5359 1129 5400 nos
1144 5342 1254 5413 quidem
1269 5341 1376 5396 diversa
1396 5348 1520 5409 tempora
1533 5334 1720 5396 distinximus.

96 5461 127 5508 ut
143 5452 195 5520 sol,
211 5467 263 5508 nec
279 5450 318 5506 illl
338 5451 393 5505 duo
408 5456 533 5521 poterant
546 5448 688 5519 splendere
699 5445 726 5500 in
741 5456 884 5512 compara·
932 5447 1159 5511 persecutorum,
1187 5443 1216 5492 et
1241 5431 1454 5497 hereticorum,
1480 5439 1562 5500 atque
1585 5426 1720 5483 salsorum

95 5545 172 5600 tione
192 5544 243 5611 tui,
258 5542 320 5599 lieet
333 5539 474 5597 clarificati
492 5537 609 5594 luissent
621 5553 654 5593 er
676 5535 716 5592 tul
730 5531 883 5605 splendoris
932 5530 1165 5596 christianorum,
1188 5534 1299 5598 propter
1324 5523 1514 5581 distinctiones
1546 5528 1719 5592 martyrum.

95 5637 316 5712 participatione.
338 5634 400 5691 ldeo
416 5632 543 5703 discipuli
563 5632 612 5699 tui,
626 5631 672 5702 qui
687 5637 766 5687 erant
779 5626 827 5695 ibi,
842 5625 880 5681 le·
932 5624 1144 5688 confessorum,
1169 5631 1250 5691 atque
1274 5619 1409 5675 honorum
1434 5631 1483 5673 seu
1507 5614 1719 5672 christianorum

95 5739 192 5787 rantes
213 5731 318 5796 oculos,
331 5727 377 5801 qui
392 5736 447 5783 tres
463 5725 490 5781 in
500 5723 631 5795 principio
644 5721 775 5787 siderant,
789 5719 816 5774 iu
831 5717 883 5773 stne
933 5734 1061 5778 verorum
1077 5718 1105 5774 in
1124 5718 1177 5774 boc
1193 5722 1314 5787 tempore
1334 5713 1386 5769 sub
1403 5711 1482 5768 malis
1496 5707 1718 5784 periclitantium.
