3817 6000
162 89 217 150 881
639 86 794 148 cultuum
811 83 1009 145 sublustri
1026 80 1308 143 nutcttttttststtc.
1737 70 1803 130 888

161 203 292 263 tllabrum
315 201 469 274 iudiciario
490 203 632 278 potestatis
661 202 802 274 dissipabo
828 217 888 266 eos,
910 200 991 266 tels
1039 197 1122 255 Vens
1141 197 1186 254 td.
1216 195 1286 251 Filii
1305 188 1388 247 alieni
1412 190 1515 246 mentiti
1539 187 1699 245 cantaridi.
1722 186 1803 244 Filii

160 298 208 369 qui
230 296 297 354 deos
320 295 423 365 ialsos,
448 296 491 354 sel
514 294 662 354 melleum
688 309 785 350 renrm
812 277 884 350 lalse‘
901 307 951 351 co-
1003 291 1064 349 solo
1082 291 1203 358 nomine,
1217 289 1264 346 sed
1278 287 1360 344 alieri
1383 283 1561 358 perversitate
1579 297 1699 348 morum,
1724 282 1802 365 qoi-

160 388 230 444 lunt.
1002 383 1055 440 bus
1082 381 1313 455 degeneraverant
1335 393 1352 435 a
1373 373 1514 434 nobilitate
1548 374 1660 430 Patrum
1688 372 1803 429 :Filii

198 476 233 533 lit
251 475 337 535 intuor
353 476 505 549 pluteorum
517 466 675 532 delebetur.
699 474 767 531 beta
791 475 835 531 via
859 474 952 532 saeculi
1000 474 1222 533 Patriarcbarnm
1242 471 1392 530 secundum
1418 485 1540 538 carnem,
1558 467 1605 525 sed
1620 466 1701 521 otieni
1725 479 1805 535 pro·

160 569 243 625 babet
266 568 363 636 istum,
386 570 557 640 multumque
586 567 734 639 lrrsuriosis
751 574 778 622 et
802 564 951 623 immundis
1000 577 1062 640 pter
1075 568 1137 624 ddel
1152 575 1274 641 paterna:
1291 563 1521 637 abnegationem:
1540 558 1609 614 Filii
1620 557 1711 623 alieni,
1723 555 1800 628 qui-

160 658 239 730 plena
253 668 306 717 est.
322 658 379 716 lior
398 659 485 715 loton:
495 658 639 727 delebitur,
651 659 717 729 quis
736 655 953 713 mundustrans·
1001 659 1054 717 bus
1079 657 1135 714 dixi
1152 676 1185 714 :r
1207 655 1238 712 Si
1255 655 1302 711 dlii
1329 652 1447 709 soranae
1470 651 1548 716 estis,
1566 663 1649 720 opera
1673 646 1804 702 Abrabae

159 750 208 806 ibit
219 757 248 807 et
264 751 486 823 concupiscentia
505 751 576 822 eius.
593 748 649 807 Nec
684 748 838 805 invenietur
847 748 882 805 de
892 749 951 805 luto
1001 751 1093 819 tacite,
1107 768 1118 805 r
1132 748 1180 806 sed
1195 768 1205 802 ι
1221 746 1346 820 quaeritis
1355 759 1400 801 me
1413 742 1578 806 interlicere,
1588 740 1641 795 boc
1649 739 1800 794 Abrabam

159 842 387 913 concupiscentie
400 841 557 909 mundanae,
576 841 619 897 rel
635 840 669 897 ds
688 839 818 896 sordibus
832 854 952 896 coenosae
1001 859 1056 900 non
1071 841 1146 898 lecit.
1167 839 1223 897 llos
1245 855 1279 895 er
1291 846 1370 910 patre
1385 835 1497 893 diabolo
1515 833 1594 897 estis,
1611 841 1638 888 et
1653 830 1800 887 desideria

159 931 351 1000 lmmunditiae,
366 934 394 989 in
408 947 464 1005 qua
478 947 543 990 sues
556 932 681 989 volutant
697 946 737 1000 se,
748 932 792 989 rel
804 931 944 988 modicum
1001 934 1088 1005 patris
1101 932 1186 989 restri
1207 930 1289 987 ruitis
1318 928 1420 985 lacere.
1450 926 1498 983 llle
1529 925 1581 981 luit
1595 925 1730 982 homicida
1756 922 1802 979 ab

159 1023 236 1094 quid,
250 1024 315 1095 quia
332 1024 455 1081 mundus
469 1024 599 1081 transibit
611 1031 696 1092 tutus,
712 1031 739 1079 et
750 1012 950 1095 concupiscen-
1001 1024 1080 1081 initio
1090 1020 1180 1096 (deors.
1199 1037 1260 1089 rut,
1277 1021 1324 1093 59,
1335 1020 1382 1089 ld,
1406 1029 1433 1076 et
1459 1019 1515 1091 ll).
1535 1037 1546 1071 ι
1564 1016 1642 1072 Talia
1671 1015 1801 1072 dicendo

159 1116 198 1171 tia
218 1115 289 1186 ejus,
307 1126 334 1173 et
349 1117 401 1173 erit
417 1127 489 1173 nora
505 1124 589 1185 terra,
611 1125 638 1172 et
660 1129 762 1172 norum
782 1115 896 1183 ceolum,
921 1113 949 1170 ln
1000 1116 1071 1188 filios
1094 1113 1195 1170 aliero:
1212 1113 1365 1187 designari,
1389 1112 1436 1184 qui
1458 1111 1563 1166 merrtiti
1577 1117 1638 1165 :snt
1659 1109 1733 1177 mitri,
1747 1108 1802 1163 di·

158 1206 258 1277 quibus
279 1206 386 1277 justitia
406 1207 522 1277 habitat,
548 1206 673 1278 nihilque
691 1204 725 1263 dc
744 1206 802 1262 luto
826 1205 948 1263 sordium
1000 1214 1115 1264 centes:
1138 1223 1147 1258 ι
1163 1202 1303 1276 Magister,
1321 1202 1435 1270 scimus,
1449 1200 1513 1273 quia
1531 1215 1614 1256 rorat
1627 1214 1667 1265 cs,
1677 1207 1705 1255 et
1713 1200 1801 1254 riam

158 1296 210 1353 erit
225 1297 252 1353 in
268 1313 311 1365 ea,
325 1299 371 1354 sed
393 1297 553 1357 omninode
570 1312 642 1355 nora
670 1307 752 1367 terra,
775 1298 870 1369 inqua
883 1306 950 1356 tunc
999 1297 1048 1353 bei
1072 1298 1100 1354 in
1115 1297 1230 1353 reritate
1248 1296 1331 1352 doces
1345 1293 1455 1369 (lluttln
1484 1309 1552 1358 ιιιι,
1573 1291 1630 1362 lb).
1646 1290 1801 1346 locabant

158 1389 205 1445 liet
218 1389 346 1445 voluntas
360 1387 408 1444 Dei
429 1390 501 1447 sicut
514 1389 544 1446 in
558 1389 639 1459 coelo,
650 1389 762 1446 tolletur
780 1390 868 1446 lutum
888 1406 950 1448 om·
999 1406 1044 1448 me
1058 1390 1232 1461 magistrum,
1250 1388 1332 1459 cujus
1350 1387 1499 1442 noluerunt
1511 1399 1573 1441 esse
1583 1383 1720 1454 discipuli.
1733 1381 1801 1438 lio-

157 1478 233 1536 nium
248 1479 522 1552 immunditiarum(l
540 1479 622 1536 loon.
638 1495 670 1549 ιι,
687 1479 744 1552 ll).
767 1479 801 1535 Et
815 1488 881 1538 tuuc
896 1495 949 1553 eqo
998 1481 1098 1541 cabant
1120 1496 1175 1548 me,
1190 1479 1315 1547 bomine,
1332 1476 1458 1548 bomine,
1474 1485 1502 1533 et
1521 1490 1578 1532 uon
1591 1474 1714 1532 iecerunt
1727 1490 1799 1546 quae

155 1570 238 1643 judex
255 1581 284 1627 ut
294 1571 381 1628 lutum
398 1573 550 1645 pluteorum
560 1571 650 1628 delebo
669 1587 724 1640 eos,
738 1571 785 1643 qui
796 1581 891 1628 amant
903 1573 947 1629 iu·
961 1552 985 1609 B
998 1573 1066 1632 diri.
1086 1570 1167 1629 Unde
1178 1570 1309 1641 respondi
1323 1569 1364 1627 eis
1380 1569 1452 1625 inter
1473 1578 1571 1626 caetera
1592 1587 1599 1624 ι
1621 1565 1797 1634 «Quomodo

157 1673 225 1734 tum,
243 1665 356 1736 quibos.
378 1673 409 1721 ιιι
432 1663 531 1723 Petrus
549 1664 692 1735 apostolus
716 1679 795 1721 meus
808 1664 857 1733 ait,
876 1678 945 1723 cou-
995 1664 1109 1739 potestis
1121 1663 1192 1719 bona
1207 1661 1294 1734 loqui,
1306 1676 1369 1717 cum
1387 1661 1448 1717 sitis
1459 1659 1540 1716 malit
1553 1657 1638 1730 (ibid.
1651 1675 1699 1726 ιιι,
1711 1659 1792 1728 bip·

155 1757 230 1812 scnit
242 1757 308 1813 illud
328 1756 520 1828 proverbium:
538 1775 548 1810 r
560 1755 614 1814 Sus
632 1757 688 1813 lota
703 1755 732 1811 in
745 1755 945 1812 rolutabtolutl
999 1757 1088 1826 «Quid
1100 1766 1192 1812 autem
1214 1754 1319 1811 vocatis
1331 1769 1386 1819 me,
1400 1751 1527 1819 Domine,
1551 1751 1676 1819 bomine,
1690 1759 1719 1807 ct
1731 1766 1795 1807 non

156 1845 202 1918 (ll
213 1845 288 1903 Patr.
311 1863 343 1916 ιι,
359 1847 416 1915 22).
432 1867 443 1901 ι
457 1845 589 1905 Peribunt
618 1847 693 1904 enirn
710 1855 776 1905 tunc
790 1846 868 1918 impii
882 1863 945 1905 curn
995 1848 1096 1916 facitis,
1109 1863 1172 1922 quae
1183 1846 1262 1904 dicol
1276 1865 1286 1899 ι
1304 1844 1382 1918 (Lae.
1396 1861 1434 1902 ιι.
1448 1843 1507 1917 ld.)
1536 1843 1635 1899 Parum
1654 1853 1696 1900 est
1713 1845 1793 1914 qnod

156 1937 213 2009 ipsa
231 1938 370 2010 impietate
384 1953 432 2010 per
447 1954 559 2010 scopam
574 1937 672 2010 judicii
690 1938 804 2008 detersi,
825 1940 945 1996 maxime
995 1941 1078 1999 dico:
1106 1939 1210 1997 lienttti
1223 1949 1285 1994 sunt
1310 1938 1385 1994 miri.
1402 1934 1462 1994 lmo
1484 1936 1662 2007 persistentes
1675 1935 1702 1991 in
1721 1936 1792 1993 odio

154 2026 286 2096 aplsteis
306 2026 468 2096 Jerusalem,
487 2045 549 2101 que:
572 2037 730 2087 sternentur
742 2045 811 2086 auro
829 2030 944 2098 mundo,
994 2032 1159 2090 reritatlset
1179 2044 1274 2086 amore
1294 2026 1443 2097 mendacii,
1460 2025 1634 2083 mendacium
1659 2040 1714 2082 non
1737 2041 1789 2083 so·

154 2134 205 2174 nec
219 2118 246 2174 in
259 2120 361 2176 eisdem
378 2121 474 2193 plateis
489 2121 618 2179 audietur
630 2122 744 2179 ulterius
758 2121 821 2179 talis
835 2130 945 2180 contra·
995 2125 1052 2181 lom
1074 2126 1276 2192 conduxerunt,
1296 2121 1345 2180 sed
1361 2130 1389 2178 ct
1406 2120 1492 2177 multa
1508 2120 1624 2192 pecnnia
1643 2128 1789 2187 emerunt,

155 2208 241 2266 dictio
256 2211 345 2282 qualis
359 2212 453 2269 audita
476 2221 519 2270 est
542 2214 571 2270 in
590 2224 697 2271 terrena
712 2213 862 2272 Jerusalem
878 2214 945 2272 ciri·
994 2214 1139 2286 loqueutes
1151 2212 1305 2272 militibus:
1322 2228 1332 2264 r
1347 2209 1434 2268 Dicite
1446 2208 1512 2282 quia
1524 2210 1652 2281 discipuli
1666 2209 1728 2282 eius
1739 2210 1791 2266 iu·

154 2300 274 2373 busejus
287 2303 354 2359 mibi
364 2304 613 2363 contradicentibus
634 2313 663 2362 et
674 2306 846 2365 dicentibus:
860 2326 870 2361 r
883 2303 945 2363 llou
994 2310 1048 2366 rati
1061 2317 1126 2366 sunt
1146 2322 1210 2364 eum
1231 2306 1318 2364 nobis·
1333 2306 1534 2364 dormientibus
1549 2304 1660 2378 (battle
1686 2320 1789 2372 ιιιιιι,

154 2391 287 2451 habemns
299 2409 389 2467 rsqsm
403 2395 457 2451 nisi
471 2394 608 2453 Cererem
622 2394 713 2468 (icon.
729 2413 790 2467 ιιι,
802 2398 860 2471 ld).
876 2416 886 2453 ι
900 2396 942 2453 'lu
995 2400 1052 2473 td).
1064 2419 1075 2455 ι
1087 2398 1117 2456 ln
1133 2397 1372 2457 confirmationem
1394 2397 1478 2468 nujus
1491 2395 1626 2453 mendacii
1647 2395 1789 2467 persecuti

153 2483 423 2553 0¹¹5¹¹¹P³lerm0⁰82
439 2486 554 2544 erbeus
569 2504 657 2546 meus.
993 2502 1059 2551 sunt
1075 2491 1215 2564 apostolos
1238 2504 1327 2556 meos.
1353 2504 1435 2546 veros
1463 2496 1547 2545 testes
1568 2503 1638 2544 mea:
1658 2501 1787 2544 resume·

188 2573 272 2633 tens.
290 2579 335 2633 ll.
352 2576 458 2649 Eripis:
471 2594 513 2634 ms
527 2579 560 2636 dc
580 2580 834 2639 contradictionibus
851 2581 945 2654 popuii
994 2584 1104 2653 otieris,
1125 2591 1154 2640 et
1164 2583 1304 2655 ejecerunt
1315 2596 1365 2639 eos
1384 2579 1418 2638 dc
1432 2580 1534 2636 llnibus
1545 2579 1615 2637 suis.
1638 2578 1678 2636 lta
1698 2578 1789 2650 pcrti-

154 2667 222 2724 milri
238 2669 460 2741 contradicentis,
473 2680 501 2728 et
517 2670 671 2731 Barsme
700 2674 835 2732 latronem
847 2684 945 2748 poten·
993 2676 1097 2732 oasim:
1117 2674 1309 2743 mentitiarrnt,
1325 2672 1449 2746 quicum
1469 2681 1547 2744 patre
1567 2686 1619 2729 suo
1632 2670 1742 2728 diabolo
1754 2670 1786 2726 iu

154 2759 199 2816 tis.
223 2758 259 2814 lit
277 2765 421 2818 constitues
437 2779 477 2818 me
492 2764 520 2819 in
537 2774 617 2836 caput
635 2766 764 2837 pontium,
787 2775 817 2823 ut
829 2765 883 2823 sim
896 2783 943 2822 eo·
992 2770 1106 2826 veritate
1121 2783 1176 2823 nou
1190 2775 1291 2835 stante,
1305 2774 1334 2822 et
1363 2766 1415 2837 ipsi
1438 2764 1466 2821 in
1481 2765 1597 2821 ueritate
1620 2778 1678 2820 uon
1701 2773 1788 2820 stete-

153 2861 199 2920 (ιιι
219 2853 346 2922 mnrium,
372 2854 554 2926 serpentium
574 2865 602 2914 et
635 2858 810 2914 desideratus
833 2873 941 2925 earum,
955 2894 978 2952 C
993 2868 1068 2927 runt¹
1083 2859 1131 2931 qui
1154 2874 1218 2914 cum
1235 2858 1283 2914 illu
1305 2856 1444 2915 homicida
1458 2865 1486 2913 et
1510 2856 1563 2930 ipsi
1590 2855 1735 2913 bonticidsc
1754 2857 1787 2912 in

153 2940 222 3011 lapis
236 2942 375 3015 angularis
401 2945 429 3001 in
451 2954 533 3017 caput
555 2935 648 3020 anguli
670 2949 788 3020 positus.
802 2948 945 3020 copulator
994 2967 1054 3009 mea
1072 2959 1159 3012 morte
1182 2950 1343 3017 lancisam,
1368 2957 1399 3007 ut
1426 2949 1453 3005 io
1477 2948 1632 3017 mendacio,
1652 2946 1726 3020 quod
1748 2961 1787 3002 ex

153 3032 429 3105 duorumparietum‚
441 3037 524 3094 idest
536 3038 658 3096 lldelium
670 3038 827 3097 ludaeorum
843 3049 944 3112 ergen-
993 3051 1070 3115 patre
1098 3042 1207 3105 diabqu
1232 3052 1436 3113 conceperunt,
1463 3040 1576 3097 mallent
1597 3053 1785 3111 persererare‚

154 3121 223 3177 tium
241 3124 421 3193 credentium,
438 3127 653 3202 velanqelorum
669 3138 829 3186 sanctorum
845 3142 872 3187 ct
891 3132 942 3186 bo·
993 3150 1077 3206 qnanr
1100 3134 1291 3193 udrcritatem
1317 3149 1365 3204 per
1390 3133 1530 3205 apostolos
1548 3148 1625 3189 meus
1639 3140 1779 3188 contesta-

152 3212 257 3269 tuiuum
269 3213 418 3287 iustorum.
434 3218 484 3287 lta,
497 3218 590 3288 Pater,
608 3221 751 3275 constitues
767 3237 808 3275 me
822 3222 850 3275 in
864 3229 944 3291 ceput
993 3235 1049 3283 min
1065 3227 1153 3283 redire
1168 3242 1216 3297 per
1230 3225 1436 3298 poenitentiam.
1467 3225 1540 3291 iden,
1565 3225 1628 3281 dico
1648 3223 1722 3297 qnod
1744 3224 1787 3279 illi

152 3306 280 3376 pontium,
301 3306 371 3363 sicut
386 3310 551 3380 oqoreritas
567 3311 687 3381 praedico
706 3310 840 3368 loturum.
855 3314 944 3384 Atque
995 3319 1048 3391 filii
1072 3318 1155 3373 clienti
1170 3334 1225 3373 non
1238 3318 1328 3375 solum
1351 3326 1413 3372 ιιιιι
1438 3318 1552 3385 mentiti,
1567 3316 1614 3373 sed
1626 3317 1653 3371 in
1672 3316 1788 3373 menda-

152 3406 265 3468 propter
283 3400 491 3458 indubitabilem
520 3403 711 3460 certitudinem
729 3405 843 3465 enuntio
864 3405 943 3482 quasi
994 3411 1037 3468 cio
1049 3425 1099 3466 suo
1111 3409 1194 3466 etiam
1213 3408 1353 3471 irrsrterati
1367 3416 1441 3464 sunt.

152 3488 330 3557 praetrritum.
348 3488 414 3547 bico
427 3492 586 3564 cnimquod
1028 3501 1125 3558 Petrus
1142 3501 1284 3573 spostolus
1310 3516 1400 3570 meus,
1419 3510 1447 3557 ct
1468 3499 1528 3571 ipsc
1556 3499 1590 3557 nd
1608 3500 1705 3556 boram
1732 3498 1788 3556 luit

190 3578 271 3636 tens.
291 3581 337 3638 ⁸5·
360 3580 496 3653 Poputm,
520 3603 603 3663 qoem,
616 3603 668 3644 noo
691 3589 815 3660 corconi.
839 3589 944 3644 sereret:
993 3594 1124 3652 arenosus
1136 3593 1260 3666 negando
1280 3608 1310 3650 se
1326 3607 1409 3649 nesse
1433 3607 1488 3661 ne,
1512 3591 1560 3649 sed
1585 3592 1613 3647 tn
1639 3591 1787 3648 mendacio

151 3669 227 3725 nribt.
246 3670 276 3726 ld
297 3681 350 3741 esi,
370 3670 473 3747 absque
496 3676 582 3733 dubio
609 3678 710 3735 serviet
734 3679 803 3735 milti
826 3680 944 3752 populus
994 3704 1046 3747 suo
1066 3703 1121 3744 non
1149 3695 1193 3744 est
1216 3689 1400 3756 inveteratus,
1430 3688 1496 3759 quib
1525 3696 1588 3760 post
1612 3688 1785 3761 negationem

151 3761 272 3829 qenntis,
294 3779 371 3833 ‘item
383 3780 434 3820 '1⁰⁸
449 3768 566 3839 willolf,
589 3784 671 3839 quem
686 3785 741 3826 ¹¹⁰ss
754 3769 866 3828 vililati
881 3786 943 3827 001·-
993 3782 1094 3839 trinam
1108 3788 1223 3837 canente
1241 3779 1325 3850 qnllo,
1339 3780 1424 3837 exirit
1437 3780 1520 3848 loras¹
1537 3789 1564 3837 et
1577 3799 1587 3835 ι
1602 3780 1677 3836 derit
1689 3796 1786 3837 amare

151 3850 238 3919 poroli
252 3854 406 3923 prasentia,
420 3855 525 3929 dequo
541 3857 599 3914 diti
613 3859 757 3931 discipulis
769 3861 839 3919 meis
855 3880 862 3916 ε
881 3880 892 3913 ι
915 3862 943 3918 in
994 3872 1103 3944 (ιιαηι,
1129 3887 1204 3941 χχιι,
1221 3871 1299 3943 75),
1319 3881 1401 3943 arque
1412 3872 1587 3943 postmodum
1608 3873 1702 3928 prmus
1715 3888 1781 3943 per.

151 3940 223 3995 '⁵³¹¹'
244 3944 364 4015 defluum
383 3961 418 4002 ¹¹0
445 3948 568 4005 θῦῑθῑῑῑῑθ
589 3948 701 4021 (Mami-
722 3967 752 4020 ¹,
775 3951 843 4021 5)ι)
861 3966 944 4023 quem
994 3961 1096 4018 mansit
1108 3962 1136 4017 in
1156 3960 1279 4018 ueritatis
1301 3962 1556 4027 contestationem
1576 3977 1708 4032 quacum
1735 3977 1784 4019 se·

151 4047 240 4103 neque
252 4047 300 4103 per
314 4035 401 4105 legem
418 4038 561 4109 scribtam.
579 4055 668 4111 neuile
688 4055 737 4112 tier
748 4042 943 4113 prophetatum
993 4051 1110 4116 nuisset,
1130 4049 1202 4107 alius
1215 4066 1279 4107 eum
1292 4051 1388 4120 cinxit,
1402 4062 1430 4107 et
1444 4067 1495 4122 pro
1504 4051 1619 4108 veritate
1633 4050 1784 4115 crusillxus

151 4125 262 4181 omenta
277 4126 398 4194 ristun,
418 4129 462 4188 cui
478 4145 530 4202 eso
546 4146 600 4186 noo
618 4146 680 4188 som
697 4131 810 4198 missus,
824 4133 872 4204 qur
885 4149 940 4190 non
995 4143 1069 4216 (ess).
1100 4141 1203 4199 bevera
1225 4153 1352 4200 sonoros
1375 4143 1539 4200 reuersurus
1564 4152 1625 4200 erar
1639 4142 1712 4201 Petit
1733 4143 1783 4214 qut

150 4230 212 4271 ⁸⁰⁰¹
230 4217 333 4275 mimis
361 4219 415 4275 ”5⁵¹
432 4239 441 4272 r
460 4220 495 4277 til
509 4235 584 4288 θιθδι
606 4237 668 4293 quae
682 4223 823 4293 perierunt
842 4223 941 4282 domus
955 4237 979 4293 li
993 4232 1085 4289 senuit
1098 4232 1126 4288 in
1153 4232 1278 4289 veritate.
1301 4231 1353 4287 Sed
1377 4231 1428 4302 filit
1458 4232 1540 4288 alieni
1558 4233 1674 4301 mentiti,
1697 4240 1725 4288 et
1751 4232 1782 4288 in

151 4309 233 4366 lsrael
244 4311 352 4382 (llottlr.
374 4329 419 4382 ιι,
430 4313 512 4385 blla
537 4313 584 4371 lile
607 4315 720 4386 populus
737 4316 841 4373 servivit
861 4317 938 4376 mibi.
992 4323 1135 4380 mendacio
1149 4322 1286 4377 inveterati
1298 4322 1411 4379 omnino
1441 4323 1593 4380 detestandi
1607 4331 1682 4388 suut,
1696 4332 1724 4378 et
1735 4321 1784 4393 jun

151 4395 245 4454 Oculis
261 4415 305 4454 me
327 4415 382 4456 non
400 4402 546 4469 ridit‚.sed
568 4419 617 4474 per
636 4403 788 4475 discipulos
815 4421 890 4463 meos
908 4408 941 4463 dc
991 4412 1151 4484 stojodicio
1166 4426 1215 4482 per
1238 4426 1282 4467 mc
1310 4406 1553 4484 atquc'apostolns
1566 4428 1643 4469 moos
1658 4411 1782 4475 derelicti

151 4506 196 4546 mc
224 4492 338 4561 audiuit,
363 4502 391 4549 ct
411 4494 438 4550 in
453 4495 546 4551 audito
570 4498 644 4552 auris
660 4497 773 4553 obedivit
786 4498 861 4555 milri.
881 4498 941 4555 uisi
991 4512 1065 4572 suot,
1078 4502 1165 4559 Paulo
1178 4502 1303 4572 apostolo
1316 4518 1377 4558 meo
1401 4502 1428 4558 in
1439 4518 1496 4574 quo
1509 4518 1560 4577 ego
1581 4504 1723 4576 loquebar,
1738 4503 1784 4560 dl·

151 4584 224 4640 enim
238 4585 382 4658 discipulis
400 4597 462 4659 post
492 4589 886 4649 resurrectioncmzrlluutes
912 4592 939 4646 in
991 4605 1092 4653 cente:
1112 4614 1122 4648 ι
1140 4593 1225 4650 Vobis
1251 4595 1396 4665 oportebat
1412 4596 1533 4666 primurn
1557 4597 1633 4671 loqui
1663 4595 1782 4656 terbum

150 4677 284 4732 mundum
312 4679 470 4736 universum
494 4681 641 4751 praedicate
662 4680 839 4754 Eraoqeiium
865 4682 939 4738 omui
991 4687 1049 4743 bet.
1078 4686 1142 4752 Sed,
1156 4686 1287 4757 quoniam
1301 4686 1440 4757 repulistis
1456 4687 1534 4755 illud,
1546 4697 1574 4745 ct
1589 4688 1717 4759 indignos
1729 4704 1786 4747 tua

151 4778 285 4825 creatum:
306 4768 415 4841 (lintris.
447 4787 504 4837 ιιι,
529 4773 622 4841 lbi.»
657 4770 715 4830 lloc
734 4783 797 4829 ante
824 4782 939 4831 mortem
988 4776 1212 4847 iudicastisritae
1224 4785 1352 4832 aeternae:
1374 4791 1439 4833 ecoe
1458 4777 1646 4833 consentimus
1664 4777 1698 4833 nd
1717 4792 1783 4849 qen·

150 4872 239 4913 mcum
270 4876 323 4915 non
350 4862 485 4929 concessi,
514 4863 624 4933 quando
647 4863 689 4921 eis
708 4863 852 4921 dixeram:
875 4884 885 4917 ι
910 4864 939 4922 ln
991 4876 1031 4924 tes
1047 4868 1118 4939 (Αιι.
1140 4882 1200 4935 ιιιι,
1217 4867 1273 4939 ld).
1292 4886 1302 4918 ι
1319 4865 1377 4923 lloc
1391 4866 1444 4923 luit
1461 4868 1567 4939 justum
1585 4868 1732 4939 judicium,
1751 4877 1782 4926 ut

151 4950 221 5005 riam
237 4952 357 5023 pontium
372 4969 406 5009 nc
419 4954 541 5011 abieritis
557 4954 657 5026 (ibid).
671 4974 681 5008 ι
694 4955 939 5028 Oportuerntenim
991 4958 1030 5014 illi
1043 4957 1197 5015 desertores
1211 4957 1334 5014 veritatis
1354 4959 1555 5026 desererentur,
1581 4970 1609 5014 et
1623 4959 1706 5015 rerba
1718 4974 1781 5019 mco

149 5038 262 5108 iudeis,
278 5043 379 5111 quibus
399 5059 475 5101 eram
495 5045 649 5115 promissus
666 5055 700 5125 ιιδ
718 5049 831 5115 missus,
851 5049 940 5119 primo
991 5050 1169 5121 implerentur
1182 5048 1298 5105 dicentis
1313 5067 1320 5103 ε
1337 5065 1346 5100 (
1363 5046 1433 5105 Ecce
1447 5050 1615 5120 relinquetur
1627 5049 1706 5105 robis
1727 5050 1780 5107 do·

150 5134 306 5190 annuntiari
320 5137 434 5191 verbum
450 5137 547 5193 salutis
567 5147 679 5208 propter
689 5139 831 5197 veritatem
846 5139 893 5195 bei
905 5140 938 5203 nd
990 5158 1053 5199 mus
1069 5150 1158 5199 restra
1169 5141 1275 5196 deserte
1291 5139 1400 5212 (llottb.
1415 5158 1494 5209 xrnr,
1507 5142 1563 5213 ts).
1574 5162 1584 5195 ι
1596 5140 1691 5213 Neque
1705 5143 1780 5205 enim

151 5223 354 5282 confirmandas
366 5226 562 5296 promissiones
575 5225 698 5298 Petrum,
713 5238 741 5286 et
755 5230 938 5305 propterhcol·¹
991 5233 1106 5304 apostoli
1128 5232 1233 5304 priores
1258 5232 1438 5287 deseruerunt
1453 5218 1528 5289 ¹suus
1555 5233 1781 5301 contribulemur

150 5313 297 5370 lectionem
318 5326 346 5371 et
364 5316 570 5374 conversionem
590 5300 764 5391 eoruqutp'
789 5329 868 5381 eraut
890 5320 939 5379 biii
990 5340 1108 5397 quorum
1129 5324 1304 5396 perversione
1329 5325 1446 5381 multum
1473 5326 1630 5397 doluerunt,
1655 5327 1704 5383 sed
1725 5328 1781 5398 ipsi

149 5402 262 5460 Parrum
285 5418 313 5464 et
333 5407 566 5469 Patriarcbarum.
592 5408 645 5470 Sed
667 5413 711 5471 bis
734 5406 838 5484 clectis,
854 5423 882 5475 et
903 5414 940 5475 ad
990 5415 1131 5486 apostolos
1149 5412 1323 5485 piojeceruot
1338 5425 1365 5472 ct
1378 5416 1451 5473 tiam
1472 5418 1606 5487 veritatis,
1636 5428 1779 5491 atqoese·

149 5506 195 5550 me
209 5495 344 5567 collectis.
758 5580 768 5601 ι
803 5578 808 5589 ⁴
990 5507 1085 5570 mitam
1105 5504 1286 5577 rectitudinis,
1297 5524 1380 5581 quam
1393 5510 1526 5568 docebant
1545 5512 1673 5583 apostoli,
1686 5520 1780 5569 terrers

625 5635 637 5645 ⁸·
675 5632 750 5647 ανδ-*ι
