3817 6000
95 102 173 161 trus
411 99 688 158 conummmun
708 100 741 156 m
758 100 927 160 essenos.
944 133 977 144 -
997 102 1087 160 elns
1112 103 1144 159 n.
1164 136 1199 146 -
1216 103 1314 163 essu.
1335 101 1432 164 xxv(
1657 116 1727 175 ern
1764 107 1767 120 ·

95 232 125 277 et
148 237 207 275 ιιιιιι
224 220 314 288 iniqrm
334 219 484 289 germitibus
499 235 552 273 non
566 216 692 274 introibo.
717 215 795 273 Nunc
807 218 890 275 latius
905 225 928 283 Α
942 229 968 274 ιι
981 219 1055 275 solus
1073 237 1131 275 ntea
1142 220 1231 294 (Psoi,
1248 238 1324 287 χιιι,
1339 225 1378 294 l).
1399 223 1457 282 llos
1470 242 1546 298 ergo,
1561 244 1592 285 ιιι
1606 244 1640 287 ιι
1653 232 1725 291 lum

95 310 293 384 prosequenda
307 317 373 364 snm
383 308 465 364 rerba
479 308 586 378 pssimi.
939 311 1040 370 doccia
1053 313 1228 370 conscientiae
1237 314 1364 381 audeam,
1377 324 1418 383 tn,
1430 315 1555 387 Domine,
1562 318 1661 390 judico
1674 339 1726 392 ute,

118 403 119 406 ’
135 403 236 459 lodice
247 417 300 467 nee,
315 400 436 457 Domine.
451 401 520 457 Cum
531 399 668 456 interdum
687 408 805 472 ponmur
813 402 890 472 juti·
939 404 1065 462 discerne
1080 420 1135 474 me,
1151 404 1195 463 lac
1208 415 1240 463 ιιι
1259 407 1296 462 ιιι
1306 407 1459 464 differentis
1477 410 1600 480 evidens,
1611 422 1685 470 oerta
1699 426 1728 472 et

97 497 173 552 ιιιιιι
186 511 236 567 pro
249 496 433 558 donnotione,
447 502 478 550 ut
494 493 532 550 ibi
546 510 554 548 t
569 492 622 558 Qui
635 509 688 548 non
709 493 815 561 eredit,
830 493 890 565 jon
940 505 1034 569 aperta
1054 496 1082 553 in
1104 512 1165 554 mea
1186 507 1214 555 et
1231 498 1367 555 malorum
1381 501 1601 570 conuersatione,
1624 506 1727 576 quibus

89 591 237 662 judicosus
252 599 292 645 ιιι
306 587 396 662 (loon.
411 603 453 654 m,
473 586 538 659 tib:
558 585 697 643 Interdum
713 601 763 657 pro
782 587 889 644 discre-
939 588 992 645 etsi
1005 604 1063 646 non
1075 603 1188 647 renuam
1201 591 1228 646 in
1239 605 1303 648 area
1315 606 1370 648 uua
1382 593 1513 668 coniungi
1526 609 1576 666 per
1591 611 1726 669 corpora·

96 679 487 746 tione‚otlllic:1udieoure
505 678 588 746 Deus,
601 687 627 733 et
646 679 766 733 ιιιιιιιιι
780 694 889 734 causum
940 681 994 737 lem
1007 684 1228 740 communionem
1248 692 1276 741 ut
1292 684 1408 743 localem
1426 686 1565 744 interdum
1585 704 1728 746 comman-

97 790 187 830 meusn
202 774 234 829 ιιι
244 782 319 846 pente
331 789 384 828 non
393 782 487 828 saneto
501 770 590 843 (Psoi.
605 787 673 839 xurr,
691 770 729 841 l).
745 768 804 827 Non
823 785 890 841 rogo
941 777 1059 845 sionem,
1082 786 1173 834 tamen
1187 777 1314 835 desidero
1326 778 1496 835 differentem
1509 780 1544 836 ab
1554 781 1595 837 eis
1608 797 1727 840 eonver-

94 867 234 942 judicium
256 864 463 931 damnationis,
487 864 534 921 sed
553 862 688 935 iudicium
703 862 887 919 discretionis.
941 872 1086 939 sationem,
1102 881 1130 928 et
1144 874 1362 931 conuersationis
1374 875 1565 943 intentionem,
1585 893 1727 950 perquam

94 960 260 1018 Nunceoim
272 961 371 1018 sumiti
383 975 481 1032 masna
495 958 669 1023 consu-‘riwes
683 957 711 1013 111
726 973 824 1029 masna
837 955 889 1013 Ba·
940 963 1077 1022 discretos
1092 965 1127 1021 ab
1142 966 1183 1023 eis
1204 967 1345 1036 inveniar,
1360 976 1388 1023 et
1403 983 1478 1025 nunc
1489 971 1641 1026 menendum
1653 970 1728 1042 judi·

95 1057 223 1129 bylonin,
237 1056 264 1111 in
281 1070 379 1127 magna
393 1054 598 1126 perturbatione
613 1052 708 1111 videus
721 1054 808 1109 bonos
825 1067 888 1108 cum
939 1058 982 1114 cia
996 1058 1168 1115 diuersorum
1183 1060 1357 1123 meritorum.
1382 1062 1447 1117 etin
1461 1060 1555 1117 lutuno
1575 1063 1727 1120 secundum

94 1148 192 1216 ruralis,
207 1162 290 1220 grana
302 1161 365 1203 cum
378 1146 473 1218 paleis,
483 1145 587 1202 zizania
603 1147 631 1201 in
644 1146 734 1201 medio
746 1144 839 1212 tritici,
851 1145 888 1201 ita
936 1150 1042 1221 iudicia
1053 1151 1225 1208 diversorum
1237 1153 1425 1223 praemiorum.
1442 1151 1588 1226 Propterea
1600 1157 1690 1212 clamo
1701 1165 1729 1212 ct

96 1241 188 1296 [livit
202 1239 294 1310 aliqua
307 1237 436 1294 discretio
457 1237 529 1293 illie?
551 1237 602 1293 bas
616 1236 788 1293 divei‘sliaies
803 1236 890 1307 Ρθὸιὶῑ
940 1244 1003 1301 dico
1017 1264 1023 1300 ς
1036 1243 1135 1299 ludica
1150 1262 1201 1313 mg,
1218 1243 1339 1313 det'lie,
1359 1255 1524 1316 provocastis
1547 1248 1599 1303 qgsi
1622 1262 1677 1303 non
1692 1263 1726 1304 ex

94 1331 203 1399 notau',
219 1346 282 1387 cum
299 1330 336 1387 sit
354 1346 454 1401 magua
466 1329 618 1387 differentia
632 1329 705 1385 inter
718 1329 788 1386 duos
799 1328 889 1385 domi·
939 1333 1038 1389 merito
1052 1334 1199 1416 ⁴ltonorum
1223 1348 1338 1403 opernm
1352 1347 1489 1402 meorum,
1505 1344 1598 1391 tamen
1618 1351 1651 1392 ex
1669 1351 1728 1393 me·

95 1440 164 1487 nos,
175 1424 277 1496 quibus
289 1423 398 1479 duobus
408 1438 490 1478 nemo
507 1433 596 1494 potest
608 1422 710 1493 pariter
719 1421 832 1489 servire,
846 1422 889 1478 in·
938 1427 993 1481 rito
1006 1424 1078 1494 lidei,
1093 1441 1230 1497 perquam
1241 1425 1275 1482 de
1287 1436 1403 1483 nocente
1415 1427 1643 1487 innoeeuslnetus
1653 1445 1726 1486 sum.

95 1526 197 1587 terque
220 1515 317 1571 ultima
336 1529 433 1571 eorum
446 1513 570 1585 praemla.
594 1511 630 1570 Ut
645 1526 712 1586 crgo
731 1513 803 1570 sicut
819 1514 889 1570 inter
976 1516 1108 1584 bonitium
1130 1533 1177 1589 epo
1199 1519 1229 1572 in
1250 1519 1402 1575 innocentio
1418 1537 1477 1576 meo
1500 1521 1634 1592 inpressos
1654 1539 1726 1580 ιιιιιι.

96 1611 177 1681 ipsos
190 1609 261 1665 <¹⁰⁰⁸
275 1608 414 1673 dominos,
426 1617 454 1663 0²
467 1622 563 1663 e⁰i¹¹l¹i
576 1616 697 1663 6111161113
710 1606 833 1677 liraemib
846 1606 888 1662 ⁸50
901 1576 925 1633 B
938 1612 996 1670 Etsi
1017 1626 1120 1669 nocens
1133 1611 1168 1668 de
1187 1620 1264 1668 utero
1287 1613 1384 1669 matris
1399 1629 1527 1685 egressus
1541 1630 1603 1670 snm
1617 1625 1728 1688 propter

94 1703 183 1758 etiam
202 1701 274 1756 iuter
289 1714 384 1756 eorum
396 1699 521 1755 diversos
536 1699 678 1756 ministros
690 1697 834 1755 manifesta
851 1699 887 1755 sit
937 1711 1081 1775 ριιιιιιιιιι
1095 1700 1171 1768 Adue,
1187 1702 1285 1772 inquo
1304 1718 1401 1759 omnes
1415 1712 1606 1775 peccauerunt,
1624 1705 1651 1760 in
1671 1721 1728 1777 quo

94 1794 263 1860 differentia,
277 1803 307 1848 tu
322 1792 429 1861 molior,
441 1792 568 1861 Domine,
585 1792 630 1850 cui
648 1807 699 1865 ego
713 1792 781 1864 elegi
793 1792 887 1848 adbe-
936 1803 966 1852 et
981 1809 1032 1866 ego
1042 1794 1167 1865 peccavi;
1184 1794 1247 1861 etsi,
1262 1794 1385 1866 inquom,
1399 1810 1501 1854 nocens
1515 1811 1577 1852 snm
1599 1813 1727 1869 egressus

95 1901 171 1955 rere,
182 1886 341 1957 judicante,
362 1884 389 1940 id
413 1892 455 1940 est
472 1884 597 1941 discerne
608 1898 652 1939 me
669 1899 685 1938 a
700 1882 832 1939 ministris
845 1882 888 1938 ol·
937 1888 972 1944 de
994 1896 1073 1943 utero
1086 1866 1194 1953 matris,
1209 1886 1245 1943 de
1262 1887 1342 1942 volvo
1364 1887 1459 1957 gratioe
1482 1887 1669 1958 paradisiace,
1685 1899 1727 1946 ta-

95 1977 186 2034 terius
207 1975 323 2043 domini,
340 1985 371 2031 ut
385 1992 440 2031 non
454 1974 541 2031 simus
556 1975 584 2029 iu
600 1989 654 2030 una
665 1989 756 2030 massa
766 1973 886 2042 contusi,
937 1994 1001 2036 men
1014 1978 1042 2034 in
1054 1978 1204 2034 innocentio
1214 1995 1272 2034 osec
1284 1979 1418 2049 inpressae
1432 1995 1490 2033 snm
1503 1980 1530 2034 iu
1542 1989 1650 2036 uterum
1665 1997 1727 2054 gra·

95 2070 196 2127 licetin
208 2083 348 2125 unumvas
358 2067 478 2138 arrrplum
488 2067 581 2122 mundi
594 2067 672 2123 istius
682 2064 776 2123 infusi.
794 2066 886 2121 oleum
937 2070 983 2126 tiu
999 2084 1048 2140 per
1059 2068 1236 2139 baptismum,
1251 2068 1279 2123 ιιι
1296 2083 1353 2140 quo
1367 2083 1426 2136 eos,
1441 2083 1513 2140 quos
1529 2079 1577 2126 aot
1593 2086 1676 2127 sexus
1698 2071 1726 2127 in

94 2165 211 2235 effusum
226 2180 320 2218 nomen
331 2173 405 2218 tuum
419 2162 510 2234 (Cant.
526 2162 601 2234 nbi:
622 2163 686 2234 quia
697 2162 757 2227 tibi,
773 2162 888 2220 Domine
936 2177 1063 2234 corpore,
1084 2170 1133 2220 aut
1146 2172 1212 2219 atas
1229 2161 1360 2218 disceruit
1383 2162 1411 2217 in
1431 2171 1564 2233 tempore,
1581 2179 1676 2221 omnes
1698 2165 1726 2219 in

95 2257 162 2313 iesu
175 2256 295 2317 Christe.
309 2255 402 2311 datum
413 2265 455 2310 est
466 2271 567 2311 nomen
577 2256 650 2325 quod
661 2264 704 2310 est
714 2269 797 2325 super
806 2269 887 2311 ornne
937 2268 1021 2309 unam
1044 2253 1115 2323 parit
1140 2253 1228 2322 gratio
1247 2263 1335 2310 mater
1355 2252 1509 2319 insontium,
1527 2255 1563 2310 ita
1585 2266 1614 2312 ut
1631 2272 1726 2313 omnes

97 2364 211 2404 nisinen.
228 2345 306 2404 Sicut
319 2348 409 2402 oleum
424 2357 536 2418 superat
554 2362 664 2404 omnem
678 2348 825 2420 liquorem,
838 2363 888 2402 cn¹
938 2347 991 2402 boc
1010 2346 1119 2402 lavacro
1141 2345 1259 2402 absoluti
1275 2346 1303 2401 in
1328 2362 1425 2402 novem
1448 2346 1631 2403 innocentiam
1647 2363 1726 2405 rena-

94 2442 143 2512 jus
162 2441 268 2498 etiamsi
283 2456 337 2496 una
353 2449 428 2512 gotta
443 2449 517 2496 esset
535 2441 562 2496 in
584 2440 669 2497 londo
684 2441 790 2508 maris,
805 2448 886 2495 uatu-
937 2452 1061 2507 scurrtor,
1073 2449 1101 2496 ct
1117 2439 1164 2510 qui
1180 2440 1253 2497 lilius
1272 2441 1377 2510 peceati
1401 2448 1445 2497 est
1464 2440 1623 2509 immersus,
1636 2441 1727 2511 proles

98 2534 151 2590 mli
168 2542 245 2589 motu
259 2534 293 2588 ad
313 2531 486 2602 superficiem
504 2541 669 2605 emergeret,
694 2541 722 2589 et
743 2534 794 2588 toti
817 2529 886 2587 mari
936 2532 1058 2589 coelestis
1080 2543 1213 2602 emergat.
1236 2530 1283 2588 Sic
1305 2547 1356 2604 ego
1376 2532 1410 2588 ud
1432 2533 1598 2604 baptismum
1622 2534 1726 2605 inpres-

98 2635 299 2699 supernataret.
310 2624 396 2682 llulto
407 2627 495 2697 magis
508 2628 536 2681 in
552 2642 636 2696 parto
651 2626 786 2683 vassallis
798 2626 887 2697 liquo-
936 2642 982 2683 sus
1006 2641 1066 2680 sunt
1087 2626 1116 2678 in
1137 2625 1386 2690 innocentiorem,
1413 2640 1572 2696 nonquam
1599 2626 1663 2681 illuc
1684 2633 1727 2681 at·

89 2707 177 2775 'ribus
191 2719 370 2776 commixtum
388 2717 479 2774 oleum
505 2734 614 2790 semper
634 2727 707 2776 tenet
727 2734 885 2785 summum,
938 2718 1058 2785 tulerim,
1070 2719 1118 2776 sed
1133 2735 1216 2790 quum
1237 2718 1293 2774 illic
1314 2717 1475 2789 occeperim.
1489 2717 1559 2785 Quid
1578 2717 1653 2773 enim
1678 2718 1727 2773 ba·-

99 2826 189 2883 ncquc
207 2826 270 2867 cnm
287 2811 329 2867 eis
345 2809 467 2867 inlusum
479 2810 621 2881 patiturse
641 2811 742 2881 pariter
755 2826 818 2867 eum
833 2811 887 2868 illis
937 2811 990 2867 beo
1009 2812 1084 2879 boni,
1101 2811 1174 2881 qnod
1201 2824 1255 2865 non
1278 2810 1431 2881 acceperim
1454 2828 1461 2865 :
1485 2808 1514 2864 Si
1533 2818 1624 2865 autent
1648 2824 1726 2865 acce-

97 2915 161 2957 esse
174 2899 321 2957 coniusum
336 2918 342 2955 :
359 2900 410 2966 sic,
434 2916 451 2954 o
477 2900 602 2967 Domine,
617 2902 663 2958 cui
678 2901 816 2958 edoobus
837 2902 886 2958 do·
900 2924 923 2985 c
938 2903 977 2974 pi,
1001 2904 1066 2959 nolo
1090 2902 1212 2975 gloriari,
1235 2902 1315 2973 quasi
1342 2916 1398 2958 non
1426 2901 1578 2972 acceperim
1600 2916 1726 2972 quaercns

87 2991 183 3052 'minis
204 2991 272 3064 elegi
290 2993 407 3061 seruire,
434 3002 512 3050 tuum
529 3009 629 3050 riomen
643 3004 686 3051 est
707 3010 888 3066 superemus
938 3011 1028 3051 meam
1053 2994 1179 3067 glorium.
1205 2992 1258 3051 Sed
1272 2995 1335 3051 volo
1358 2993 1471 3067 gloriari
1496 2994 1524 3049 in
1539 3005 1574 3060 te,
1599 2991 1724 3062 Domine,

99 3102 211 3143 nomen.
230 3084 286 3142 Noc
300 3086 413 3153 mirum,
429 3087 494 3158 quia
510 3094 539 3143 tu
553 3102 583 3143 es
596 3095 744 3158 perunctos
760 3087 823 3143 oleo
839 3088 888 3143 lae·
937 3104 988 3160 per
1010 3103 1091 3160 quem
1106 3088 1199 3158 accepi
1224 3088 1296 3144 banc
1321 3088 1516 3153 innocentiam,
1531 3086 1565 3143 de
1579 3103 1633 3158 qna
1653 3101 1726 3143 nrrnc

100 3180 178 3245 titiae,
194 3188 221 3236 tu
237 3196 267 3237 es
282 3187 431 3251 conceptus
444 3178 549 3251 Spiritu
565 3187 677 3248 sancto,
693 3179 742 3250 qui
763 3180 790 3236 in
812 3180 888 3251 prin·
936 3181 998 3238 dico
1023 3199 1031 3236 ε
1055 3179 1188 3247 Quoniam
1216 3195 1262 3252 epo
1285 3179 1315 3234 in
1337 3180 1488 3235 innocentio
1507 3195 1565 3234 oreo
1593 3181 1725 3251 ingressus

99 3275 172 3346 cipio
193 3270 324 3345 tanquam
341 3272 432 3328 oleum
447 3271 588 3328 serebatur
602 3288 685 3343 super
707 3287 809 3344 aquas,
829 3273 888 3343 jam
936 3290 1006 3330 sum.

100 3375 167 3422 tuuc
179 3365 379 3437 praesignando,
396 3365 469 3434 quod
483 3364 511 3420 id
534 3363 659 3420 conterat
672 3379 722 3420 sua
736 3364 840 3431 unctio,
858 3376 888 3420 nt
973 3366 1019 3423 Sic
1043 3365 1161 3423 dicimus
1186 3381 1280 3437 ponem
1305 3372 1427 3421 nostrum
1449 3364 1644 3436 quotidianum,
1670 3378 1725 3418 non

99 3459 218 3532 quisque
230 3457 426 3527 indeperlosus
443 3456 523 3522 arquis
534 3455 625 3530 abyssi
634 3469 689 3511 non
703 3456 813 3513 deberet
825 3471 888 3512 esse
936 3458 1010 3530 quod
1028 3474 1062 3513 ex
1084 3467 1179 3514 nostro
1193 3458 1292 3513 merito
1307 3467 1401 3514 noster
1413 3455 1450 3514 sit
1461 3456 1505 3512 ille
1516 3456 1596 3527 panis
1613 3454 1725 3526 angelo·

100 3542 243 3610 confusus.
256 3550 290 3607 Et
304 3560 333 3607 tu
351 3551 473 3622 quidem,
487 3549 602 3605 Domine
621 3547 689 3606 lesu
704 3548 823 3617 Christe,
838 3549 887 3605 ba·
936 3565 1009 3617 rum,
1024 3550 1072 3607 sed
1089 3565 1123 3605 ex
1143 3549 1217 3605 dono
1232 3550 1341 3619 gratiae3
1357 3549 1398 3605 sic
1419 3549 1537 3605 dicimus
1553 3568 1560 3604 ι
1579 3545 1663 3602 Pater
1678 3561 1726 3601 no-

101 3647 149 3702 bes
163 3646 190 3701 in
206 3655 232 3701 te
247 3645 330 3716 liuius
345 3644 396 3701 olei
418 3642 607 3709 lenitudinem,
622 3651 649 3698 et
665 3642 699 3698 de
720 3641 887 3713 plenitudine
935 3652 1004 3704 ster,
1025 3642 1117 3713 quies
1137 3641 1165 3695 in
1186 3642 1268 3708 coelis,
1291 3657 1344 3695 tion
1372 3642 1442 3712 quod
1463 3642 1547 3696 simus
1571 3640 1725 3710 sufficientes

100 3747 147 3794 tun
162 3738 253 3794 caeteri
267 3737 346 3793 electi
369 3737 409 3793 tui
426 3736 585 3805 accipiunt,
604 3736 675 3790 unde
697 3733 885 3791 contusionem
936 3735 1053 3805 copitare
1066 3732 1168 3803 aliquid
1185 3749 1202 3786 n
1223 3731 1308 3799 nobis,
1321 3733 1398 3803 quusi
1410 3746 1443 3786 eo
1455 3731 1530 3786 nobis
1545 3729 1591 3803 (ll
1601 3729 1664 3786 Gor.
1681 3743 1723 3792 ιιι,

100 3830 183 3901 boios
194 3829 298 3902 abyssi,
312 3845 395 3900 super
408 3844 491 3900 qnam
502 3828 623 3885 tenebrae
637 3838 712 3895 sunt,
730 3828 858 3885 eradunt.
937 3826 976 3893 5),
992 3824 1063 3879 unde
1081 3824 1126 3879 ille
1143 3824 1179 3879 sit
1195 3821 1276 3878 Pater
1295 3830 1398 3887 nostor,
1412 3820 1460 3877 sud
1475 3821 1548 3892 quod
1563 3816 1724 3876 sufficientia

136 3922 168 3977 Et
182 3937 233 3994 ego
247 3921 383 3993 poenitens
396 3920 529 3987 Ecclesia,
547 3919 589 3975 sci
599 3935 650 3992 ego
660 3920 797 3990 poenitens
815 3921 887 3992 psal·
937 3923 1030 3972 nostra
1041 3932 1075 3971 ex
1088 3916 1147 3985 ipso
1162 3915 1209 3982 sit,
1220 3914 1268 3986 qui
1285 3927 1336 3969 nos
1348 3913 1376 3967 in
1391 3912 1463 3968 lilios
1478 3911 1626 3983 adoptarit.
1640 3909 1679 3966 lta
1697 3918 1725 3965 et

101 4014 197 4083 mista,
221 4014 268 4085 qui
283 4013 459 4084 insuperiori
479 4012 585 4084 psalmo
607 4013 802 4070 lamentatione
821 4029 887 4071 usos
936 4023 987 4080 ego
1003 4007 1149 4064 nuucdico
1164 4026 1171 4062 ε
1188 4006 1321 4074 Quorticm
1338 4020 1385 4076 epo
1399 4005 1428 4058 in
1445 3992 1667 4060 innocentiorem
1681 4003 1723 4058 in·

100 4122 142 4164 me
161 4106 358 4178 sempiternum
375 4105 528 4162 desideravi
548 4105 677 4172 evadere,
692 4105 787 4162 vellem
813 4121 887 4162 niune
936 4115 1041 4170 prensus
1055 4114 1124 4166 snm,
1137 4114 1192 4155 non
1205 4097 1279 4169 qood
1289 4112 1323 4153 et
1338 4095 1460 4153 memibi
1473 4095 1578 4171 sitella
1592 4096 1724 4152 innoeen-

99 4210 229 4270 tanqoam
244 4199 278 4255 de
292 4195 509 4269 perceptasenin
521 4197 696 4254 exsultarem
710 4196 887 4255 cauuinelae-
937 4190 985 4258 tia,
998 4190 1046 4247 sed
1062 4190 1117 4258 ille,
1131 4200 1161 4247 ut
1176 4204 1264 4262 agnus
1280 4190 1412 4246 innocens
1435 4204 1485 4262 pro
1499 4203 1543 4244 mr
1558 4203 1657 4258 passus
1671 4196 1723 4256 est,

100 4292 175 4357 titiae,
190 4291 342 4347 secundum
353 4289 427 4360 quod
437 4289 484 4345 illa
494 4289 546 4345 tria
558 4297 623 4346 sont
632 4290 690 4347 visa
706 4289 734 4345 in
748 4289 829 4359 libro,
843 4289 885 4344 lo·
898 4276 923 4337 D
935 4283 983 4356 qul
997 4283 1124 4355 primitus
1145 4283 1173 4337 in
1191 4282 1327 4354 baptismo
1341 4296 1419 4353 aqum
1435 4289 1463 4337 et
1484 4278 1614 4351 Spiritus,
1626 4279 1729 4336 deiude

99 4386 272 4440 intentationes
281 4382 397 4450 scilicet,
412 4390 441 4438 et
453 4398 560 4438 cornren
575 4390 601 4437 et
611 4399 659 4439 oe.
678 4381 731 4439 Sed
744 4381 885 4454 quomodo
936 4377 965 4433 in
987 4376 1124 4448 baptismo
1148 4391 1220 4432 vere
1237 4375 1407 4447 poenitentiae
1429 4374 1531 4431 vellere
1550 4388 1594 4430 me
1613 4373 1725 4430 restruit

99 4478 216 4533 cantabo
229 4476 378 4542 canticum,
393 4473 434 4532 sel
449 4489 560 4531 carmen
576 4473 603 4529 in
622 4484 694 4530 torro
707 4474 806 4540 alieno,
823 4489 885 4545 per·
936 4484 994 4528 soae
1009 4470 1182 4526 innocentie.
1198 4467 1262 4525 ldcn
1273 4483 1307 4525 ex
1328 4467 1496 4524 confluentia
1511 4466 1572 4522 ddei
1597 4480 1671 4523 nunc
1681 4464 1725 4521 eli-

99 4572 218 4628 maxime
235 4571 262 4625 in
280 4578 354 4625 taum
370 4568 543 4642 Babylonicae
556 4568 728 4626 confusionis
743 4570 887 4640 perturba·
935 4579 989 4620 co:
1006 4562 1106 4619 touton
1119 4580 1170 4627 ιιιι,
1184 4562 1306 4630 Domine,
1319 4564 1444 4634 quonium
1456 4580 1503 4634 ego
1523 4563 1552 4618 in
1574 4563 1724 4618 innocentio

100 4664 184 4732 tione,
200 4662 357 4730 ubiuescio,
372 4671 463 4717 utrum
472 4661 590 4729 odio,on
603 4676 697 4717 amore
707 4661 886 4733 dignoscunt
935 4673 994 4712 suec
1005 4657 1138 4727 interestne
1151 4672 1220 4712 sunt.
1235 4654 1367 4713 Primitus
1381 4656 1414 4712 ad
1434 4656 1611 4726 baptismum,
1625 4656 1725 4714 deinde

98 4766 241 4832 propterea
256 4757 282 4811 in
292 4757 345 4811 hoc
357 4753 588 4826 psalmodiseerni
595 4752 731 4821 desidero,
745 4763 773 4809 ut
785 4754 811 4808 in
820 4752 886 4810 sub·
936 4749 1033 4805 iterum
1046 4748 1151 4818 perdita
1162 4749 1317 4803 innocentia
1330 4763 1391 4804 meo
1405 4749 1538 4819 ιἰιιιιιιιιι
1552 4765 1612 4805 sum
1624 4750 1659 4804 od
1669 4764 1725 4821 pu·

99 4847 223 4920 sequenti
237 4846 344 4918 psalmo
365 4845 501 4902 discretus
522 4845 557 4901 ab
570 4844 662 4915 impiis
684 4846 746 4901 laeto
761 4846 885 4902 carmine
934 4842 1074 4897 nitentium
1093 4842 1121 4895 in
1140 4840 1291 4897 innocentio
1308 4857 1375 4896 meo.
1398 4838 1467 4896 Vere
1488 4858 1557 4909 mec,
1572 4841 1635 4913 qnia
1655 4842 1723 4898 mibi

100 4939 299 5007 concelebrem,
312 4936 384 5010 qood
401 4936 534 4994 Dominus
545 4936 709 4993 illuminatio
721 4952 780 4993 mea
797 4938 842 5003 sit,
858 4945 886 4993 et
934 4950 985 5007 per
1008 4933 1123 5006 gratiam
1139 4933 1212 4999 data,
1236 4948 1290 4989 non
1305 4933 1369 5005 quia
1384 4948 1432 5006 per
1454 4935 1549 4991 merita
1565 4942 1722 5006 comparata

100 5033 174 5090 solus
192 5046 264 5098 mea,
278 5038 308 5088 et
327 5038 466 5101 protector
486 5028 547 5085 sitae
561 5044 638 5086 meae.
662 5026 787 5097 Quarrdiu
811 5029 884 5086 enim
935 5026 988 5082 luit
1000 5026 1058 5083 lraec
1070 5025 1236 5082 innocentia.

99 5123 234 5196 premensis
248 5123 286 5177 ita
310 5137 371 5178 sum
383 5120 516 5178 confusos
538 5130 621 5193 atque
646 5119 829 5187 commistus,
853 5131 886 5177 ut
971 5117 1194 5175 Duobusetenim
1206 5119 1347 5190 gressibus
1361 5118 1394 5175 ad
1410 5117 1556 5175 Dominum
1573 5117 1720 5181 tendimns,

100 5216 166 5272 mibi
181 5215 337 5271 trudatenos
348 5221 487 5285 appareat,
504 5222 598 5269 utrum
609 5213 671 5269 oleo
688 5212 735 5268 illo
756 5212 807 5268 sim
821 5226 885 5282 per·
935 5209 1094 5267 intentionis
1114 5209 1239 5267 videlieet
1262 5220 1290 5267 et
1314 5211 1441 5267 actionis.
1469 5208 1521 5265 Per
1541 5208 1721 5266 intentionem

100 5317 208 5375 uinctus,
228 5307 302 5379 quod
324 5314 383 5375 est,
398 5304 516 5364 effusum
533 5299 631 5364 nomeu
656 5318 744 5376 tuom,
765 5323 827 5364 cum
843 5316 886 5363 ta·
934 5302 1113 5375 ingredimur,
1136 5317 1185 5374 per
1203 5304 1337 5359 actionem
1354 5302 1519 5374 egredimur.
1540 5300 1574 5357 Et
1599 5299 1658 5355 lieri
1672 5315 1722 5370 po·

24 5435 28 5443 ·
100 5415 161 5455 men
173 5398 248 5455 dicar
265 5397 433 5454 christianus
443 5413 477 5454 ex
490 5398 601 5455 tremine
614 5407 660 5455 tuo
671 5398 882 5455 denominatus:
934 5396 988 5452 tuit
1016 5394 1088 5466 quod
1113 5403 1242 5468 egressos
1273 5409 1351 5451 meets
1380 5394 1462 5450 alicui
1494 5394 1598 5460 nocuit,
1617 5391 1664 5464 qni
1692 5391 1721 5445 in

100 5507 153 5547 non
167 5490 254 5547 nudeo
266 5505 300 5547 ex
314 5487 414 5544 dducia
426 5487 513 5546 soiius
527 5490 648 5546 nominis
665 5488 884 5546 uindicaremibi
934 5488 1043 5544 actione
1066 5502 1126 5544 mea
1138 5485 1343 5544 *offendiculum
1369 5485 1483 5542 invenit.
1506 5484 1559 5542 Sed
1581 5485 1721 5558 ingressus
1799 5516 1806 5528 .

100 5578 342 5654 rseemmrminis,
352 5579 633 5639 utdicsmzvoosinus
643 5581 805 5638 illuminatio
814 5598 881 5651 meo,
934 5596 1023 5650 meus,
1039 5589 1173 5654 quantum
1197 5578 1231 5636 ad
1255 5578 1444 5651 intentionem,
1469 5579 1573 5639 utubios
1597 5579 1720 5637 nonnitus
