3817 6000
242 225 350 282 tta:

1667 236 2024 298 EMSTOLAE
2033 286 2045 298 .

3389 264 3518 321 511⁸-

240 362 409 425 qnam
429 345 569 403 sciat
601 362 731 416 puer
749 363 932 404 vocare
960 347 1175 405 Patrem
1198 359 1245 406 et
1281 361 1520 422 matrem,
1557 356 1825 426 auferetur
1854 366 1901 421 Α
1929 362 2093 418 uitat-,2
2125 386 2133 418 :
2177 390 2189 414 ι.
2229 366 2277 418 Μ
2305 370 2450 422 iusim
2486 370 2686 422 iniinini
2718 373 3118 442 :nquit-ebatur,
3152 388 3209 432 ut
3239 377 3380 436 Deus
3404 401 3495 438 es-

243 437 512 511 fortitudo
536 438 790 495 Damasci
804 450 853 495 et
875 441 1045 511 spolia
1069 441 1332 500 Samarioe
1350 445 1505 516 (lsai.-
1533 448 1673 520 vni),
1692 452 1823 519 quia

242 530 500 586 videlicet
523 532 934 589 contratribum
958 532 1119 598 Juda,
1147 534 1214 590 de
1240 551 1347 606 qua
1372 539 1684 597 nasciturus
1707 552 1825 599 erat

243 624 355 683 iste
381 639 542 694 puer,
574 623 877 680 Damascus
900 640 995 695 per
1016 642 1249 695 puerum
1281 627 1427 686 hunc
1452 632 1684 688 necdum
1725 651 1824 689 na·-

242 726 367 773 tum
391 715 618 773 defensa
651 727 736 774 est
765 719 835 776 ab
877 717 984 776 illis
1016 720 1193 777 tribus
1229 720 1368 777 Juda
1398 732 1451 780 et
1498 722 1820 792 Jerusalem‘,

244 811 481 883 spoliata
506 808 751 866 Samaria
774 821 828 868 et
850 811 1112 870 Damasco
1131 830 1228 885 per
1248 831 1428 887 regem
1449 815 1820 889 Assyriorum,

243 905 345 976 qni
376 903 683 959 Samariam
712 903 1003 970 destruxit,
1029 917 1082 961 et
1124 906 1450 964 Damascum
1496 909 1597 967 sibi
1627 911 1822 981 subju-

242 1000 415 1075 gavit,
448 1016 514 1056 ac
542 999 722 1054 taliter
746 1000 1076 1066 humiliavit,
1105 1010 1164 1056 ut
1189 1016 1297 1056 non
1323 1012 1507 1073 posset
1532 1005 1824 1074 praevalere

242 1096 439 1152 domui
474 1094 662 1162 David,
696 1097 752 1151 in
781 1110 889 1166 qna
931 1112 1066 1167 puer
1094 1097 1195 1152 iste
1235 1098 1498 1168 regnavit,
1531 1110 1821 1169 antequam

241 1187 474 1248 baberet
502 1201 710 1261 patrem
740 1191 993 1261 optivum·
1011 1199 1065 1246 et
1099 1199 1329 1246 matrem
1359 1191 1647 1261 virginem.
1678 1191 1824 1247 Bene

243 1280 416 1352 igitur
439 1291 695 1345 vocatum
739 1290 823 1337 est
852 1298 1050 1337 nomen
1081 1282 1202 1353 ejus
1227 1282 1482 1348 accelera,
1525 1283 1696 1353 spotia
1734 1282 1824 1339 de·

243 1375 481 1441 trahere,
514 1374 708 1445 festina
732 1375 988 1445 praedari,
1015 1375 1143 1446 quia
1166 1375 1305 1431 mira
1334 1373 1436 1431 suit
1477 1374 1820 1439 acceleratio,

244 1466 519 1523 mirabilis
559 1464 875 1522 festinantia
913 1467 1067 1537 pueri
1111 1467 1277 1537 hujus
1317 1477 1444 1524 ante
1487 1469 1823 1524 nativitatem

244 1575 409 1618 suam
431 1557 754 1631 praeliantiS,
779 1558 1072 1629 hostesque
1107 1574 1238 1614 suos
1279 1559 1657 1629 despoliantis.
1695 1559 1825 1615 Erat

245 1645 436 1716 itaque
462 1659 562 1715 per
587 1654 991 1700 sacramentum
1023 1643 1249 1698 unitatis
1274 1643 1327 1698 in
1353 1642 1533 1700 Verbo
1561 1653 1822 1712 regnante

244 1753 416 1809 super
448 1736 635 1792 omnia
666 1736 833 1791 homo
879 1745 1012 1792 tunc
1037 1737 1421 1804 assumendus,
1450 1746 1505 1793 et
1560 1753 1706 1793 nunc
1734 1754 1825 1794 as·
1856 1713 1897 1768 Β

245 1838 507 1901 sumptus
529 1829 585 1884 in
611 1828 784 1884 Deum
811 1827 907 1884 Dei
944 1828 1163 1884 Filium.
1192 1827 1484 1901 Propterea
1515 1839 1651 1887 teste
1684 1831 1826 1902 Apo·

240 1923 409 1989 stolo,
450 1921 705 1977 Christus
747 1920 800 1975 in
832 1919 1047 1976 deserto
1075 1920 1404 1976 tentabatur.
1440 1919 1622 1992 Neque
1658 1929 1824 1976 tente-

242 2031 384 2078 mus,
417 2014 514 2080 ait,
550 2012 844 2079 Christum,
871 2014 1007 2067 sicut
1034 2011 1253 2083 qnidam
1282 2028 1463 2067 eorum
1495 2024 1822 2069 tentaverunt

242 2099 301 2170 (1
332 2099 458 2157 Cor.
499 2100 578 2169 x).
614 2098 922 2156 Ostendens
956 2100 1259 2168 Christum,
1288 2101 1413 2157 licet
1452 2103 1682 2158 necdum
1720 2118 1823 2157 na·

240 2204 385 2259 tum,
412 2194 527 2266 jam
554 2202 686 2250 tunc
704 2193 759 2249 in
782 2195 995 2250 deserto
1024 2192 1196 2249 fuisse
1218 2202 1503 2249 tentatum.
1538 2192 1678 2266 Lege
1697 2192 1824 2249 Ilie-

242 2302 538 2358 ronymum
575 2287 644 2342 de
680 2287 786 2342 hoc
828 2295 1178 2342 sacramento
1226 2285 1455 2343 unitatis
1491 2287 1544 2342 in
1573 2301 1824 2343 sermone

241 2378 315 2434 de
337 2377 713 2448 assumptione
750 2377 924 2433 beatae
956 2376 1142 2433 Mariae
1189 2379 1324 2434 satis
1361 2378 1584 2450 copiose
1632 2378 1823 2449 dispu-

242 2477 478 2534 tantem,
520 2477 575 2523 et
607 2467 969 2523 affirmantem
1008 2469 1337 2524 auctoritate
1390 2469 1823 2540 scripturarum,

242 2559 422 2615 Deum
451 2559 659 2616 bomini
684 2568 1140 2631 concorporatum
1161 2569 1214 2617 et
1237 2562 1510 2617 hominem
1541 2561 1650 2617 Deo
1674 2578 1822 2618 coae-

245 2662 489 2720 ternum,
524 2667 650 2708 cum
682 2659 865 2708 tamen
901 2667 1003 2708 nec
1029 2652 1369 2709 ininitiabilis
1408 2653 1480 2709 sit
1508 2653 1693 2720 homo,
1720 2669 1825 2711 nee

245 2758 449 2800 nomen
500 2743 750 2815 corporis
786 2750 884 2799 aut
923 2744 1231 2814 proprietas
1266 2743 1558 2800 conveniat
1589 2741 1828 2815 Spiritui

244 2855 485 2901 summo.
526 2839 668 2908 Quid
707 2855 796 2896 me
835 2840 1140 2911 interrogas
1175 2839 1243 2896 de
1285 2838 1524 2896 bominis
1553 2839 1608 2894 in
1650 2836 1821 2895 Deum

243 2942 512 2989 aeternum
565 2932 832 3008 assumpti
876 2932 1215 2988 aeternitate?
1239 2932 1526 3005 interroga.
1558 2930 1823 3005 Hierony.-

243 3042 420 3092 mum,
450 3026 545 3097 qui
575 3025 810 3087 affirmat
831 3026 1109 3085 hominem
1139 3024 1252 3081 Deo
1277 3034 1631 3081 coaeternum.
1675 3024 1821 3080 Con-

243 3119 411 3175 sentit
432 3134 563 3175 vero
587 3119 636 3174 ei
664 3119 857 3179 beatus
881 3119 1207 3175 Ambrosius
1236 3119 1289 3172 in
1314 3117 1515 3173 Lucam
1542 3133 1825 3190 exponens

245 3211 379 3268 illud
406 3231 435 3272 ε,
452 3210 649 3268 Omnia
674 3212 805 3266 mihi
837 3211 1040 3269 tradita
1060 3220 1183 3265 sunt
1215 3227 1248 3264 a
1278 3209 1443 3265 Patre
1464 3227 1576 3265 meo
1600 3210 1821 3279 (Manili.

248 3303 471 3374 xxviii).
510 3322 532 3357 ι
560 3301 620 3358 Si
648 3304 856 3370 omnia,
880 3303 1080 3375 inquit,
1101 3303 1247 3359 dedit
1267 3303 1625 3359 aeternitatem
1653 3303 1823 3374 maje-

246 3405 557 3468 statemque
583 3395 933 3456 transfudit.»
966 3395 1202 3453 Proinde
1231 3405 1631 3469 argumentare,
1653 3412 1825 3468 quan-

242 3497 363 3544 tum
393 3489 551 3555 velis,
584 3498 647 3549 ut
671 3488 882 3545 homini
908 3488 1167 3545 detrahas
1209 3488 1569 3544 aeternitatem
1615 3498 1670 3545 et
1717 3489 1823 3543 im-

244 3581 593 3643 mensitatem
617 3581 706 3638 cui
738 3597 769 3636 a
793 3580 955 3637 Patre
978 3596 1081 3636 suo
1098 3581 1295 3636 tradita
1320 3579 1646 3634 suntomnia
1669 3597 1681 3634 ε
1708 3578 1825 3649 Ego

243 3660 427 3744 magis
456 3672 615 3729 tidem
650 3671 824 3728 habeo
851 3670 1078 3745 [verbis]
1127 3670 1289 3728 Verbi
1342 3671 1516 3743 ipsius
1540 3670 1772 3727 dicentis
1805 3689 1819 3725 :

247 3756 445 3825 Omnia
464 3759 592 3826 milii
628 3764 832 3819 tradita
857 3773 981 3819 sunt
1002 3780 1036 3817 a
1060 3762 1222 3818 Patre
1239 3778 1351 3817 meo
1373 3761 1527 3833 (Luc.
1546 3763 1626 3831 x).
1650 3760 1782 3816 Item
1805 3780 1820 3817 :

242 3853 413 3910 Pater
450 3871 617 3922 menz,
662 3854 801 3926 quod
850 3854 996 3910 dedit
1035 3854 1187 3921 milti,
1230 3853 1406 3925 majus
1454 3851 1699 3907 omnibus
1744 3864 1823 3907 est

243 3945 433 4019 (Joan.
463 3946 638 4017 xxix).
668 3943 881 4002 Dictum
914 3946 1019 4001 boc.
1051 3959 1328 4016 exponens
1363 3942 1687 4000 venerabilis
1707 3958 1826 4014 pre-

242 4039 434 4119 sbyter
457 4038 600 4095 Beda
632 4038 764 4094 dicit
793 4038 848 4093 in
885 4038 1109 4100 homilia
1138 4056 1153 4093 ι
1191 4036 1404 4109 «Majus
1431 4046 1612 4094 autem
1644 4040 1824 4096 omni·

240 4130 371 4198 bus,
399 4131 546 4203 quod
594 4131 883 4187 mediatori
913 4130 1008 4186 Dei
1056 4140 1110 4187 et
1146 4132 1432 4187 bominum
1460 4131 1669 4189 bomini
1693 4131 1823 4190 Jesu

240 4224 470 4282 Christo
500 4223 663 4280 Pater
692 4223 859 4290 dedit,
891 4224 994 4279 hoc
1017 4232 1101 4279 est
1126 4234 1185 4280 ut
1228 4224 1298 4282 sit
1327 4223 1651 4296 Unigenitus
1702 4225 1821 4299 eius

241 4316 422 4380 Filius
444 4316 499 4371 in
530 4316 681 4371 nullo
708 4314 949 4387 gignenti
976 4314 1594 4377 vel,natura‚dissimilis
1608 4318 1823 4373 velvir·

1926 470 2033 510 seu
2065 466 2157 510 :tr-tt
2193 478 2410 514 inauri-v
2434 462 2482 514 in
2518 462 2606 518 tir-i
2634 470 2838 522 unit-„ite
2859 476 3176 538 assumptus
3207 471 3357 527 nullo
3378 488 3497 527 mo-

1925 546 1993 601 du
2021 563 2229 619 Ιιειιΰϊπῑι
2265 555 2365 607 nisi
2418 575 2506 623 'wr
2558 559 2818 611 titillatum
2855 556 2950 612 Dei
3010 559 3063 613 in
3107 561 3368 616 unitatem
3400 561 3498 618 Dei

1926 643 2193 695 nutui-niis
2223 643 2494 707 t:t·;til=;·.t·i.²t,
2530 659 2578 699 til
2618 667 2710 715 [it-r
2746 655 2866 716 line,
2893 650 3022 721 quia
3046 651 3100 706 in
3130 660 3324 707 natura
3351 652 3499 712 Deus

1928 729 2183 801 Verbum,
2219 735 2450 791 'Vri-{nnn
2502 759 2718 810 qunth
2750 757 2877 797 cairo
2924 742 3129 800 sactum
3177 761 3395 802 rursum
3440 746 3497 803 in

1926 834 2122 881 natura
2172 826 2264 882 Dei
2308 829 2531 897 inesset,
2560 842 2723 904 atque
2748 835 2819 890 ita
2852 835 3017 891 homo
3044 835 3203 894 Jesus
3244 838 3497 901 Christus

1925 929 2170 976 maneret
2203 921 2256 976 in
2281 923 2450 994 gloria
2493 923 2584 981 Dei
2608 925 2806 995 PatriS,
2838 929 2887 986 si
2921 930 2974 984 in
3004 930 3177 1001 gloria
3214 931 3376 988 Verbi
3405 949 3498 988 ca·-

1925 1026 1990 1065 ro
2019 1022 2166 1069 esset
2191 1015 2365 1083 unita,
2402 1018 2711 1090 rediretque
2740 1029 2871 1076 tunc
2913 1023 2966 1078 in
3010 1033 3220 1080 natura:
3255 1036 3497 1096 pateruae

1924 1105 2086 1160 etiam
2115 1109 2412 1163 secundum
2462 1110 2740 1167 hominem
2796 1104 3057 1170 unitatem
3096 1115 3334 1173 Verbum
3364 1135 3496 1174 caro

1926 1197 2153 1262 factum,
2180 1216 2302 1255 cuin
2336 1203 2571 1274 gloriam
2610 1204 2773 1261 Verbi
2817 1224 2948 1264 caro
2970 1219 3250 1281 assumpta
3285 1212 3495 1268 tenuis·

1925 1297 2059 1345 set.»
2095 1290 2157 1346 Et
2192 1291 2333 1346 inl'ra
2365 1312 2377 1347 ε
2428 1293 2532 1349 «Ut
2562 1296 2709 1351 enim
2756 1298 2810 1353 in
2845 1299 3052 1356 unitate
3093 1317 3191 1357 sua
3230 1313 3496 1369 maneret,

1927 1390 1986 1436 ut
2016 1395 2310 1453 manserat,
2337 1386 2739 1456 glorificaturus
2757 1407 2882 1446 eum
2915 1394 3058 1462 apud
3097 1410 3154 1449 se
3183 1393 3342 1450 Pater
3358 1393 3495 1460 erat,

1924 1476 2051 1546 quia
2083 1476 2269 1549 gloriae
2291 1495 2408 1535 suae
2444 1482 2709 1539 unitatem
2753 1500 2848 1555 per
2878 1485 3242 1542 obedientiam
3274 1488 3497 1558 dispen-

1925 1569 2158 1627 sationis
2182 1585 2513 1643 excesserat,
2539 1576 2749 1632 scilicct
2777 1587 2836 1632 ut
2857 1578 2911 1634 in
2945 1595 3008 1634 ea
3035 1588 3228 1635 natura
3256 1597 3352 1652 per
3381 1583 3499 1652 glo·

1926 1659 2286 1719 rifieationem
2330 1682 2525 1724 rursus
2555 1678 2723 1736 esset,
2765 1670 2823 1725 in
2856 1687 2963 1741 qua
3001 1681 3348 1727 sacramento
3380 1681 3501 1728 erat

1927 1754 2125 1810 divinae
2155 1758 2454 1816 nativitatis
2495 1764 2706 1832 unitus,
2739 1775 2993 1837 essetque
3041 1765 3189 1821 Patri
3233 1767 3377 1838 apud
3408 1783 3498 1823 sc·

1927 1849 2220 1919 metipsum
2251 1852 2604 1924 glorificatus,
2641 1867 2703 1912 ut
2727 1859 2876 1929 quod
2907 1859 3048 1929 apud
3076 1876 3200 1917 eum
3250 1870 3375 1916 ante
3395 1861 3500 1916 ha-

1927 1939 2109 2002 behat.
2138 1956 2406 2014 maneret,
2437 1964 2615 2019 neque
2639 1951 2974 2008 abalienaret
2997 1954 3065 2009 ab
3092 1968 3159 2009 eo
3187 1953 3379 2009 sormae
3401 1952 3501 2008 Dei

1926 2041 2180 2089 naturam
2212 2034 2403 2093 sormae
2431 2040 2647 2097 servilis
2663 2045 2987 2114 assumptio,
3007 2046 3099 2101 sed
3133 2047 3273 2116 apud
3300 2055 3501 2102 semet-

1926 2126 2104 2197 ipsum
2138 2128 2470 2201 glorificaret
2498 2132 2732 2190 sormam
2756 2136 2923 2200 servi,
2953 2146 3010 2191 ut
3032 2149 3278 2193 maneret
3309 2140 3362 2193 in
3406 2138 3501 2193 Dci

1926 2218 2124 2289 forma,
2156 2223 2286 2294 quia
2310 2225 2404 2294 qui
2449 2227 2503 2281 in
2537 2225 2632 2283 Dei
2661 2227 2834 2283 forma
2872 2240 3165 2298 manserat,
3199 2231 3340 2286 idem
3380 2245 3498 2286 erat

1924 2312 1980 2367 in
2014 2315 2156 2369 servi
2188 2315 2389 2382 forma,
2413 2326 2468 2372 et
2494 2333 2617 2374 cum
2655 2321 2795 2376 servi
2823 2319 2996 2377 fornia
3027 2322 3377 2394 glorificanda
3408 2341 3496 2381 es-

1924 2412 2006 2459 set
2027 2404 2081 2459 in
2109 2404 2205 2463 Dei
2228 2405 2425 2476 sonna,
2449 2409 2592 2479 apud
2614 2425 2740 2465 eum
2765 2411 2942 2482 ipsum
2972 2412 3325 2484 glorificanda
3361 2424 3507 2485 erat,

1923 2497 1978 2551 in
2005 2499 2167 2569 cujus
2209 2499 2382 2556 forma
2426 2501 2617 2558 l'ormae
2656 2503 2868 2560 servilis
2913 2504 3131 2562 habitus
3173 2515 3292 2562 erat
3326 2508 3511 2562 hono-

1922 2590 2194 2646 randuS.»

1998 2711 2125 2770 Haec
2150 2714 2362 2772 dicente
2382 2715 2587 2775 Hilario
2617 2727 2765 2789 patet
2783 2736 2891 2776 non
2912 2736 3036 2777 eum
3062 2722 3321 2787 sensisse,
3353 2723 3513 2793 quoit

1925 2822 2125 2877 corpus
2174 2806 2414 2877 Domini,
2455 2809 2698 2868 Domino.
2741 2812 3022 2870 conforme
3061 2829 3172 2869 non
3226 2814 3317 2880 sit,
3371 2829 3498 2868 cunt

1925 2918 2035 2958 non
2068 2904 2172 2959 alia
2199 2905 2267 2960 de
2295 2919 2463 2961 causa
2485 2921 2686 2978 corpus
2709 2906 2925 2963 Domini
2956 2908 3190 2975 dicatur,
3240 2909 3346 2963 nisi
3368 2907 3497 2978 qnia

1926 2994 2193 3052 Dominus
2222 2996 2608 3068 incorporatus
2655 2999 2771 3056 sive
2809 3000 3128 3057 incarnatus
3173 3016 3268 3071 per
3296 3015 3496 3070 corpus

1849 3069 1893 3129 C
1927 3094 2108 3151 carnis
2136 3109 2251 3150 suae
2300 3095 2468 3151 vitam
2496 3105 2756 3168 operatur
2802 3097 3088 3153 hominum
3132 3096 3519 3162 credentium...

1926 3188 2069 3244 sicut
2094 3188 2361 3246 Divinitas
2398 3191 2718 3263 augelorum
2746 3192 2931 3248 lumen
2962 3191 3497 3261 incircumscriptum

1924 3282 2246 3349 videntium,
2293 3273 2463 3355 quod,
2521 3286 2648 3355 qnia
2681 3284 2934 3340 homines
2964 3284 3166 3340 videre
3207 3298 3315 3339 non
3368 3298 3499 3354 pos-

1924 3384 2073 3442 sunt,
2107 3376 2378 3432 credendo
2411 3377 2547 3432 salvi
2595 3378 2756 3445 fiunt,
2806 3386 2861 3433 et
2892 3376 3058 3432 vitam
3107 3384 3367 3433 aeternam
3398 3378 3498 3432 ha-

1924 3466 2130 3523 bebunt
2151 3484 2247 3538 per
2277 3468 2482 3525 Christi
2508 3484 2751 3536 carnem,
2779 3484 2943 3539 quam
2970 3469 3143 3525 sancti
3179 3468 3356 3543 angeli
3397 3469 3498 3525 ba-

1923 3565 2056 3621 bent
2100 3580 2196 3635 per
2226 3565 2741 3636 ejusldivinitatem.
2793 3564 2948 3622 Unde
2995 3574 3175 3621 autem
3218 3566 3393 3631 carni,
3433 3572 3500 3623 ut

1925 3656 2170 3713 conserat
2207 3657 2558 3715 manducanti
2589 3675 2649 3716 se
2677 3659 2843 3714 vitam
2890 3668 3172 3725 aeternam,
3216 3659 3322 3714 nisi
3364 3659 3496 3729 quia

1926 3748 1982 3804 in
2036 3750 2375 3805 consortium
2431 3759 2642 3807 naturae
2685 3751 2886 3807 divinae
2934 3760 3271 3824 assumptam
3334 3751 3499 3807 habet

1923 3841 2091 3897 vitam
2118 3841 2175 3897 in
2205 3858 2263 3898 se
2299 3844 2647 3899 manentem?
2678 3841 2833 3901 Unde
2863 3843 3100 3900 Hilarius
3137 3844 3277 3900 libro
3299 3852 3495 3899 octavo

1920 3933 1991 3990 de
2019 3949 2248 4006 corpore
2276 3935 2494 3991 Domini
2527 3954 2545 3991 ι
2574 3955 2594 3988 ι
2630 3934 2686 3990 ln
2717 3934 2936 3991 Christo
2958 3934 3139 4001 Pater,
3169 3944 3222 3990 et
3241 3934 3518 3993 Christus.

1923 4032 1979 4087 in
2010 4028 2171 4086 nobis
2212 4045 2389 4085 unum
2413 4029 2469 4089 in
2491 4028 2578 4086 his
2599 4045 2721 4087 esse
2747 4044 2850 4085 nos
2875 4027 3122 4089 faciunt...
3153 4026 3210 4083 Si
3243 4044 3370 4085 vere
3393 4028 3520 4098 igi·-

1922 4134 2014 4186 tur
2045 4138 2265 4180 carnem
2296 4121 2544 4193 corporis
2569 4122 2742 4182 nostri
2781 4121 3037 4179 Christus
3076 4121 3395 4191 assumpsit,
3439 4129 3523 4183 et,

1921 4231 2050 4273 vere
2078 4215 2245 4271 homo
2271 4215 2360 4270 ille
2383 4214 2639 4271 Christus
2664 4223 2782 4283 est,
2820 4229 3031 4285 nosque
3070 4229 3197 4270 vere
3225 4214 3330 4269 sub
3375 4229 3496 4285 my-

1924 4308 2093 4365 sterio
2121 4321 2344 4365 carnem
2375 4306 2627 4377 corporis
2659 4306 2743 4367 sui
2800 4306 3094 4373 sumimus,
3139 4313 3194 4361 et
3239 4320 3335 4376 per
3388 4304 3495 4359 hoc

240 4417 365 4472 tute
392 4408 620 4465 inferior
646 4409 728 4464 vel
760 4417 1003 4479 tempore
1030 4407 1318 4480 posterior.
1366 4408 1542 4476 Quam
1571 4410 1824 4469 videlicet
1851 4415 2099 4480 nultum
2125 4400 2351 4464 erimus,
2375 4399 2502 4471 ‘11¹5ss
2524 4398 2684 4454 Pater
2706 4399 2760 4453 in
2795 4414 2861 4454 80
2895 4408 2998 4466 est,
3021 4408 3073 4455 et
3101 4398 3192 4454 ille
3221 4399 3276 4453 in
3312 4396 3522 4463 nobis..

239 4503 612 4576 :equalitatem
635 4502 750 4577 ipse
769 4501 1037 4559 Dominus
1060 4501 1407 4562 indivinitate
1421 4503 1627 4570 babuit,
1645 4505 1825 4574 prius.-

241 4611 415 4668 quam
452 4594 691 4651 mundus
716 4602 862 4653 esset
889 4593 1032 4665 apud
1061 4592 1453 4663 Patrem‚4ipse
1481 4593 1538 4648 in
1562 4593 1821 4656 humani-

242 4697 361 4746 tate
387 4704 453 4745 ex
484 4696 726 4763 tempore
748 4683 1430 4756 incarnationisaccepit.»
1453 4684 1624 4741 Audis
1641 4701 1822 4756 aequa·

242 4782 454 4838 litatem
477 4779 655 4836 Patris
677 4778 856 4836 Verbo
880 4779 1124 4834 innatam
1146 4786 1197 4833 et
1215 4777 1636 4845 bomiuidatam,
1660 4793 1828 4849 quem

248 4873 489 4930 Verbum
518 4872 612 4928 Dei
638 4869 1089 4941 Patricoaequale
1138 4869 1241 4926 sibi
1277 4869 1487 4925 univit?
1521 4870 1679 4927 audis
1720 4873 1824 4931 hoc

243 4970 306 5025 in
336 4966 559 5036 antiqua
587 4962 819 5019 homelia
852 4977 948 5033 per
966 4960 1369 5018 ecclesiasticos
1390 4972 1691 5018 conventus
1707 4963 1822 5038 jam

245 5056 343 5112 diu
371 5054 656 5113 celebriter
677 5053 895 5124 vulgata
911 5059 967 5108 et
984 5052 1232 5120 recitata,
1255 5061 1309 5110 et
1337 5068 1438 5110 nos
1459 5055 1643 5127 arguis
1664 5056 1823 5133 quasi

244 5147 321 5206 de
345 5162 489 5204 nova
509 5145 791 5216 doctrina,
821 5160 947 5201 cum
992 5144 1127 5200 nihil
1162 5144 1477 5214 doceamus,
1526 5147 1674 5218 quod
1715 5163 1821 5203 non

246 5240 311 5299 in
338 5239 558 5312 scriptis
585 5237 810 5294 Patrum
829 5237 1182 5310 antiquorum
1208 5237 1519 5310 Scripturas
1545 5252 1823 5310 exponen-

246 5333 388 5393 tium
408 5327 802 5390 ostendamus?
837 5328 1074 5390 Ostende
1098 5339 1154 5386 tu
1198 5330 1283 5386 vel
1327 5347 1495 5388 unum
1542 5334 1822 5390 doctorem

248 5422 583 5480 catholicum
605 5422 702 5478 tibi
724 5429 1153 5480 consentaneum
1183 5424 1237 5479 in
1262 5423 1356 5479 illo
1379 5438 1545 5480 sensu
1571 5432 1687 5492 tuo,
1712 5438 1823 5494 quo

249 5516 531 5573 hominem
561 5514 618 5570 in
639 5513 814 5575 Deum
857 5523 1201 5585 assumptum
1234 5530 1402 5587 negas
1444 5513 1557 5572 Deo
1596 5512 1821 5572 consor-

250 5623 396 5663 mem
420 5605 645 5675 lactum,
668 5605 816 5678 quod
832 5613 890 5660 tu
924 5614 1084 5676 putas
1104 5606 1359 5663 docuisse
1381 5606 1668 5674 Hilarium,
1696 5622 1821 5662 cum

251 5701 344 5761 illc
367 5702 559 5759 doceat
582 5699 942 5761 contrarium.
968 5699 1059 5757 Ait
1081 5699 1229 5760 enim
1250 5700 1392 5762 libro
1422 5717 1569 5760 nono
1592 5702 1658 5760 dc
1700 5701 1823 5759 Tri-

1925 4490 2201 4561 quomodo
2233 4490 2527 4563 voluntatis
2549 4490 2732 4546 unitas
2771 4491 3056 4557 asseritur,
3108 4506 3235 4547 cum
3268 4499 3526 4546 natura·.

1925 4583 1995 4643 lis
2024 4598 2120 4653 per
2142 4590 2544 4638 sacramentum
2578 4582 2885 4652 proprietas
2909 4579 3149 4652 perfecte
3182 4595 3539 4653 sacramen-3

1926 4683 2041 4731 tum
2068 4675 2140 4730 sit
2168 4673 2427 4730 unitatis?
2457 4694 2476 4725 ι
2529 4673 2596 4727 Et
2618 4672 2757 4728 inl'ra
2791 4692 2803 4727 ε
2843 4693 2862 4725 ι
2893 4671 3012 4746 Qua
3034 4681 3215 4728 autem
3252 4672 3308 4727 in
3337 4670 3497 4727 nobis
3517 4718 3537 4735 .,

1925 4768 2193 4830 naturalis
2232 4767 2348 4822 haec
2398 4765 2580 4826 unitas
2623 4765 2714 4831 sit,
2747 4765 2864 4835 ipse
2912 4765 2985 4820 ita
3021 4773 3255 4821 testatus
3290 4771 3420 4819 est:
3468 4781 3488 4816 ι

1928 4861 2033 4928 Qui
2078 4860 2186 4916 edit
2231 4874 2439 4914 carnem
2484 4874 2655 4912 meam
2678 4900 2693 4925 ,
2721 4868 2770 4912 et
2801 4856 2932 4912 bibit
2982 4858 3292 4929 sanquinem
3322 4872 3496 4910 nietam

1926 4955 1981 5009 in
2012 4970 2093 5008 me
2117 4961 2314 5019 manet,
2340 4960 2392 5006 et
2430 4967 2522 5022 eqo
2559 4952 2617 5005 in
2659 4967 2717 5005 eo
2757 4949 2939 5019 (Ιοαη.
2980 4951 3078 5021 vt).
3147 4967 3165 5001 ι
3199 4947 3318 5005 Nun
3346 4948 3497 5006 enim

1927 5047 1982 5102 in
2009 5061 2076 5101 eo
2100 5044 2225 5111 erit,
2265 5043 2371 5100 nisi
2392 5043 2447 5098 in
2472 5058 2583 5114 quo
2606 5042 2723 5117 ipse
2755 5041 2939 5109 suerit,
2965 5042 3086 5112 ejus
3117 5051 3298 5096 tamen
3340 5041 3396 5095 in
3433 5054 3497 5096 se

1926 5148 2263 5209 assumptam
2311 5136 2540 5203 hahens,
2576 5137 2671 5207 qui
2700 5151 2856 5193 suam
2879 5135 3195 5205 sumpserit.
3237 5153 3255 5185 ι
3310 5130 3441 5187 ltem
3475 5151 3489 5188 :

1928 5229 2078 5287 Sicut
2101 5230 2248 5285 misit
2272 5246 2354 5285 me
2377 5234 2548 5284 vivens
2577 5227 2764 5295 Pater,
2798 5238 2847 5283 et
2895 5243 2986 5298 eqo
3009 5226 3121 5281 vivo
3144 5233 3358 5297 propter
3382 5222 3493 5278 Pa-

1927 5334 2080 5392 trem,
2101 5338 2150 5382 et
2175 5328 2265 5398 qui
2314 5325 2599 5380 manducat
2646 5341 2857 5380 carnem
2902 5340 3091 5390 meam,
3139 5333 3190 5378 et
3231 5323 3342 5393 ipse
3365 5320 3498 5378 uiuit

1925 5428 2137 5490 propter
2169 5435 2249 5474 me
2275 5419 2479 5490 (ibim).
2543 5437 2562 5471 ι
2600 5417 2888 5486 Quomodo
2934 5431 3032 5487 per
3077 5414 3294 5470 Patrem
3335 5413 3493 5483 vivit,

1926 5511 2112 5567 eodem
2162 5512 2325 5568 modo
2356 5526 2457 5569 nos
2504 5526 2600 5582 per
2633 5525 2852 5566 carnem
2891 5508 3141 5564 vivimus.
3193 5506 3318 5564 Haec
3363 5522 3504 5582 ergo.

1927 5606 2050 5664 vitae
2078 5617 2285 5664 nostrae
2331 5622 2520 5673 causa,
2570 5603 2715 5676 quod
2754 5604 2806 5659 in
2858 5603 3012 5660 nobis
3057 5613 3363 5661 manentem
3396 5618 3497 5676 pe:

1929 5716 2146 5764 carnem
2165 5701 2443 5760 Christum
2470 5698 2756 5765 habemus,
2782 5695 2978 5754 victuri
3000 5713 3095 5769 per
3114 5714 3241 5763 eum
3269 5712 3343 5764 ea,
3362 5710 3529 5760 con;·..
