3817 6000
160 194 334 270 4057ξ

781 203 1341 267 ΕΟΜΜΕΝΤΑΜΠΜ
1382 202 1448 259 m
1481 200 1823 261 PSALttoS.
1863 232 1895 246 ·-
1968 203 2153 262 mus
2186 203 2251 260 11.
2286 234 2359 248 -·
2390 203 2588 260 PSM„⁸
2627 203 2796 260 xxii.

3282 204 3426 266 {058

154 329 342 383 faeere
373 319 528 397 potes
578 324 841 378 mundum
870 325 936 378 de
957 323 1250 378 immundo
1283 329 1609 391 conceptum
1655 328 1742 376 se-
1771 325 1815 380 Α
1843 321 1969 389 fica,
1995 320 2070 376 ita
2089 329 2152 376 ut
2172 335 2349 391 neque
2366 320 2629 386 esuriam,
2652 335 2829 392 neque
2850 318 3034 376 sitiam
3058 319 3114 375 in
3136 329 3428 378 :etet-num.

154 422 327 485 mine.
356 422 411 474 et
447 417 517 472 de
541 416 924 487 peccatoribus
941 416 1124 486 justus
1145 413 1283 468 iacis
1304 424 1359 469 et
1383 422 1624 469 sanctos.
1639 411 1745 467 Per

155 514 304 568 banc
342 509 798 580 omnipotentiam
845 516 996 562 tuam
1034 514 1089 562 te
1135 520 1292 577 rogo,
1334 505 1574 561 concede
1608 504 1743 560 milri

151 601 433 676 peccatori
478 602 584 657 hoc
608 600 832 657 coeleste
858 598 1191 656 sacrificium
1220 597 1496 654 celebrare
1522 610 1649 654 mun
1682 595 1747 652 ti-

152 709 315 750 more
341 700 397 748 et
419 701 684 758 tremore,
711 702 837 747 cum
861 691 1228 762 laerymarum
1257 688 1428 753 fonte,
1457 685 1584 744 cum
1608 686 1745 745 keti-

153 787 237 842 tia
276 783 549 855 spirituali
580 791 636 839 et
674 782 881 838 coelcsti
912 782 1130 853 gaudio.
1169 779 1384 836 Sentiat
1428 795 1585 835 mens
1622 795 1744 835 mea

142 858 502 931 'dulcedinem
534 874 866 929 beatissimae
894 871 1201 944 praesentiae
1243 880 1373 936 tuae,
1400 882 1454 928 et
1482 872 1746 932 excubias

154 975 476 1023 sanctorum
505 965 822 1035 angelorum
851 973 1070 1020 tuorum
1098 965 1153 1019 in
1183 965 1415 1019 circuitu
1459 979 1601 1020 mco.
1631 964 1745 1035 Ego

157 1069 374 1114 memor
412 1057 740 1112 venerandae
766 1057 1047 1112 Passionis
1074 1064 1204 1123 tuae,
1247 1058 1452 1112 accedo
1477 1057 1546 1111 ad
1575 1058 1746 1113 altare

155 1160 340 1217 tuum,
374 1151 500 1207 licet
543 1154 824 1221 peccator,
864 1159 938 1207 ut
966 1151 1191 1206 offeram
1241 1149 1340 1205 tibi
1386 1151 1744 1220 sacrificium,

154 1242 310 1312 quod
341 1251 401 1298 tu
443 1242 752 1308 instituisti,
776 1249 832 1296 et
866 1242 1050 1296 offerri
1081 1244 1384 1313 praecepisti
1418 1244 1470 1298 in
1505 1258 1748 1300 comme-

155 1335 468 1391 moratione
498 1345 588 1390 tua
618 1343 719 1406 pro
767 1334 944 1390 salute
984 1345 1193 1390 nostra.
1224 1334 1359 1390 Peto
1400 1337 1745 1392 clementiam

155 1435 338 1494 tuam,
360 1433 423 1481 ut
459 1427 752 1482 descendat
790 1439 958 1496 super
997 1438 1193 1496 panem
1238 1427 1407 1494 bunc,
1439 1436 1495 1483 et
1522 1428 1746 1484 calicem

155 1519 449 1589 plenitudo
476 1525 584 1574 tuae
619 1515 922 1574 divinitatis
954 1537 969 1573 ε
999 1517 1296 1574 descendat
1335 1518 1523 1586 etiam,
1554 1518 1747 1575 Domi·-

157 1623 255 1676 ne,
294 1606 387 1663 illa
426 1608 597 1664 sancti
629 1606 870 1678 Spiritus
897 1607 977 1663 tui
1021 1607 1313 1665 invisibilis
1338 1616 1397 1664 et
1436 1608 1749 1680 incompre-

157 1698 453 1756 hensibilis
473 1699 754 1770 majestas,
780 1699 923 1755 sicut
972 1699 1252 1770 quondam
1296 1699 1352 1754 in
1389 1697 1615 1755 Patrum
1648 1700 1750 1756 ho—

156 1793 290 1848 stiis
322 1791 706 1861 descendebat,
734 1791 829 1863 qui
859 1800 915 1847 et
939 1791 1246 1847 oblationes
1287 1799 1509 1848 nostras
1547 1804 1749 1864 corpus

155 1892 220 1940 et
243 1885 571 1956 sangninem
612 1891 766 1940 tuum
790 1884 1009 1952 efficiat,
1035 1893 1090 1940 et
1129 1899 1221 1940 me
1240 1884 1527 1957 indignum
1560 1901 1749 1943 sacer-

157 1977 357 2032 dotem
380 1976 576 2033 doceat
601 1986 814 2033 tantum
852 1985 1089 2033 tractare
1118 1977 1443 2049 mysterium
1472 1991 1598 2034 cum
1627 1994 1753 2034 cor-

160 2069 254 2128 dis
302 2076 359 2125 et
396 2070 649 2141 corporis
694 2069 957 2140 puritate,
1002 2083 1129 2125 cum
1176 2069 1545 2142 lacrymarum
1582 2070 1750 2139 fonte,

157 2174 294 2216 cum
315 2160 620 2215 reverentia
639 2168 695 2215 et
727 2168 986 2227 tremore,
1013 2161 1085 2217 ita
1118 2170 1177 2217 ut
1202 2161 1416 2233 placide
1436 2170 1491 2217 et
1518 2161 1753 2234 henigne

159 2253 441 2323 suscipias
485 2251 820 2310 sacrificium
854 2253 925 2308 de
956 2253 1215 2309 manibus
1246 2253 1384 2310 meis
1413 2254 1481 2309 ad
1520 2254 1752 2310 salutem

160 2344 415 2400 omniun
442 2353 552 2399 tam
579 2344 832 2400 rivorum
861 2358 1031 2417 quam
1060 2345 1465 2402 defunctorum.
1490 2345 1644 2417 Rogo
1676 2356 1751 2414 te,

159 2434 419 2503 Domine,
450 2451 548 2507 per
576 2437 757 2507 ipsum
785 2445 1204 2492 sacrosanctum
1229 2446 1287 2492 ct
1320 2436 1603 2492 vivificum
1629 2453 1751 2510 my·

165 2527 398 2584 sterium
443 2527 693 2598 corporis
720 2536 777 2583 et
804 2527 1092 2598 sanguinis
1120 2527 1222 2594 tui,
1257 2543 1370 2598 quo
1414 2528 1657 2598 quotidie
1696 2528 1752 2584 in

168 2614 415 2671 Ecclesia
470 2623 563 2670 tua
612 2615 894 2686 pascimur
949 2623 1007 2671 et
1046 2625 1322 2685 potamur,
1375 2617 1655 2673 abluimur
1698 2625 1758 2673 et

168 2707 601 2775 sanctificamur,
628 2716 794 2778 atque
830 2707 997 2763 unius
1026 2722 1257 2764 summat.
1287 2706 1606 2764 Divinitatis
1624 2723 1754 2779 par·-

170 2799 343 2869 ticeps
374 2797 763 2854 efficimur.'1)a
795 2797 929 2853 nini
960 2797 1190 2855 virtutes
1216 2804 1341 2855 tuas
1369 2807 1612 2865 satietas»,
1636 2798 1758 2870 qui-

169 2890 277 2947 bus
298 2891 537 2962 repletus
566 2891 710 2947 bona
731 2891 1072 2948 conscientia
1105 2892 1177 2950 ad
1213 2891 1386 2948 altare
1413 2900 1571 2949 tuum
1597 2905 1756 2950 acce-

1777 1669 1836 1725 B.

1846 412 2041 469 Amen.
2078 431 2099 465 a

1916 502 2033 560 liae
2049 503 2300 560 oratione
2328 502 2509 574 magni
2536 502 2814 560 Ambrosii
2834 503 3122 578 diligenter
3145 514 3431 575 perspecta
3461 549 3475 561 .

1846 595 2128 653 evidenter
2151 605 2322 666 ,patet
2370 597 2648 666 quomodo
2673 605 2753 660 tu.
2791 595 2957 665 Deus,
2988 598 3195 668 parasti
3222 597 3281 652 in
3304 613 3434 651 con-

1844 695 2027 758 spectu
2064 702 2177 742 meo
2209 703 2444 741 mensam
2474 686 2726 742 adversus
2771 704 2881 756 eos,
2909 688 3001 759 qui
3030 687 3291 744 tribulant
3326 704 3429 743 me.

1847 780 2116 837 Videlicet
2141 780 2406 836 adversus
2433 789 2545 836 tres
2574 788 2787 836 turmas
2817 777 3223 849 Chaldaeorum,
3257 780 3311 836 id
3348 788 3434 836 est

1846 871 2134 940 ferocium,
2165 871 2234 928 de
2278 872 2482 942 quibus
2519 872 2635 943 jam
2675 888 2842 943 supra
2877 873 3082 928 dictum
3130 881 3236 928 est.
3290 870 3431 928 Cum

1845 964 1994 1022 enim
2023 966 2131 1021 boc
2172 973 2384 1032 oratur,
2413 972 2468 1020 et
2501 979 2535 1020 a
2579 965 2701 1020 viro
2729 971 2883 1020 tanto
2911 973 3187 1035 speratur,
3233 973 3293 1020 ut
3334 979 3433 1034 per

1844 1058 2102 1113 virtutem
2133 1057 2271 1112 tanti
2299 1056 2543 1128 mysterii
2571 1044 2670 1112 cor
2694 1055 3055 1112 sacrificantis
3075 1055 3161 1112 vel
3182 1071 3434 1112 commu·-

1848 1148 2088 1203 nicantis
2131 1148 2393 1203 liberetur
2420 1148 2492 1203 ab
2531 1149 2831 1204 immundis
2876 1157 2933 1204 et
2969 1148 3242 1212 nefandis,
3273 1149 3432 1209 vanis

1845 1249 1903 1295 ct
1929 1240 2110 1297 noxiis
2133 1240 2576 1310 cogitationibus,
2606 1249 2665 1295 et
2689 1238 2732 1294 ’a
2775 1241 2970 1310 spiritu
3016 1241 3306 1311 superbiae,
3338 1255 3434 1296 ce·-

1849 1330 2123 1397 nodoxiae,
2155 1330 2395 1398 invidiae,
2428 1330 2662 1400 aliisque
2700 1330 2987 1401 spiritibus
3028 1346 3287 1403 nequam,
3322 1346 3434 1387 una

1849 1432 2029 1479 turma
2076 1421 2461 1478 Chaldaeorum
2510 1422 2764 1479 ferociter
2798 1422 2956 1480 nobis
3005 1422 3434 1489 adversantium,

1848 1514 2058 1570 scilicet
2116 1514 2452 1580 daemonum,
2509 1515 2711 1570 virtute
2771 1514 3003 1588 mystica
3060 1515 3432 1587 propulsatur.
3468 1553 3481 1560 -

1849 1605 1982 1662 Item
2035 1622 2163 1664 cum
2214 1619 2356 1676 orat,
2390 1616 2450 1662 ut
2484 1605 2915 1673 confundantur,
2956 1607 3051 1679 qni
3104 1620 3207 1662 nos
3248 1607 3437 1679 perse·

1852 1708 2118 1770 quuntur,
2166 1708 2222 1754 et
2266 1709 2521 1771 pereant,
2574 1699 2668 1770 qui
2721 1713 2822 1755 nos
2868 1700 3097 1770 perdere
3141 1698 3438 1768 festinant,

1851 1791 2022 1848 altera
2076 1801 2258 1848 turma
2315 1792 2691 1863 propulsatur,
2750 1791 3009 1847 videlieet
3069 1791 3439 1864 malignorum

1851 1882 2161 1949 hominum,
2214 1898 2357 1954 quos
2414 1890 2670 1953 optamus
2719 1879 2982 1938 confundi
3033 1882 3104 1938 ad
3163 1882 3440 1953 poeniten-

1853 1972 1985 2030 tiam
2013 1982 2070 2031 et
2118 1975 2318 2046 perire,
2365 1974 2443 2031 ita
2479 1983 2541 2030 ut
2568 1973 2828 2031 desinant
2868 1988 2993 2030 esse
3032 1975 3184 2042 mali,
3214 1983 3269 2029 et
3301 1975 3438 2030 deti-

1851 2067 2009 2122 ciant-
2042 2075 2359 2138 peccatores
2405 2082 2436 2122 a
2486 2075 2634 2124 terra
2685 2073 2742 2121 et
2780 2065 2975 2137 iniqui,
2998 2065 3073 2121 ita
3104 2075 3298 2121 utnon
3322 2065 3442 2121 sint

1854 2158 2052 2230 iniqui.

1923 2247 2210 2306 Postremo
2238 2250 2504 2307 adversus
2531 2264 2660 2317 eos,
2704 2248 2800 2320 qui
2831 2246 2890 2302 in
2937 2246 3101 2302 tertia
3128 2253 3310 2302 turma
3338 2261 3443 2303 uos

1854 2338 2124 2396 tribulant
2172 2340 2548 2411 pugnantibus
2595 2348 2788 2395 contra
2827 2337 3083 2409 spiritum
3129 2338 3443 2395 carnalibus

1853 2431 2342 2500 commotionibus,
2387 2418 2549 2503 duasi
2593 2431 2995 2489 validissimum
3038 2441 3281 2501 scutum,
3325 2441 3441 2501 tua,

1856 2521 2025 2591 DeuS,
2075 2538 2269 2580 mensa
2308 2532 2560 2595 paratur,
2592 2524 2647 2580 in
2693 2524 2855 2595 cujus
2902 2524 3300 2596 praeparatione
3334 2524 3445 2581 mi-

1855 2617 2050 2685 nister,
2099 2633 2197 2675 seu
2239 2618 2471 2676 conviva
2505 2616 2673 2689 hujus
2712 2633 2918 2689 mensae
2955 2618 3039 2674 sic
3063 2627 3186 2675 orat
3216 2637 3231 2674 ε
3269 2636 3291 2672 ι
3327 2616 3446 2676 Rex

1854 2707 2153 2780 virgiuum,
2198 2716 2412 2765 amator
2478 2708 2751 2765 castitatis
2791 2717 2846 2765 et
2894 2709 3222 2782 integritatis
3272 2708 3441 2775 Deus,

1854 2799 2067 2856 coelesti
2096 2813 2218 2854 rore
2260 2799 2662 2855 benedictionis
2687 2809 2798 2855 tuae
2823 2798 3113 2872 exstingue
3128 2798 3184 2854 in
3214 2813 3446 2870 corpore

167 2982 321 3049 dam,
367 2981 444 3039 ita
491 2991 552 3040 ut
600 2983 719 3039 baec
764 2983 1010 3040 coelestia
1057 2991 1404 3042 saeramenta
1451 2985 1756 3043 efficiantur
1782 3022 1825 3088 C
1857 2993 1988 3041 neat
2043 2982 2099 3040 in
2159 3000 2246 3042 me
2297 2994 2453 3042 tenor
2500 2984 2670 3042 totius
2726 2984 3019 3043 castitatis.
3065 2981 3332 3041 Hortiiica
3385 2982 3450 3042 iu

170 3074 308 3131 mihi
335 3076 487 3132 salus
523 3083 580 3132 et
606 3075 737 3132 vita.
786 3074 870 3132 Tu
898 3076 1048 3131 cuim
1094 3076 1282 3134 dixisti
1309 3092 1407 3134 ore
1437 3086 1535 3134 tuo
1561 3088 1758 3135 sancto

168 3176 229 3222 et
267 3165 553 3224 benedicto
585 3185 599 3223 t
651 3186 676 3221 ι
722 3166 908 3236 Panis,
947 3181 1111 3239 quem
1138 3183 1243 3241 ego
1278 3169 1443 3238 dabo,
1476 3183 1609 3227 caro
1638 3186 1762 3226 mea

175 3276 196 3311 ι
237 3266 322 3314 est
341 3273 444 3330 pro
458 3259 649 3316 mundi
668 3259 800 3316 vita.
818 3260 924 3328 Qui
944 3260 1240 3317 manducat
1256 3276 1365 3329 me,
1384 3261 1528 3318 vivet
1543 3270 1763 3332 propter

176 3370 196 3402 ι
239 3364 348 3416 me,
379 3351 580 3423 etipse
607 3361 791 3409 manet
835 3352 892 3407 in
925 3361 1037 3420 me,
1070 3360 1126 3409 et
1147 3368 1250 3425 ego
1276 3353 1334 3408 in
1364 3368 1454 3409 eo.
1497 3352 1612 3424 Ego
1636 3367 1760 3409 sum

172 3459 198 3492 a
238 3441 398 3511 panis
420 3441 597 3509 vivus,
618 3442 714 3513 qui
735 3443 805 3500 de
831 3442 972 3500 coelo
987 3442 1264 3499 descendi.
1287 3444 1347 3499 Si
1369 3444 1497 3515 quis
1522 3443 1761 3501 mandu-

169 3549 198 3583 ἰ
235 3532 446 3589 caverit
465 3548 533 3588 ex
564 3533 672 3590 boc
698 3548 861 3604 panc,
890 3534 1037 3591 vivet
1079 3534 1134 3590 in
1163 3543 1428 3591 aeternum
1470 3533 1653 3606 (loon.
1681 3549 1759 3601 vt.

173 3622 238 3677 51
252 3622 428 3693 ,590st
454 3623 621 3680 Panis
638 3624 976 3693 dulcissime,
1000 3641 1134 3682 sana
1159 3626 1403 3696 palatum
1422 3625 1608 3694 cordis
1629 3626 1760 3693 mei,

173 3724 240 3773 ut
267 3717 499 3772 sentiam
548 3720 875 3775 suavitatem
916 3720 1125 3776 amoris
1174 3720 1291 3788 tui;
1335 3731 1472 3775 sana
1517 3735 1645 3778 eum
1692 3722 1763 3778 ab

173 3806 329 3861 omni
355 3804 636 3879 languore,
665 3818 727 3865 ut
749 3809 1189 3880 nullampraeter
1229 3817 1283 3866 te
1310 3809 1548 3866 sentiam
1575 3809 1764 3868 dulce-

173 3898 554 3957 dinem.Panis
568 3900 979 3969 candidissime,
998 3901 1066 3956 ba
1073 3900 1206 3957 bens
1228 3916 1392 3957 omne
1406 3901 1766 3957 delectamen-

171 4000 295 4049 tum
319 4000 376 4047 et
404 4005 626 4048 omnem
658 4001 913 4064 saporem
950 3992 1258 4061 suavitatis,
1280 3993 1377 4065 qui
1417 4008 1521 4051 nos
1548 4007 1765 4065 semper

173 4084 385 4153 reads,
412 4095 468 4141 et
498 4085 555 4140 in
598 4094 656 4141 te
694 4097 982 4156 nunquam
1024 4084 1237 4152 delicis,
1284 4084 1538 4144 ooniedat
1572 4094 1628 4143 te
1665 4098 1765 4142 cor

175 4189 388 4243 meum,
437 4186 494 4233 et
528 4176 821 4233 dulcedine
848 4177 1065 4248 saporis
1102 4176 1184 4233 tui
1215 4177 1530 4248 repleantur
1555 4175 1763 4233 viscera

1862 3078 2128 3136 membris
2156 3078 2298 3135 meis
2321 3077 2506 3134 carnis
2540 3077 2820 3147 stimulos,
2850 3092 3154 3150 omnesque
3185 3077 3448 3159 libidino-

1862 3187 1956 3228 sas
1978 3169 2398 3238 commotiones,
2415 3170 2486 3227 da
2509 3170 2646 3228 mibi
2668 3185 2856 3227 veram
2877 3179 2934 3226 et
2950 3178 3267 3242 perpetuam
3289 3170 3452 3228 casti-

1863 3272 2052 3319 tatem.
2091 3281 2111 3317 i

1934 3354 1994 3411 ln
2029 3369 2327 3425 congressu
2364 3355 2558 3426 prim-‘e
2585 3362 2802 3420 turmae,
2830 3352 2924 3408 ubi
2955 3361 3148 3409 contra
3191 3345 3450 3423 spiritum

1862 3444 2223 3501 durissimum
2248 3445 2519 3515 superbiae
2541 3454 2752 3513 oratur,
2779 3442 3104 3500 humilitatis
3125 3441 3452 3499 fundamen·

1863 3544 1982 3591 tum
2029 3535 2276 3606 ponitur,
2322 3550 2444 3606 quae
2488 3535 2638 3592 velut
2683 3535 2840 3592 radix
2886 3534 3134 3591 omnium
3182 3535 3449 3594 virtutum

1864 3624 2121 3698 pn'mitus
2149 3626 2203 3681 in
2250 3626 2415 3684 corde
2440 3626 2739 3697 plantatur,
2771 3640 2898 3682 cum
2944 3624 3204 3683 sacrificii
3249 3625 3453 3682 virtute

1864 3716 2102 3794 mystica
2152 3715 2422 3787 superbiae
2457 3715 2685 3787 spiritus
2725 3717 2885 3787 longe
2914 3716 3156 3787 fugatur,
3200 3715 3455 3789 fugienti-

1864 3809 1970 3865 bus
1990 3808 2199 3881 pariter
2237 3824 2334 3866 sex
2376 3809 2500 3865 aliis
2526 3822 2764 3879 nequam
2799 3807 3106 3880 spiritibus,
3154 3809 3240 3864 vel
3281 3807 3452 3866 etiam

1866 3906 2077 3968 septem
2122 3896 2247 3953 aliis
2282 3895 2666 3968 nequioribus,
2695 3896 2898 3968 quibus
2934 3897 3194 3953 omnibus
3225 3894 3315 3952 ille
3336 3893 3451 3957 dux

1862 3999 1952 4048 est
1989 3990 2134 4046 elato
2161 3989 2417 4046 elationis
2464 3988 2664 4045 vexillo
2696 3987 2954 4059 praevius.
2987 3986 3196 4066 Deinde
3224 3987 3280 4043 in
3318 4002 3458 4065 con-

1865 4097 2057 4155 gressu
2089 4092 2282 4138 turmae
2301 4080 2556 4137 secundae
2579 4086 2727 4135 recte
2751 4093 2853 4150 pro
2883 4076 3247 4148 malignorum
3270 4075 3455 4133 homi-

1864 4189 2000 4230 uum
2023 4172 2386 4245 poenitentiali
2407 4170 2732 4229 confusione
2752 4179 2965 4238 oratur,
2990 4179 3048 4227 et
3071 4162 3309 4227 salubris
3329 4182 3458 4242 per-

174 4270 382 4326 animae
421 4283 575 4325 ηοω.
606 4269 900 4325 Manducat
926 4277 985 4325 te
1004 4269 1233 4342 angelus
1270 4270 1437 4341 pleno
1458 4282 1575 4336 ore,
1607 4284 1766 4325 man·
1862 4267 2002 4324 ditio
2029 4267 2139 4324 illis
2157 4274 2398 4339 optatur.
2429 4264 2548 4321 Nisi
2571 4264 2719 4320 enim
2760 4264 2991 4336 perdant
3011 4262 3253 4319 animam
3284 4271 3448 4320 suam

172 4363 345 4419 ducet
370 4373 424 4419 te
454 4362 779 4435 peregrinus
805 4362 973 4418 homo
1000 4378 1103 4433 pro
1126 4362 1352 4419 modulo
1378 4375 1503 4430 suo,
1532 4377 1602 4419 ne
1625 4362 1756 4419 dell·
1793 4373 1841 4429 1)
1869 4358 1924 4413 in
1953 4358 2063 4415 hoc
2089 4357 2314 4423 saeculo,
2346 4356 2403 4413 in
2447 4356 2559 4412 vita
2584 4364 2791 4414 aeterna
2834 4370 2943 4411 non
2986 4353 3267 4410 invenient
3301 4368 3450 4412 eam.

174 4471 308 4513 cere
334 4456 508 4527 possit
536 4457 590 4513 in
625 4456 740 4520 via,
768 4456 863 4511 tali
889 4463 1165 4513 recreetur
1194 4456 1416 4512 viatico.
1444 4454 1612 4514 Panis
1641 4469 1765 4513 san-

167 4558 289 4617 cte,
317 4550 476 4620 panis
515 4550 659 4617 vive,
698 4550 862 4621 panis
895 4548 1142 4620 pulcher,
1187 4547 1347 4618 panis
1393 4548 1619 4614 munde,
1668 4545 1765 4618 qui

177 4638 515 4699 descendisti
548 4641 619 4698 dc
661 4643 824 4710 coelo,
849 4648 904 4697 et
932 4640 1033 4697 das
1077 4639 1240 4695 vitam
1280 4640 1516 4697 mundo!
1544 4638 1669 4697 veni
1707 4639 1767 4694 in
1812 4631 1818 4636 ’

181 4748 284 4789 cor
326 4748 532 4801 meum,
573 4743 632 4789 et
655 4734 863 4790 munda
904 4748 993 4790 me
1045 4733 1117 4790 ab
1162 4731 1315 4788 omni
1351 4732 1768 4803 inquinamento

177 4826 369 4882 carnis
390 4838 446 4882 et
478 4826 725 4896 spiritus.
752 4824 899 4881 Intra
941 4825 996 4881 in
1026 4825 1267 4882 animam
1307 4838 1509 4891 meam,
1541 4834 1597 4881 et
1640 4840 1770 4882 san-

179 4918 385 4985 ctifica,
425 4932 564 4973 vsana
609 4916 840 4973 interius
864 4924 925 4971 et
952 4915 1216 4972 exterius.
1269 4914 1403 4971 Esto
1442 4923 1685 4971 tutamen
1714 4928 1770 4972 et

174 5008 447 5065 cointium
494 5006 648 5062 salus
692 5006 942 5077 corporis
983 5015 1040 5063 et
1094 5007 1294 5063 animae
1339 5020 1494 5062 mem.
1552 5004 1770 5076 Repelle

181 5116 214 5156 a
252 5115 341 5155 me
390 5098 715 5156 insidiantes
760 5099 897 5156 mihi
944 5100 1153 5166 hostes,
1198 5098 1456 5156 recedant
1498 5099 1691 5169 procul
1736 5114 1768 5154 a

180 5189 474 5263 praescntia
502 5188 837 5260 poeniteutiae
877 5203 1033 5258 meae,
1067 5200 1127 5248 ut
1162 5189 1298 5246 foris
1347 5189 1769 5261 intusque—mu·

180 5282 338 5337 nitus
369 5296 468 5351 per
512 5289 575 5340 te
599 5290 751 5338 recto
777 5282 995 5338 tramite
1022 5281 1091 5338 ad
1127 5297 1356 5353 regnum
1397 5289 1551 5337 tuum
1578 5296 1769 5353 perve-

181 5375 358 5441 niam,
384 5374 478 5430 ubi
520 5389 632 5430 uun
656 5374 955 5446 mysteriis,
987 5374 1130 5430 sicut
1163 5373 1270 5430 boc
1297 5382 1542 5444 tempore
1568 5372 1768 5443 agitur,

181 5465 282 5521 sed
332 5462 469 5521 facie
517 5465 586 5520 ad
616 5463 811 5535 faciem
845 5473 898 5519 te
943 5463 1267 5531 videbimuS,
1313 5478 1439 5521 cum
1481 5463 1771 5519 tradideris

185 5571 417 5629 regnum
465 5557 577 5613 Deo
626 5568 679 5612 et
706 5555 877 5623 Patri,
912 5564 968 5613 et
1002 5554 1108 5611 erit
1155 5555 1299 5615 Deus
1344 5556 1528 5614 omnia
1570 5557 1625 5613 in
1652 5572 1773 5613 om-

186 5652 371 5706 nibuS.
398 5648 554 5707 Tun‘c
581 5650 728 5706 enim
758 5664 843 5704 mc
873 5647 941 5704 de
986 5657 1037 5706 te
1071 5648 1297 5707 satiabis
1322 5650 1589 5708 suavitate
1619 5649 1771 5706 miri-

1866 4450 1987 4519 Qua
2026 4446 2238 4507 ratione
2264 4448 2395 4522 quid
2443 4452 2645 4519 agitur,
2689 4447 2798 4504 nisi
2823 4457 2888 4503 ut
2924 4461 3093 4517 supra
3125 4443 3455 4505 humilitatis

1864 4544 2286 4601 fundamentum
2339 4551 2639 4613 consurgat
2691 4541 2947 4612 persectae
2991 4539 3276 4598 charitatis
3321 4548 3456 4598 tem·

1867 4637 2019 4709 plum
2062 4635 2293 4709 pacitico
2339 4634 2456 4706 regi
2498 4632 2782 4693 Salomoni
2807 4634 3159 4702 condignum,
3195 4650 3208 4682 ι
3248 4630 3340 4702 qni
3384 4630 3455 4682 Γιι-

1866 4731 1944 4786 cit
1991 4737 2225 4800 utraque
2273 4725 2784 4797 unun1(Ephes.u,
2817 4725 2927 4790 14),
2971 4746 2987 4774 s
3027 4726 3308 4782 destruetis
3354 4738 3448 4794 pa·-

1866 4823 2006 4877 τίσω,
2036 4816 2680 4876 inimicitiarumYExtra
2712 4817 2816 4873 hoc
2837 4818 3095 4886 tempium
3127 4830 3348 4870 cussum
3372 4826 3452 4870 nst

1867 4928 2032 4970 omne
2067 4911 2432 4981 sacrificium;
2474 4926 2631 4967 cassa
2659 4920 2745 4967 est
2769 4914 2951 4967 omnis
2983 4910 3159 4966 eratin
3183 4926 3308 4978 quie
3340 4926 3452 4966 nnn

1866 5005 1929 5062 iit
1973 5005 2030 5061 in
2068 5004 2178 5062 hoc
2213 5003 2436 5075 templo.
2483 5001 2623 5059 Nam
2655 5011 2887 5060 testante
2939 5002 3199 5074 raptast-alu
3236 5022 3248 5058 z
3284 5022 3300 5050 ι
3340 5002 3452 5054 Επεὶ

1866 5096 2149 5154 tradidero
2187 5110 2390 5168 corpus
2437 5111 2646 5164 meum,
2691 5098 2767 5153 ita
2800 5104 2859 5152 ut
2899 5099 3115 5151 arrisum
3151 5115 3167 5147 ι
3203 5103 3348 5151 tulus
3380 5095 3452 5147 fa-

1865 5198 1993 5246 ctus
2027 5187 2407 5245 holocaustum
2434 5190 2570 5262 (quo
2599 5204 2711 5244 non
2746 5199 2832 5245 est
2867 5191 3043 5255 majus
3083 5191 3256 5241 ullum
3284 5187 3452 5239 zanab

1868 5281 2102 5353 licium),
2137 5298 2156 5334 ι
2186 5280 2507 5338 charitatem
2532 5288 2712 5337 autem
2736 5295 2844 5335 non
2868 5280 3119 5339 balanam.
3144 5279 3276 5331 nihi]
3304 5295 3448 5343 sum,

1869 5373 2010 5429 nihil
2049 5373 2184 5429 mihi
2226 5372 2448 5443 prodest
2476 5369 2529 5444 (Ι
2576 5369 2698 5427 Cor.
2726 5385 2848 5438 xm,
2879 5375 2953 5439 ᾗ).
2991 5371 3143 5423 [sud-n
3175 5371 3452 5439 aptissime

1870 5465 2016 5523 sicut
2040 5480 2137 5521 rex
2175 5464 2435 5521 Salomon
2465 5464 2647 5536 posuit
2690 5477 2935 5518 mensam
2967 5463 3356 5531 lit-npffimnnis
3400 5463 3448 5519 in

1872 5556 2098 5629 templu,
2128 5555 2210 5612 sic
2239 5564 2319 5625 tu,
2352 5555 2518 5622 Deus,
2542 5555 2751 5623 parasti
2787 5553 2843 5607 in
2862 5562 3138 5625 cotaespectu
3166 5570 3279 5609 meo
3304 5568 3453 5609 men-

1872 5665 1989 5705 sam
2018 5650 2072 5704 in
2103 5656 2306 5705 sanctae
2340 5646 2625 5705 charitatis
2653 5643 2907 5718 aedilicio,
2934 5644 3082 5720 quoti
3105 5646 3306 5706 dicitur
3327 5662 3455 5705 san·
