3817 6000
167 228 223 304 tto
631 242 784 303 nanuum
801 241 881 302 unu.
904 242 985 303 sse.
1006 243 1035 301 s.
1057 238 1218 304 ueroms
1236 238 1349 306 onais.
1745 251 1798 310 un

163 362 216 435 pro
237 348 319 419 mnis
342 356 523 434 eognovimus
551 360 735 418 incarnatum.
752 361 869 419 Cubitus
888 376 955 434 ergo
969 366 993 424 Α
1006 372 1037 420 nt
1055 364 1194 421 oumrnissi
1209 365 1261 422 silri
1274 377 1369 422 euram
1391 366 1536 438 relinquat,
1548 367 1639 428 adhue
1652 367 1680 427 in
1695 382 1800 428 eosne

164 466 239 510 uuus
253 457 434 524 utrorumque
447 460 490 510 est
504 471 511 509 z
527 452 593 525 quia
608 459 636 509 et
652 466 735 524 quem
756 453 799 509 lex
818 452 953 524 predixit,
1008 470 1058 514 eus
1071 457 1156 512 semel
1178 457 1279 514 sanetus
1298 464 1350 515 est.
1369 457 1402 514 tn
1421 459 1547 531 quisquis
1567 461 1609 519 sie
1620 471 1696 519 amat
1707 464 1802 537 prori-

163 531 290 601 ineitruo
301 545 446 616 apparuit:
461 554 489 601 et
502 560 560 616 spe,
571 560 652 616 quem
668 540 957 603 nuneTesttmentnm
1008 556 1095 617 mum,
1108 556 1138 605 ut
1151 549 1259 606 minuat
1275 549 1441 606 desiderium
1457 566 1514 623 qun
1537 551 1654 627 flagrare
1667 554 1748 612 debet
1769 555 1801 615 in

163 619 271 693 Nonum
292 636 415 709 loquitur
428 636 458 694 in
474 637 562 710 gloria
572 637 724 709 majestatis
746 638 897 710 apparebit.
922 637 957 696 ΕΛ
1007 639 1104 708 Deum.
1121 648 1232 698 nonest
1248 641 1339 700 adhue
1352 642 1380 699 in
1398 658 1432 700 eo
1445 642 1521 701 eolor
1534 645 1661 704 tinctura
1676 649 1801 721 gemina·

165 728 235 787 tune
258 734 441 800 utrorumque
466 726 530 786 duis
543 727 606 796 erit,
629 740 692 786 euru
707 727 786 787 uisas
801 728 830 785 iu
846 729 957 788 deitatis
1007 740 1063 790 tus.
1089 732 1226 791 ualemus
1242 745 1349 807 ergoet
1370 730 1464 792 amare
1481 752 1540 806 eos,
1560 739 1731 811 eumqnibus
1756 741 1785 799 ri

164 821 355 894 tdoeputentit
379 820 472 879 urnula
488 835 550 893 quar
564 824 630 878 sum
648 821 788 893 predicta,
802 823 957 895 eompiere-
1007 824 1110 891 timus,
1123 826 1196 882 etad
1214 816 1290 883 illum
1310 826 1376 883 tutis
1392 825 1538 887 desideriis
1556 830 1687 888 annelare
1701 831 1728 887 in
1742 848 1802 904 quo

164 916 212 972 ut
241 901 380 987 §eriptam
402 928 522 985 namque
533 921 578 969 est
592 930 599 968 ι
615 911 694 968 Finis
706 912 772 986 lepis
787 912 910 970 Christos
921 914 957 971 od
1008 916 1143 972 veraciter
1167 918 1303 975 visamus.
1323 917 1398 992 (858)
1423 918 1524 991 sieque
1539 920 1583 977 llis
1595 921 1735 979 tinetnsin
1748 937 1802 981 uo·

162 993 298 1080 justitian
311 1007 384 1063 unni
396 1007 513 1063 eredenti
527 1004 615 1079 illem
637 1021 668 1074 ι,
679 1004 718 1078 1).
734 1004 810 1078 (887)
822 997 899 1063 llinis
913 1006 956 1062 ui·
1008 1005 1052 1062 bis
1065 1016 1229 1073 conensem,
1244 1007 1268 1064 si
1281 1016 1309 1064 et
1325 1008 1370 1066 lule
1389 1011 1531 1081 proximos
1545 1020 1657 1069 nostros
1668 1013 1802 1073 sieutnds

164 1099 275 1169 munt,
296 1108 352 1155 uon
373 1097 420 1169 qui
443 1098 593 1165 eonsumit‚
610 1096 659 1155 sed
678 1097 727 1170 qui
749 1097 864 1170 perlicit.
880 1097 959 1156 Tune
1008 1095 1157 1168 diligimus,
1170 1106 1197 1153 et
1211 1098 1245 1154 ad
1259 1107 1398 1157 auctorem
1422 1102 1545 1159 omnium
1566 1114 1629 1160 eum
1642 1103 1710 1175 ipsis
1728 1117 1801 1178 quos

164 1188 267 1247 dunin
280 1188 368 1261 legent
383 1186 497 1259 perlicit,
512 1202 575 1246 eum
588 1187 659 1244 sieut
673 1187 716 1244 lex
729 1187 902 1259 predixerat,
916 1189 959 1245 in·
1008 1189 1148 1262 diligimus
1162 1189 1334 1249 iestinamus.
1355 1189 1384 1249 Si
1404 1193 1489 1268 igitur
1502 1195 1559 1251 rita
1573 1204 1667 1253 nostra
1686 1196 1720 1255 de
1732 1212 1800 1270 μοι·

164 1289 298 1337 muratus
309 1279 445 1350 apparuit.
470 1276 524 1335 Sed
538 1278 628 1338 adlruc
640 1278 674 1337 de
687 1278 958 1351 siusiudieiom'ulta
1009 1281 1079 1341 ieeta
1094 1283 1229 1342 enaritate
1245 1284 1288 1343 bis
1311 1286 1435 1359 tingitur,
1462 1284 1540 1345 trous
1555 1286 1584 1344 iu
1608 1288 1689 1346 nobis
1714 1296 1803 1361 porto

164 1357 272 1430 Mau
287 1368 491 1430 Testamentum
505 1372 637 1443 loquitur,
650 1372 741 1430 adhue
754 1373 839 1430 multa
851 1374 957 1446 deeius
1009 1375 1117 1432 duobus
1132 1376 1232 1434 enbitis
1255 1387 1441 1435 mensuratur.
1458 1370 1522 1436 Siue
1534 1380 1618 1452 igitur
1631 1380 1801 1449 dodonaeo
1895 1378 1906 1397 '

165 1466 366 1537 tegnontr‘rat,
380 1478 443 1537 qua
456 1472 508 1521 ne'e
521 1463 724 1521 dumuldemus
737 1464 821 1537 620
836 1464 958 1537 impleta.
1000 1473 1119 1541 ‘ssorum
1144 1468 1301 1540 eloquium,
1334 1470 1376 1527 uel
1395 1479 1470 1528 uerte
1494 1466 1561 1529 tides
1580 1480 1667 1544 porta
1691 1473 1803 1531 stamina

166 1539 325 1628 'faurergo
347 1556 399 1613 erit
419 1564 447 1613 et
463 1553 532 1612 lion
552 1549 721 1614 Testamenti
743 1557 821 1627 llnis,
848 1571 911 1614 eum
932 1567 960 1615 et
1010 1559 1151 1631 signetur,
1178 1563 1206 1616 ln
1235 1576 1365 1618 mensura
1390 1564 1536 1635 utriusque
1558 1563 1655 1633 cubiti,
1680 1565 1803 1624 ebaritas

165 1650 228 1722 qllu
237 1648 272 1707 de
280 1661 313 1707 se
321 1649 448 1721 promisit
462 1650 626 1722 impleverim
647 1650 774 1709 Tinietur
784 1665 850 1708 aero
864 1638 961 1709 Testa·
1010 1666 1066 1710 non
1082 1652 1308 1711 inconvenienter
1328 1655 1437 1728 accipit.
1457 1654 1527 1724 Quia
1546 1665 1573 1713 et
1589 1657 1636 1714 ille
1649 1670 1714 1714 nera
1727 1672 1802 1728 pre·

167 1743 294 1799 laentum
303 1740 422 1811 Noram,
436 1741 500 1814 quia
521 1741 687 1814 perdeietur.
717 1741 786 1800 Nam
813 1742 960 1815 cumipse
1009 1745 1093 1814 dicat,
1113 1745 1160 1818 qui
1178 1744 1271 1803 lleine
1284 1746 1536 1819 prosimiarnorern
1550 1748 1805 1820 doeet‚etipsaest

166 1825 202 1893 dd
215 1847 272 1906 quo
286 1834 409 1907 loquitur
431 1834 509 1892 nisus
529 1834 623 1903 luerit,
641 1834 766 1907 ejusdem
789 1833 960 1893 Testamenti
1010 1847 1085 1897 certa
1102 1838 1321 1909 seientia‚quam
1334 1837 1456 1896 elrantas
1476 1839 1602 1909 adiurat,
1620 1850 1648 1898 et
1662 1840 1730 1900 udus
1754 1850 1804 1897 ro·

165 1930 250 1989 rerba
261 1930 418 1988 cessabunt.
447 1929 521 2002 Ergo
535 1929 645 1987 cubitus
662 1945 736 1987 unus
749 1939 793 1988 est
807 1930 870 1987 dnis
882 1937 960 1988 utro·
1010 1930 1091 1986 lrusta
1105 1934 1159 1998 est,
1182 1935 1245 2001 quae
1263 1943 1294 1986 se
1308 1928 1336 1985 ln
1353 1929 1534 1989 delectatione
1559 1930 1608 1990 ilai
1633 1943 1666 1990 ae
1684 1931 1804 2006 proximi

165 2024 297 2095 tumque,
317 2021 382 2094 qnia
397 2035 471 2079 unus
484 2029 528 2079 est
546 2022 604 2090 ille,-
624 2022 673 2094 qul
694 2021 784 2080 dixit:
807 2021 961 2094 818981811-
1011 2026 1130 2083 exereet.

167 2116 207 2173 dtr
220 2130 280 2172 sam
303 2130 363 2188 rgo,
380 2115 463 2171 doner
490 2124 625 2172 motuum
638 2109 725 2189 (Pani.
744 2117 879 2182 ιιιι111).
906 2115 961 2185 unt
1046 2116 1121 2190 (851)
1140 2110 1251 2176 dinatio
1264 2126 1381 2175 numero
1401 2110 1556 2173 intellectus
1576 2121 1605 2174 et
1619 2113 1804 2187 operatiode·

165 2200 243 2264 salu
255 2213 319 2263 eum
330 2203 414 2264 Patre
425 2214 453 2263 et
468 2203 573 2279 Spiritu
586 2215 683 2266 saneto
696 2208 862 2279 prasiorum
877 2209 960 2278 ereio,
1011 2207 1145 2280 signatur,
1163 2209 1234 2266 sicut
1248 2209 1276 2266 in
1296 2206 1445 2280 Evangelio
1456 2221 1524 2265 noea
1540 2202 1670 2264 Veritatis
1683 2207 1802 2264 dieitur:

165 2295 239 2355 tieut
251 2302 348 2369 passer
360 2298 461 2357 uniens
472 2298 499 2355 in
511 2297 637 2358 udinem
660 2296 712 2368 Qui
730 2300 961 2372 quemadmodum
1013 2296 1100 2354 liomo
1111 2299 1220 2372 quidam
1230 2314 1336 2371 peregre
1346 2298 1516 2371 proficiscens
1530 2298 1632 2353 roserit
1645 2313 1732 2352 ursos
1741 2310 1805 2351 asos

166 2374 289 2460 inpleris
302 2389 388 2462 legem
402 2405 451 2463 per
464 2392 624 2465 mysterium
640 2388 841 2451 incarnationis
854 2400 882 2450 et
895 2407 961 2464 per·
1011 2399 1037 2446 rt
1052 2390 1165 2446 tradidit
1178 2389 1235 2446 illis
1253 2391 1321 2446 imru
1336 2405 1387 2445 suu
1400 2405 1412 2456 ,·
1439 2397 1465 2446 et
1482 2391 1528 2445 uni
1541 2389 1613 2446 dedit
1627 2389 1742 2462 quinque
1762 2395 1806 2457 tu·

166 2467 249 2538 nem
272 2480 452 2539 humanitatis
480 2497 550 2551 suen
573 2483 611 2565 ita
626 2483 793 2542 Testamenti
811 2482 880 2542 Nori
895 2498 961 2556 pro-
1012 2482 1094 2551 lenis,
1105 2482 1154 2537 ulii
1166 2491 1255 2538 antem
1266 2481 1330 2551 duo,
1342 2481 1392 2538 ulii
1402 2498 1462 2538 uero
1477 2497 1560 2536 annm
1571 2479 1681 2569 (lluttlr.
1694 2490 1744 2547 ιι,
1757 2477 1805 2549 li,

166 2569 253 2628 tulna
281 2569 445 2641 impleturus
470 2580 512 2629 est
528 2586 577 2644 per
592 2582 731 2632 ostensam
746 2573 862 2647 gloriam
881 2573 962 2632 elnrl-
1012 2573 1069 2645 15).
1090 2570 1217 2644 Quinque
1230 2571 1331 2628 etenim
1351 2571 1463 2629 talemis
1478 2571 1594 2640 donum,
1608 2571 1807 2644 quinqueten·

164 2660 309 2723 stersus.
1012 2680 1112 2733 suurn,
1149 2664 1176 2720 id
1198 2672 1241 2721 est
1267 2662 1433 2721 esteriorum
1461 2662 1604 2721 seientiam
1631 2660 1806 2733 exprimitur.

457 2774 599 2833 cqpup
634 2775 671 2835 ῃ,
1012 2755 1126 2813 lluoirus
1152 2769 1218 2811 tero
1245 2755 1400 2813 intellectus
1428 2762 1457 2813 et
1484 2755 1608 2827 operalio
1636 2752 1805 2826 designatum
1903 2750 1908 2755 ’

478 2877 513 2921 nn
536 2879 655 2924 ntimo,
1012 2849 1096 2907 unius
1117 2864 1183 2907 vero
1200 2850 1296 2906 talenti
1319 2848 1432 2906 nomine
1450 2848 1604 2910 intellectus
1616 2846 1808 2907 tantummodo

168 2942 203 3018 itt
219 2944 360 3031 dormiunt
374 2974 463 3027 terrm
479 2957 584 3015 dinatio
604 2975 725 3029 numero,
746 2959 893 3084 aliquando
907 2962 961 3019 dato
1013 2941 1180 3015 (1111811θωῦ

202 3039 335 3103 proeerpta
348 3030 501 3097 claritatis,
528 3030 635 3086 dileetio
656 3029 707 3086 un·
728 3031 848 3087 aidriert
862 3042 888 3086 rt
900 3045 999 3108 pro-c
1049 3034 1124 3108 (858)
1142 3033 1254 3092 Binaria
1272 3047 1389 3092 nurnero
1407 3032 1519 3106 perlecti
1533 3033 1561 3089 in
1576 3033 1720 3104 charitate,
1734 3032 1808 3092 siout

202 3101 271 3157 ‘imi
286 3100 451 3185 39²⁵4¹⁸⁰³⁶9
466 3099 616 3184 ‘'mu“fm
633 3109 659 3155 θ’
671 3102 800 3171 ‘dmm’
818 3100 964 3185 ‘'liquid‘’
1015 3128 1044 3184 ln
1069 3126 1218 3201 Evangelio
1239 3124 1328 3184 Lueas
1350 3124 1438 3182 dieite
1456 3125 1611 3198 designarit
1635 3111 1807 3183 metauri

202 3171 314 3242 perfetta
329 3169 513 3237 inclamate,
542 3170 688 3242 aliquando
710 3172 764 3226 duo
781 3183 964 3243 conrpnnctru·

203 3241 246 3297 gg,
260 3247 368 3314 mm,
389 3239 536 3313 (ἥρωα)
565 3241 618 3296 gp„
638 3239 806 3298 pamm
820 3243 964 3316 pagam,
1013 3219 1082 3277 aiios
1095 3219 1265 3292 septuaginta
1288 3219 1356 3275 daos
1370 3231 1396 3276 rt
1410 3219 1483 3275 misit
1506 3217 1569 3274 iiior
1592 3219 1668 3275 linos
1682 3227 1744 3276 utto
1763 3217 1809 3314 sm

203 3323 260 3368 tar.-
1015 3316 1082 3370 ciem
1096 3328 1174 3369 suern
1184 3312 1213 3367 in
1223 3327 1326 3368 omnem
1339 3312 1508 3367 sinistrant
1518 3308 1606 3365 locam
1619 3311 1808 3383 quoerdtipas

203 3402 317 3461 llintrio
340 3411 457 3461 numero
466 3402 523 3462 duo
537 3412 673 3476 praecepta
686 3404 842 3475 eharitatis,
853 3405 965 3464 dileetio
1013 3415 1138 3462 unsarai
1164 3402 1242 3476 (Lar.
1267 3419 1296 3472 x,
1317 3402 1355 3475 1).
1375 3401 1509 3459 Dominus
1533 3400 1616 3474 022
1636 3410 1665 3458 et
1681 3395 1809 3479 Salvatrir

168 3492 296 3551 tideucet
304 3492 354 3551 [lei
367 3503 395 3551 et
407 3494 734 3567 proxirni,designantur,
748 3496 821 3553 sieut
835 3512 884 3569 par
895 3497 965 3556 Eze-
1013 3507 1107 3556 noster
1122 3495 1270 3568 aliquando
1291 3509 1343 3552 nos
1353 3493 1538 3562 sermonibus,
1556 3493 1708 3565 aliquando
1720 3495 1809 3567 operi·

169 3583 285 3644 elidem
296 3582 398 3643 dieitur
417 3604 425 3643 ι
447 3583 649 3642 Etmansurrat
660 3587 869 3660 frontrmportrs
888 3589 964 3662 (888)
1013 3593 1066 3650 bus
1076 3591 1216 3649 admonet.
1242 3589 1304 3663 ipsa
1319 3589 1393 3648 euim
1410 3587 1483 3646 laeta
1505 3588 1566 3660 ejus
1578 3601 1712 3661 praeopta
1731 3598 1808 3659 sunt.

170 3677 272 3734 dtoltr
285 3678 381 3735 aalide
396 3678 505 3753 (Erret.
522 3695 567 3748 ιι,
586 3679 625 3753 9).
651 3679 740 3737 Frons
755 3680 858 3738 etenim
875 3690 964 3753 portas
1013 3686 1079 3756 qnia
1090 3682 1157 3741 dum
1176 3680 1281 3754 aliquid
1302 3681 1401 3738 tacitus
1426 3679 1502 3749 iacit,
1516 3680 1584 3753 quid
1608 3695 1689 3753 agere
1706 3665 1810 3739 debet-¹·

169 3777 213 3830 ett
234 3772 363 3830 meritum
380 3772 444 3831 nitu
456 3772 610 3846 praeseutist
640 3772 813 3832 sicutenim
838 3776 962 3834 vestihu÷
1014 3791 1077 3833 mus
1101 3774 1259 3832 innotescit·
1287 3771 1358 3830 Eece
1379 3781 1472 3831 antem
1490 3772 1572 3830 binus
1591 3774 1618 3829 in
1637 3772 1812 3846 pradicatio‘

170 3847 228 3921 iuln
255 3863 372 3923 numnius
394 3880 514 3938 superna
537 3865 646 3939 requies
673 3865 753 3924 debet
777 3865 903 3940 intelligi,
924 3867 964 3924 ita
1015 3884 1077 3926 nem
1094 3868 1191 3938 mittit;
1222 3866 1288 3939 quia
1302 3866 1377 3923 enim
1395 3865 1452 3924 duo
1469 3874 1535 3924 sunt
1559 3874 1693 3938 praeeepta
1718 3866 1810 3923 ohari-

169 3957 221 4031 pet
242 3953 360 4016 frontem
379 3966 465 4031 portae
480 3971 594 4016 neuemo
610 3965 653 4016 est
666 3958 826 4030 qualitatem
847 3958 965 4018 visibilis
1015 3960 1079 4018 tatis
1097 3960 1157 4029 liei,
1174 3959 1300 4017 videlieet
1320 3974 1399 4015 amur
1412 3967 1439 4016 et
1451 3958 1569 4030 proniml
1579 3969 1608 4014 et
1617 3959 1711 4015 minus
1724 3973 1809 4028 qutun

170 4048 235 4107 titre
251 4049 366 4123 signari.
395 4048 472 4124 (889)
490 4048 578 4106 Frons
592 4057 659 4122 ergo
684 4058 771 4121 porte
784 4047 893 4107 duobus
915 4063 964 4106 eu·
1015 4054 1086 4110 inter
1105 4053 1175 4111 duos
1192 4052 1314 4110 charitas
1327 4051 1421 4108 habui
1434 4067 1490 4110 non
1506 4051 1606 4123 potest.
1636 4047 1809 4106 Nemoeuim

170 4223 222 4297 uei
240 4253 273 4296 ae
287 4236 404 4310 proximi
424 4250 534 4294 servare
553 4235 699 4301 studuerit,
725 4235 783 4306 ipse
801 4235 836 4293 ad
855 4236 966 4293 aeterni·
1015 4237 1063 4296 sed
1082 4236 1266 4294 dilectionese
1277 4236 1304 4293 in
1322 4237 1438 4293 alterum
1452 4236 1538 4293 tendit
1554 4242 1584 4292 ut
1608 4248 1671 4291 esse
1688 4232 1810 4291 munus

171 4325 239 4388 iatis
257 4329 358 4385 atrium
372 4328 511 4400 pertingit.
539 4325 599 4383 Vita
615 4327 697 4400 iguur
714 4338 818 4392 nusum
838 4336 870 4385 ut
895 4327 964 4384 duro·
1016 4325 1127 4398 possit:
1151 4323 1233 4381 binos
1255 4322 1289 4380 ad
1314 4320 1519 4395 predicandum
1542 4319 1694 4392 discipulos
1712 4315 1809 4374 unul-

172 4421 226 4478 b'ns
238 4418 338 4477 euldtis
352 4419 389 4475 sit
401 4425 569 4487 mensurata,
585 4426 659 4475 tenui
672 4418 795 4490 quotidie
813 4433 862 4490 per
873 4417 966 4475 ehari-
981 4397 1003 4454 Β
1017 4431 1071 4474 uus
1093 4416 1175 4473 mittit
1188 4424 1325 4488 quatenus
1339 4415 1384 4472 nie
1403 4414 1486 4471 nobis
1507 4412 1608 4469 tacitus
1622 4410 1729 4474 innuat,
1743 4406 1811 4479 quit

171 4509 257 4567 tatem
267 4509 348 4567 debet
367 4508 447 4581 011
461 4508 488 4564 in
503 4523 625 4566 amorum
644 4506 691 4564 Dei
703 4507 787 4565 simul
797 4517 825 4565 et
835 4508 965 4581 proximi.-
1016 4507 1063 4582 qui
1074 4508 1234 4565 charitatem
1245 4522 1308 4580 erga
1320 4505 1437 4563 alterum
1450 4518 1506 4561 non
1525 4504 1619 4570 habet,
1643 4496 1811 4574 praedieatio-

170 4587 234 4661 iluna
252 4602 327 4660 enirn
351 4601 473 4659 elruritas
500 4608 544 4658 est
568 4614 643 4669 nera,
664 4599 799 4657 siminus
817 4615 833 4656 a
857 4599 966 4656 duodus
1016 4598 1061 4655 nis
1076 4595 1196 4654 oideium
1213 4597 1353 4669 suscipere
1367 4595 1523 4652 nullatenus
1540 4594 1631 4651 delret.

172 4693 274 4752 subitis
293 4693 384 4752 nubet·
418 4690 496 4749 llnde
523 4690 640 4765 Moyses,
656 4706 718 4748 eum
731 4706 785 4763 ¹per
799 4691 904 4748 uolones
917 4704 967 4746 ve·
1051 4689 1163 4747 Binario
1180 4704 1297 4747 numero
1319 4688 1375 4745 duo
1400 4686 1620 4759 compunctionis
1648 4693 1752 4758 genem
1769 4678 1811 4739 si·

172 4785 268 4855 illlum,
282 4788 435 4844 electorum
447 4783 562 4841 virtutes
574 4783 740 4854 exprimeret
753 4782 781 4837 in
801 4789 968 4838 omsmeuto
1017 4794 1137 4859 guantur
1147 4783 1182 4840 de
1193 4778 1297 4856 quibus
1309 4781 1372 4839 ride
1383 4781 1401 4836 lr
1414 4797 1456 4849 ιιι,
1468 4795 1493 4837 e.
1507 4780 1536 4848 5,
1547 4778 1612 4836 dist.
1625 4776 1651 4835 6.

171 4877 312 4951 pontilicis
322 4876 366 4934 lais
378 4876 494 4934 tinetum
506 4885 620 4931 eoseum
629 4872 708 4945 jubet
718 4870 853 4928 adhiberi.
864 4870 967 4943 (lineri.
1053 4876 1128 4949 (855)
1147 4873 1270 4943 Βίηιιιίο,
1285 4874 1340 4930 duo
1352 4872 1528 4929 Testamenta
1537 4847 1812 4943 designautnrsseimt

172 4978 272 5040 tntu,
296 4971 335 5044 5).
361 4970 432 5039 Quid
451 4983 571 5041 namque
588 4981 637 5040 per
661 4980 777 5023 eoseum
794 4963 847 5022 nisi
873 4965 967 5023 eburi·
1018 4970 1054 5028 ad
1076 4969 1187 5043 lloysen
1210 4982 1278 5024 noue
1298 4964 1438 5022 [lominica
1464 4965 1588 5022 dieitura
1610 4963 1685 5019 litos
1706 4965 1812 5037 quoqu

172 5066 217 5125 111
228 5064 398 5137 designatur,
409 5073 472 5134 quau
494 5075 603 5132 semper
619 5057 729 5115 damma
748 5057 852 5115 arnonis
868 5068 969 5114 aceen-
1017 5061 1262 5127 cnemdimeareor,
1275 5065 1300 5113 et
1311 5055 1472 5128 productiles
1482 5057 1603 5127 faeiem
1614 5045 1812 5128 struqaepa'rtt

172 5156 271 5216 dituri
298 5153 352 5212 sen
374 5169 476 5212 eduens
499 5152 542 5210 lris
565 5150 690 5224 tingitur,
708 5150 820 5224 quando
843 5162 899 5205 non
920 5162 968 5206 so·
1018 5152 1122 5208 armati
1133 5149 1234 5226 (unu.
1247 5163 1346 5214 saurir,
1363 5147 1418 5217 18).
1429 5146 1579 5203 Cherubim
1596 5161 1669 5202 uuus
1681 5145 1716 5202 sit
1729 5131 1814 5232 iuda·

173 5237 232 5308 itm
247 5263 281 5306 er
294 5259 390 5304 amore
416 5243 475 5313 uel,
494 5245 543 5302 sed
557 5244 639 5302 οιίιιιιι
655 5242 774 5316 proximi
790 5249 886 5299 nostra
900 5242 970 5298 elna·
1018 5254 1076 5303 tere
1087 5258 1143 5302 uno
1157 5253 1185 5301 et
1199 5242 1268 5300 alter
1283 5242 1310 5298 in
1332 5240 1419 5297 altero
1434 5258 1441 5296 ι
1461 5247 1491 5295 nt
1506 5248 1654 5310 utrumque
1666 5239 1738 5294 latus
1747 5251 1765 5309 p

173 5331 450 5403 lildsindammatur·
476 5337 689 5411 Numquisquis
709 5337 751 5395 sie
775 5335 966 5405 amaturum,
1017 5337 1148 5412 pitiatnrii
1179 5343 1271 5408 tegunt
1299 5332 1483 5404 expendentes
1511 5330 1581 5396 alas,
1601 5340 1630 5388 et
1655 5233 1815 5520 operiet}

208 5464 285 5550 titi)
303 5463 344 5534 tis
358 5473 434 5535 horat.
448 5470 484 5534 tt
506 5476 534 5533 in
549 5463 661 5542 lidron..
676 5483 740 5546 post
753 5473 885 5531 medium.
1015 5472 1121 5545 iuncta.
1326 5538 1333 5552 α

222 5545 275 5602 888
294 5545 347 5602 Tul
367 5539 966 5629 .inaltetprodiutioneportarpronomenejrra.
1065 5543 1115 5597 851
1148 5539 1189 5596 Ex
1204 5542 1279 5596 nom.
1295 5535 1472 5621 innviitang.

223 5613 277 5669 888
306 5614 347 5671 Ex
376 5625 433 5672 ont.
445 5618 478 5673 to
494 5632 521 5697 nn
532 5613 632 5682 Erech,
646 5614 816 5696 longiuscule
829 5614 865 5669 ab
876 5623 965 5695 turtio.
1065 5611 1118 5666 858
1149 5608 1329 5694 11ι1ιοιιι.15
1351 5624 1378 5664 m
1399 5606 1501 5678 Erang.

212 5683 288 5759 (858)
307 5682 371 5741 idue
396 5693 461 5742 sunt
478 5686 649 5759 aliquantum
673 5681 885 5755 nsnpesrorilrus
909 5684 966 5741 dns·
1064 5680 1117 5737 855
1142 5678 1182 5736 lu
1194 5679 1301 5736 homno
1322 5693 1351 5736 ιιι
1365 5675 1637 5751 Enoch-,paulopost
1649 5670 1781 5735 modim·
