3817 6000
97 221 171 280 lita
401 218 682 278 communibit
701 218 735 274 ln
754 218 925 276 PSALMOS.
946 247 981 260 -
999 216 1090 272 PARS
1109 216 1141 272 ll.
1157 243 1196 263 -ι
1208 215 1307 275 esst.
1326 215 1422 273 xxvi.
1665 224 1736 284 ml

100 336 159 394 Una
171 343 214 392 est
228 335 309 391 Petra
323 345 474 407 petrarum,
486 337 513 391 in
525 352 579 407 qua
591 337 725 408 resupinat
734 346 778 391 est
786 336 895 391 beriaa·
908 339 930 397 ,ι
946 349 1038 388 meum
1053 331 1220 389 desiderium
1235 341 1264 388 et
1278 332 1400 388 illerum.
1414 330 1483 388 Nam
1499 348 1550 406 eqo
1562 325 1645 391 nnana
1658 339 1735 409 petil,

96 427 251 499 ciiaffsnl.
269 443 329 493 clll,
346 428 401 499 18),
416 429 443 484 in
458 445 513 501 qun
527 436 555 485 et
565 445 616 500 ego
629 430 714 485 David
731 430 811 501 quasi
827 445 892 499 pnr—
946 425 984 480 illi
1011 424 1095 479 ιιιιιΙιιι
1120 432 1225 496 pellini-
1250 422 1387 480 Laborem
1408 426 1446 480 illi
1469 427 1498 481 ill
1526 427 1643 485 circuilu
1657 433 1737 502 quati

96 537 150 578 rus
164 521 322 576 herinacius
335 521 471 593 retugium
494 522 589 585 babai,
602 531 630 578 et
650 522 748 589 liabeo,
762 522 809 593 qui
830 523 895 577 lieet
945 523 1004 572 rata
1024 532 1097 572 uurrc
1114 516 1178 572 elati
1192 517 1331 588 prosperis
1351 534 1426 574 nunc
1446 520 1567 590 depressi
1591 522 1728 580 adversis.

95 623 273 697 peccatorum
299 614 387 685 spinis
401 615 526 681 minutis,
536 623 565 670 et
579 614 748 686 quotidianis
763 625 838 670 totus
849 613 893 667 in·
945 607 1003 680 Epo
1017 623 1083 663 rero
1094 608 1174 679 quasi
1189 619 1286 664 centro
1300 609 1415 667 unitatis
1439 612 1580 669 maerens
1601 622 1657 669 tam
1671 629 1734 684 pro·

96 708 194 764 reniar
208 717 354 778 coopertus
373 719 403 763 ιιι
426 708 594 775 herinacius,
605 710 647 764 vel
670 709 784 773 ericius.
801 717 893 765 tamen
945 713 1026 769 spera
1049 699 1132 768 hui'ffl
1153 697 1259 764 mundb
1275 715 1359 770 (luam
1388 701 1503 758 adimi
1527 703 1682 774 desiliclem
1710 704 1738 760 5¹¹

96 797 328 856 iniuraminibus
341 809 437 870 petra,
450 799 477 855 id
496 808 539 856 est
558 801 584 855 iu
606 799 767 856 vulneribus
780 797 891 863 Christi,
946 805 1003 844 ¹¹⁰⁰
1033 804 1142 860 se¹¹¹1)er
1166 789 1302 846 (Ιθὲῑᾶθιῑθ
1318 790 1368 858 lui,
1389 801 1417 848 0²
1442 808 1552 865 sember
1564 811 1644 850 “imm
1662 795 1739 868 imma

96 889 146 961 qui
168 898 211 944 est
223 904 313 960 agnus
342 889 441 945 tollens
453 900 565 961 peccata
587 890 693 956 mundi,
713 877 772 961 'spe
790 888 893 945 bruris-
944 882 1014 937 lane
1025 883 1169 953 requiram,
1181 890 1211 935 ut
1226 882 1372 939 r'nbabitear
1384 885 1412 939 in
1430 885 1509 940 darno
1528 885 1637 943 Domini
1650 886 1740 948 arani·

98 982 169 1039 sima
193 982 348 1054 requiesco,
372 983 437 1038 dum
455 977 528 1038 sicu't
552 983 612 1053 ipse
636 984 664 1037 in
680 997 773 1048 cruce,
792 983 829 1037 ita
842 996 894 1053 ego
945 975 994 1029 ⁶¹¹⁸
1012 973 1104 1029 dicitu
1119 974 1180 1030 vlloe
1192 991 1267 1031 metv-

97 1089 211 1146 quoque
234 1089 285 1145 pro
313 1073 435 1130 inimicis
457 1089 518 1142 ore,
544 1082 627 1145 atque
654 1074 709 1130 illis
733 1073 895 1130 cadentibus
980 1069 1084 1127 Omnes
1109 1071 1158 1142 qui
1183 1069 1278 1126 illicita
1299 1081 1441 1142 appetunt,
1460 1075 1503 1128 rel
1525 1074 1553 1130 in
1578 1075 1631 1132 boc
1656 1091 1739 1132 mun-

98 1166 127 1220 ιιι
166 1175 260 1222 rorante
286 1165 389 1224 Gelboe
427 1167 629 1238 compassionis
664 1169 805 1239 planctum
831 1181 894 1237 pcr—
945 1162 981 1218 do
1001 1162 1087 1218 rideri
1111 1162 1215 1233 aliquid
1234 1163 1339 1232 uolunt,
1358 1164 1451 1221 densis
1475 1166 1673 1238 cogitationum
1694 1177 1739 1224 tu·

97 1260 187 1315 solra.
945 1256 1079 1312 mullibus
1092 1257 1118 1311 in
1134 1258 1217 1314 eorde
1227 1266 1399 1328 premuntur,
1411 1257 1532 1329 dumque
1540 1258 1738 1315 desideriorum

134 1349 198 1405 ideo
212 1364 266 1406 non
285 1350 375 1406 solum
391 1350 511 1407 iuturam
525 1366 607 1421 spero
622 1350 816 1407 exaltationem
832 1360 895 1422 post
944 1346 1041 1403 turbas
1061 1347 1133 1402 intra
1156 1361 1186 1404 se
1203 1351 1333 1415 eiciunt,
1349 1356 1516 1417 prostratam
1532 1359 1651 1405 mentem
1671 1352 1740 1422 pede

98 1443 224 1499 ultimam
251 1443 369 1514 regalem
391 1444 561 1509 unctionem,
590 1459 651 1514 qnae
674 1443 762 1499 beatis
775 1444 894 1515 reposita
945 1437 1054 1494 miserae
1080 1435 1310 1508 frequentationis
1343 1438 1459 1493 calcant.
1485 1438 1520 1493 At
1537 1448 1634 1494 eontra
1650 1441 1739 1496 sarrcti

97 1541 142 1590 cst
166 1535 194 1589 in
217 1534 311 1600 linem,
336 1537 448 1606 quanda
472 1535 499 1590 iu
519 1537 721 1592 resurrectione
743 1536 895 1607 percipient
945 1530 1008 1597 Viri.
1022 1530 1087 1601 (luit
1106 1530 1175 1586 nihil
1191 1529 1274 1601 bilius
1294 1529 1390 1586 mundi
1404 1539 1546 1602 appetunt,
1567 1532 1650 1588 nullis
1674 1548 1740 1604 pro·

98 1627 186 1683 sancti
204 1625 324 1696 Spiritus
334 1627 442 1696 plenam
457 1625 639 1693 dulcedinem,
656 1634 686 1682 ut
700 1627 829 1698 gaudium
847 1643 895 1684 eo·
945 1625 991 1680 cul
1011 1623 1096 1679 dubio
1113 1623 1142 1678 in
1160 1622 1243 1678 corde
1260 1622 1424 1678 tumultibus
1445 1632 1619 1702 premuntur.
1637 1621 1740 1680 brunes

98 1735 161 1775 rum
184 1720 215 1775 lit
239 1719 363 1791 plenum,
386 1719 538 1775 sedetiam
566 1735 635 1773 nnnc
661 1720 791 1774 exaltant
814 1730 894 1791 capnt
946 1718 1047 1788 quippe
1071 1715 1242 1771 inordinatos
1267 1714 1470 1771 desideriorum
1503 1725 1630 1771 motura
1655 1718 1740 1773 cubili

99 1827 297 1879 meamnunc,
318 1811 384 1867 licet
404 1810 772 1882 eorpusmortuum‚idest
792 1811 896 1883 absque
945 1807 1039 1865 cordis
1061 1822 1145 1861 manu
1168 1813 1270 1862 sanctae
1302 1806 1532 1863 crrrrsiderationis
1554 1808 1677 1878 ejiciunt.
1707 1808 1740 1863 m

98 1902 184 1958 dubio
201 1903 364 1958 moriturum
383 1902 419 1959 sit
438 1911 548 1974 prepter
571 1911 725 1974 peccatum,
744 1913 835 1959 tamen
850 1920 896 1958 rn·
945 1900 1010 1972 quia
1025 1891 1183 1955 rrarrsndria
1203 1906 1302 1954 cuncta
1315 1896 1480 1968 despiciunt,
1493 1915 1528 1955 cx
1540 1899 1584 1955 bis
1600 1901 1675 1957 nasei
1690 1915 1739 1958 co·

98 2013 147 2067 per
172 1997 295 2051 inimicae
326 2012 396 2051 meas
422 1994 552 2052 eamraait
577 2006 656 2067 rapat
684 2012 781 2063 rocam,
806 1996 834 2051 id
853 2005 897 2053 est
945 1993 1109 2065 gitatinnum
1130 1991 1294 2048 insolentias
1315 2006 1371 2046 non
1385 1991 1537 2061 patiuntur.
1551 1992 1643 2048 Salam
1661 2009 1741 2049 nam·

100 2096 231 2155 mentem,
245 2103 307 2158 qnae
319 2088 534 2154 condelectatur,
552 2094 580 2142 et
593 2086 678 2142 servit
689 2087 741 2158 legi
760 2086 820 2152 Dei,
832 2086 897 2143 licet
945 2101 1001 2157 que
1014 2096 1144 2141 aeternam
1160 2085 1277 2156 patriam
1288 2092 1434 2154 appetunt;
1448 2094 1476 2141 et
1491 2085 1555 2157 quia
1569 2087 1644 2142 nulla
1659 2103 1740 2143 mun-

99 2179 207 2250 captira
233 2188 358 2235 tencatur
378 2179 507 2234 incarne
539 2178 676 2234 serviente
697 2178 750 2251 legi
780 2179 894 2250 peceati.
946 2177 974 2232 di
988 2176 1071 2244 liujus
1084 2176 1217 2248 diligunt,
1237 2189 1336 2246 magna
1349 2177 1449 2231 meritis
1465 2177 1662 2249 tranquillitate
1677 2194 1741 2249 per·

102 2269 178 2327 lianc
200 2271 330 2327 exaltavit
346 2287 425 2341 rapcr
447 2287 536 2325 ornnes
559 2271 680 2326 inimicas
700 2287 782 2336 mear,
803 2271 829 2325 id
853 2280 897 2328 est
947 2271 1087 2326 fruuntur.
1107 2272 1148 2327 An
1171 2285 1226 2326 non
1251 2281 1366 2328 cunctos
1389 2285 1452 2327 ase
1479 2271 1676 2343 cogitationum
1700 2281 1741 2328 tu·

99 2379 185 2433 super
202 2362 319 2417 uitiosos
333 2362 480 2432 appetitus,
499 2370 528 2415 ut
546 2376 601 2416 ιιοιι
623 2376 689 2416 caro
707 2361 826 2432 spiritui,
847 2361 896 2419 sed
947 2364 1051 2419 multus
1075 2363 1228 2435 expulerat,
1244 2364 1292 2435 qui
1313 2363 1444 2419 dicebat:
1463 2361 1549 2417 Uraarn
1565 2365 1630 2434 petii
1650 2381 1667 2420 a
1684 2363 1741 2420 Da·

100 2456 215 2527 spiritus
236 2454 394 2510 dominetur
406 2453 502 2509 'currui
520 2451 568 2507 Vel
592 2463 670 2523 capnt
694 2469 792 2522 meum,
812 2454 839 2509 id
854 2463 897 2510 est
947 2456 1028 2522 raian,
1041 2455 1110 2509 lianc
1122 2457 1267 2528 requiram,
1280 2465 1310 2510 ut
1319 2455 1464 2511 iababitern
1477 2456 1506 2510 in
1519 2454 1598 2511 dama
1610 2455 1741 2514 Domini?

99 2547 253 2614 cbristum,
278 2548 326 2618 qui
350 2555 393 2603 est
418 2554 501 2617 eaput
524 2546 587 2614 viri,
603 2545 676 2600 sicut
695 2545 737 2600 uir
752 2555 835 2617 caput
854 2555 897 2602 est
946 2549 969 2602 Α
990 2547 1144 2619 frequentia
1159 2548 1260 2620 quippe
1276 2558 1449 2604 terrenorum
1477 2549 1676 2606 desideriorum
1693 2550 1740 2608 iu·

99 2640 237 2705 mulieris,
264 2638 396 2696 exaltarit
421 2654 504 2709 super
524 2652 622 2695 omnes
643 2639 741 2705 aceles,
756 2638 830 2709 quod
845 2653 896 2710 ego
947 2649 1024 2712 gerat
1051 2641 1084 2696 ad
1112 2655 1241 2713 magnam
1261 2639 1449 2707 solitudinem,
1468 2640 1678 2698 uidelicetintra
1693 2655 1740 2703 se·

99 2730 187 2788 Dauid
203 2731 335 2802 propbeta
349 2731 409 2786 sine
427 2731 512 2786 dubio
528 2728 651 2786 loturum
676 2731 768 2786 sciens
782 2730 897 2786 enuntio
947 2734 1106 2803 metipsum,
1121 2733 1168 2788 ubi
1188 2748 1223 2788 ee
1236 2733 1326 2788 tutius
1341 2732 1410 2787 nihil
1424 2741 1584 2789 extraneum
1597 2735 1740 2806 conspice·

101 2824 182 2899 quasi
201 2824 380 2895 preteritum.
403 2821 459 2894 Ego
483 2831 575 2879 autem
599 2823 717 2895 quilibet
729 2822 897 2879 ecclesiasti·
947 2834 999 2892 ret,
1014 2840 1070 2897 quo
1092 2825 1280 2896 incompetens
1293 2824 1333 2880 nil
1347 2826 1496 2881 amaretn
1513 2826 1631 2882 tumultu
1645 2842 1740 2886 rerum

101 2934 153 2977 cus
165 2934 228 2975 curn
247 2915 331 2973 Dauid
351 2915 422 2972 fideli
440 2914 529 2971 tidelis
541 2915 598 2987 jam
623 2916 714 2972 sciens
728 2915 895 2986 praeteritum
947 2919 1138 2990 temporalium
1158 2933 1288 2991 magnum
1306 2921 1454 2990 quemdam
1472 2935 1611 2977 secessum
1624 2924 1741 2994 petierat

100 3012 270 3069 conlidenter
290 3010 413 3066 dieazet
439 3023 508 3063 nanc
538 3010 666 3064 exaltarit
696 3017 775 3081 caput
796 3024 895 3075 meam,
909 3023 931 3083 (ς
947 3012 1068 3083 quietam
1084 3019 1214 3079 mentem,
1228 3012 1255 3071 in
1270 3028 1324 3084 qua
1346 3022 1421 3070 tanto
1434 3014 1530 3084 purius
1541 3014 1627 3071 lleum
1642 3032 1740 3075 oerne-

101 3107 129 3163 id
148 3113 191 3162 cst
208 3105 342 3161 christum
360 3103 446 3158 totius
471 3102 601 3160 Ecclesiae
625 3110 718 3173 caput,
743 3117 823 3172 anper
840 3117 898 3157 aar·
948 3116 1000 3172 ret,
1019 3112 1123 3176 quanto
1136 3105 1210 3161 laune
1231 3105 1307 3161 solus
1321 3105 1410 3161 solum
1430 3106 1573 3163 inveniret.

102 3216 147 3253 aas
168 3199 289 3253 inimicae
314 3211 397 3262 mear,
410 3194 530 3265 traaas,
552 3196 705 3262 baereticns,
726 3211 848 3267 paganos
870 3203 898 3251 et
983 3195 1017 3251 Et
1033 3195 1143 3267 quidem
1165 3196 1310 3253 seculares
1325 3199 1378 3253 lrnc
1392 3197 1510 3254 volubile
1530 3198 1660 3255 smerrlum
1680 3199 1741 3255 dili·

102 3291 188 3346 lnlsos
211 3288 382 3345 Christianos
414 3288 457 3343 vel
480 3287 594 3358 spiritus
615 3287 760 3358 malignos.
775 3286 829 3343 Pro
853 3287 897 3344 bis
948 3298 1117 3360 gentescum
1138 3288 1200 3359 ipso
1220 3289 1422 3357 volvuntur,et
1440 3290 1552 3361 inipso,
1575 3300 1657 3363 atque
1677 3309 1740 3349 cum

101 3379 232 3438 omnibus
247 3378 397 3434 berredeiis.
947 3380 1008 3452 ipso
1024 3379 1203 3436 circumeunt.
1235 3378 1292 3451 Ego
1316 3390 1409 3437 autem
1423 3380 1508 3437 llarirl
1533 3381 1618 3437 senrel
1641 3392 1741 3438 unctus

138 3472 273 3539 Cireaiba,
295 3482 322 3526 ct
342 3470 566 3541 immolaba'(59)
592 3471 621 3525 in
641 3469 814 3526 tabernaculo
838 3470 897 3542 cjaa
947 3471 1078 3527 unctione
1110 3469 1211 3527 divina
1244 3472 1440 3528 misericordiae
1478 3488 1527 3543 per
1558 3470 1736 3541 Samuelem,

101 3564 218 3619 beatiam
235 3562 407 3634 jubilationis
424 3561 451 3616 in
475 3560 626 3633 gratiarum
648 3561 766 3616 actione.
784 3559 897 3632 thuia
947 3563 991 3619 rel
1019 3577 1070 3635 eqo
1105 3562 1219 3633 quilibet
1249 3561 1399 3632 innocens,
1431 3572 1479 3620 aut
1506 3565 1642 3635 poenitens
1677 3582 1740 3621 cum

103 3657 162 3727 ipse
186 3672 216 3712 se
231 3642 299 3710 mibi
312 3654 408 3711 ducem
433 3655 544 3724 praebet,
571 3668 622 3725 ego
636 3669 681 3710 me
705 3652 744 3709 illi
762 3652 898 3710 exhibebo
947 3653 1033 3710 Dauid
1047 3663 1172 3725 suscepta
1188 3655 1317 3710 unctione
1327 3656 1425 3726 prima,
1438 3672 1499 3728 qum
1510 3667 1552 3714 est
1565 3668 1740 3729 peccatorum

103 3748 230 3814 militem,
245 3743 521 3815 etipsaducequasi
537 3744 743 3801 milescr‘rcur‘ba
759 3744 898 3801 incastris
948 3744 1128 3816 indulgentia,
1151 3753 1177 3799 et
1201 3746 1349 3800 secundani
1374 3759 1545 3817 exspectans,
1565 3765 1627 3819 qnae
1651 3758 1694 3805 est
1712 3748 1739 3802 iu

102 3842 164 3912 ejus
179 3834 355 3897 consociatus
368 3842 423 3897 illis
438 3840 587 3912 dequibus
600 3840 669 3895 alias
688 3839 790 3896 dicitur
805 3859 811 3894 :
828 3837 899 3895 Can·
946 3836 1048 3891 uirtute
1065 3836 1237 3904 meritorum,
1259 3852 1291 3892 ae
1308 3837 1426 3904 terliarn,
1441 3855 1503 3909 quae
1526 3848 1569 3895 cst
1586 3840 1613 3895 in
1627 3841 1742 3896 beatitu-

103 3942 238 3989 oerteatur
254 3935 290 3986 ad
306 3950 450 4004 uesperam,
466 3933 563 4003 [aorem
575 3934 711 4003 patientur
725 3940 754 3986 ut
771 3948 860 3999 canes,
872 3940 898 3985 et
947 3927 1012 3984 dine
1031 3926 1219 3997 premiorum,
1242 3926 1298 3984 ileo
1318 3929 1420 4000 gratias
1443 3945 1528 4002 agens
1549 3947 1600 4001 pro
1613 3933 1742 3990 unctione

103 4029 253 4084 circuibunt
265 4028 400 4081 ciuitatem
412 4025 499 4094 (Pral.
518 4041 595 4091 uviri,
612 4024 650 4096 7).
945 4019 1003 4090 jam
1028 4028 1156 4090 suscepta
1177 4019 1260 4075 etiarn
1285 4036 1382 4091 preces
1402 4021 1521 4078 offerens
1536 4039 1586 4094 pro
1611 4026 1741 4082 unctione

141 4119 169 4175 ln
197 4104 312 4174 ilebraeo
335 4119 376 4175 sic
402 4118 501 4190 labitur
517 4137 524 4172 ε
540 4116 627 4173 Unam
650 4119 731 4188 petiai
745 4134 761 4171 a
773 4116 896 4183 Domina,
948 4111 1038 4168 adbuc
1057 4111 1241 4182 suscipienda,
1258 4111 1375 4167 circuibo
1394 4113 1422 4167 r'n
1443 4113 1612 4169 tabernacula
1628 4116 1695 4186 ejas.
1710 4115 1740 4171 Si

104 4215 153 4268 bac
167 4215 312 4285 requiram,
325 4213 511 4268 arietantem
525 4211 643 4266 iudana
656 4210 897 4266 Dominiamrrilnr
947 4202 1022 4258 euim
1037 4203 1066 4258 in
1082 4203 1182 4259 lectulo
1199 4219 1260 4260 meo
1275 4219 1324 4275 per
1342 4213 1449 4260 noctem
1468 4222 1594 4276 quaerens
1611 4208 1739 4264 dilectum

104 4306 268 4362 diebusvitae
279 4322 354 4371 mccc,
369 4315 398 4358 nt
413 4305 516 4360 uideam
530 4303 756 4374 palchritudinem
777 4302 897 4369 Domini,
949 4311 1004 4351 non
1023 4296 1145 4363 invenio,
1163 4312 1281 4368 sarpam,
1295 4306 1321 4352 et
1335 4295 1452 4352 circuibo
1465 4299 1610 4369 ciuitatem,
1621 4318 1740 4373 querens

104 4411 130 4456 et
154 4400 290 4455 atteridam
317 4398 442 4469 tempium
466 4398 534 4468 ejas.
560 4397 705 4455 discendit
720 4397 791 4451 caira
816 4412 856 4450 rac
870 4396 899 4450 ia
914 4385 936 4441 D
949 4403 1026 4459 tinem
1037 4388 1126 4459 dibni!
1143 4388 1233 4443 ultima
1249 4388 1410 4460 mulctrat.
1429 4406 1470 4458 nr,
1482 4390 1521 4459 2).
1538 4390 1606 4448 Nam
1624 4394 1683 4464 ipsa
1703 4395 1742 4450 ci·

105 4492 200 4548 umbra
214 4509 275 4557 erra,
295 4492 324 4545 ia
345 4492 389 4546 die
399 4491 513 4561 pessima
537 4488 675 4545 abscondit
690 4504 732 4544 rna
752 4490 780 4543 in
801 4498 898 4543 recreta
947 4482 1019 4537 vitas
1038 4481 1243 4537 tabernaculum
1257 4481 1317 4550 ejus
1331 4490 1383 4548 est,
1395 4482 1423 4537 in
1436 4498 1490 4553 quo
1500 4483 1623 4540 circuibo
1639 4494 1741 4557 mente,

106 4585 272 4642 tabernaculi
287 4585 340 4651 sai,
355 4585 382 4637 in
397 4593 471 4654 petra
492 4581 622 4636 exaltarit
638 4597 688 4636 rac.
704 4579 783 4635 Nunc
797 4596 899 4651 quoqne
948 4583 976 4630 et
1002 4573 1182 4643 inquisitione
1199 4583 1315 4630 cunctus
1335 4575 1447 4631 ordines
1463 4575 1605 4632 beatarum
1628 4578 1756 4650 pereur·’

106 4679 236 4736 exaltabit
251 4687 330 4749 capnt
348 4692 435 4731 meam
452 4691 531 4745 saper
545 4674 666 4729 inimicas
681 4689 760 4739 meas,
779 4674 825 4743 qai
837 4682 898 4728 runt
948 4676 1025 4730 10⁰⁸,
1045 4663 1086 4719 vel
1105 4663 1188 4718 eliam
1212 4661 1321 4718 Ιὶῑθῐιῑθι
1347 4679 1448 4721 callens
1468 4667 1623 4737 incipiendo
1644 4685 1740 4726 asan·

107 4770 260 4827 incircuitu
275 4784 341 4822 raca.
357 4766 460 4822 Sensus
477 4765 559 4836 buius
583 4762 722 4819 Hebraicae
736 4764 858 4818 veritatis
870 4763 898 4817 in
948 4754 1066 4821 ctuario,
1087 4754 1122 4809 ab
1141 4754 1201 4825 ipsu
1218 4754 1345 4810 uidelicet
1368 4753 1470 4813 Sancta
1487 4770 1644 4816 serratorum
1661 4762 1742 4818 Cirri-

105 4870 171 4919 ante
189 4861 270 4915 dietis
294 4860 455 4930 explanatus
472 4865 524 4922 est,
540 4862 664 4925 excepto,
678 4854 751 4924 qnod
768 4869 842 4910 nune
856 4854 900 4910 di·
949 4854 1003 4911 sto,
1017 4845 1101 4900 totius
1111 4844 1253 4900 Trinitatis
1264 4847 1386 4902 oraculo.
1400 4845 1479 4905 llune
1493 4852 1583 4920 primo
1598 4852 1740 4921 invocans,

106 4955 179 5009 citur
192 4968 199 5006 ε
211 4951 244 5004 de
259 4949 387 5016 inimicia,
411 4948 456 5020 qai
472 4956 532 5001 rant
557 4945 715 5000 incircuitu
734 4960 800 5000 area.
820 4944 899 5012 Quod
949 4939 1011 4995 dico
1025 4955 1032 4991 τ
1046 4936 1170 4994 Salnalar
1184 4938 1287 5005 mundi,
1308 4940 1406 5010 adjura
1424 4958 1481 4997 nar.
1498 4942 1601 4999 lleindc
1613 4960 1662 5016 par
1682 4961 1742 5001 orn·

107 5043 239 5098 nimirum
259 5039 461 5095 rectedicitur:
476 5034 730 5105 Deirriariciszquia
744 5034 898 5088 incircuitu
949 5046 999 5087 nes
1017 5029 1127 5086 ordines
1149 5030 1296 5086 electorum
1311 5030 1391 5088 iactis
1414 5033 1644 5102 invocationibus,
1660 5047 1689 5093 ut
1712 5037 1739 5092 in

108 5134 185 5205 impii
209 5132 347 5188 ambulant
370 5129 458 5202 (Paul.
477 5145 516 5195 rr,
531 5128 569 5197 b).
585 5125 693 5182 Etideo
709 5124 900 5197 quantadiiie-
950 5124 1068 5194 idipsum
1092 5122 1184 5177 aedem
1206 5138 1284 5179 ruens
1304 5124 1452 5192 circuitus,
1478 5126 1551 5181 circa
1573 5127 1654 5181 linem
1681 5129 1742 5182 lita·

108 5228 198 5283 rentia
214 5234 257 5281 est
276 5227 348 5281 iuter
363 5231 488 5280 centrum
513 5216 788 5290 siniplieissimumet
805 5216 899 5272 multi·
949 5221 1003 5275 nire
1021 5226 1144 5273 revertar
1162 5216 1302 5288 adipsum
1324 5216 1478 5287 Christum,
1500 5220 1547 5289 qui
1571 5220 1688 5275 estAet
1703 5227 1740 5285 ιι,

110 5319 232 5375 tudinem
258 5333 307 5374 seu
340 5311 546 5384 amplitudinem
571 5309 748 5376 circulorum,
775 5318 898 5364 centrum
949 5310 1114 5383 principium
1139 5309 1254 5377 etllnis,
1273 5320 1356 5383 atque
1374 5311 1402 5365 in
1420 5311 1481 5381 ipso
1501 5310 1740 5377 talisanctuario,

111 5413 221 5482 quidem
243 5407 484 5471 circumdantium,
508 5404 557 5460 sed
582 5403 673 5473 ipsum
695 5409 818 5458 centrum
834 5415 901 5456 nus·
950 5403 1054 5461 seilicet
1083 5402 1282 5459 incarnationis
1301 5404 1361 5473 ejus
1386 5403 1516 5475 mysteria
1543 5402 1677 5470 circuibo,
1699 5402 1742 5458 di-

111 5519 195 5577 qnam
208 5499 447 5570 contingentium:
472 5505 548 5552 tanta
574 5503 617 5551 cst
648 5492 803 5551 differentia
830 5493 901 5550 inter
950 5512 1041 5554 cerm:
1067 5495 1119 5552 Per
1145 5496 1313 5552 nativitatem
1333 5505 1406 5551 taum
1426 5495 1510 5551 libera
1536 5512 1594 5565 aar,
1618 5496 1731 5555 baninu

149 5684 207 5758 (59)
223 5680 338 5751 irrigata
355 5695 363 5732 r
379 5674 506 5740 circuiri,
519 5683 544 5729 at
554 5673 696 5729 immolari.

253 5776 388 5835 Ριτιιοι.
412 5765 546 5831 cxciii.
751 5784 755 5795 ·
1551 5758 1592 5821 38
