3817 6000
103 236 159 294 ott
762 292 765 297 Δ
839 230 1032 309 uuistuom,
1692 237 1745 295 tto

103 366 180 411 unus
203 358 248 409 est
269 348 413 408 Dominus.
434 346 515 405 inde
538 346 601 405 licet
625 348 661 404 sit
684 350 758 422 piper
786 351 898 421 pemmo
912 352 936 411 Α
949 346 993 404 rel
1011 355 1087 416 tunc,
1115 362 1179 404 cum
1205 345 1235 404 in
1260 362 1343 405 carne
1366 349 1541 418 ministravit,
1566 355 1746 425 quemadmo-

102 443 275 509 substantio,
299 448 391 499 tamen
413 441 564 498 cavendum
586 441 695 499 ridetur
717 459 752 501 ne
778 442 900 505 Verbum
952 439 1019 496 dum
1046 439 1105 495 ait:
1123 438 1215 498 Filius
1237 441 1352 497 dominis
1365 458 1416 497 oorr
1435 444 1505 499 uertit
1527 446 1745 512 ministrmiacd

103 535 154 593 oei
173 535 257 604 Deus,
273 534 348 607 quod
363 534 391 590 in
413 533 542 602 eoudlio,
558 543 651 591 utros
671 535 821 606 prudenter
841 539 901 595 snt.
952 532 1107 587 orinistmre
1120 530 1232 602 (Morti.
1254 535 1313 603 rx),
1334 535 1427 592 servili
1445 536 1613 604 conditione,
1640 548 1669 595 et
1689 556 1746 598 nou

102 626 303 695 madrertistis,
321 632 438 698 negatur
450 624 586 682 Dominus
609 622 713 683 Christi
731 625 797 683 lesu
811 627 902 683 homi·
953 620 1047 693 potius
1063 621 1139 678 filiali
1155 622 1302 681 dilectione
1318 624 1371 681 lroe
1391 624 1496 682 lecerit.
1521 624 1580 683 Hoc
1605 635 1698 684 autern
1718 638 1748 687 et

102 720 151 778 nis
164 718 253 785 noeti,
268 715 448 788 aliquomodo
464 724 605 773 asseratur
627 731 690 774 esse
703 715 838 776 Dominus
850 719 902 776 lro·
953 715 1012 789 ipse
1032 714 1181 772 confltetur
1205 715 1300 775 dicens
1317 737 1324 774 z
1341 718 1416 775 liena
1441 721 1515 775 clim
1537 731 1587 787 ert,
1600 732 1628 776 ut
1644 722 1746 794 [nciam

103 813 191 869 minis
201 809 337 881 assumpti
349 826 356 863 ι
370 808 435 882 quia
448 808 519 865 nihil
534 818 577 866 εει
588 808 662 866 uliud
676 809 760 866 homo
773 808 800 866 in
815 809 902 868 Deum
952 806 1115 863 uoluntatem
1141 806 1233 864 Putris
1248 810 1301 864 orel
1315 808 1406 882 (loon.
1432 810 1481 883 rr).
1506 810 1566 869 Nou
1592 813 1631 870 ait
1647 832 1655 871 ε
1679 814 1746 872 lien

104 912 278 975 assumptus,
295 916 379 975 quant
398 901 482 958 lrouro
501 900 529 958 in
554 900 641 958 neum
657 912 768 971 unctus,
788 902 833 960 cui
856 918 902 961 as·
953 901 1061 958 seruilis
1086 900 1262 971 conditionis,
1277 902 1326 959 sod
1347 919 1430 971 oreos,
1450 903 1499 970 ait,
1518 904 1592 960 clins
1611 918 1662 974 est,
1676 922 1748 980 quo

104 994 180 1052 sumi
195 993 247 1051 iuit
259 993 337 1067 uupi,
352 992 417 1065 quia
432 1009 487 1050 non
502 992 580 1065 prins
595 1003 765 1067 assumptus,
778 1004 805 1052 et
824 1004 903 1067 post·
952 993 1036 1049 modo
1049 992 1073 1049 si
1086 992 1208 1051 diceret:
1222 992 1325 1051 l'ilialis
1339 995 1367 1050 in
1381 1010 1425 1053 rrrc
1439 995 1595 1056 dilectionis
1610 1008 1653 1056 est
1663 1009 1693 1056 ut
1705 997 1748 1056 ia·

103 1078 138 1144 sa‘
159 1094 264 1142 noctus
278 1084 410 1153 creditur,
427 1084 474 1141 sed
493 1084 552 1157 ipsa
566 1084 627 1157 ejus
641 1086 795 1159 assumptio
810 1084 864 1144 luit
875 1087 900 1144 ei
953 1083 1024 1140 ciam
1043 1083 1209 1142 voluntatem
1224 1082 1313 1141 Patris
1325 1084 1390 1141 mei.

103 1178 207 1252 regalis
222 1177 328 1246 unctio,
350 1191 404 1249 qua
424 1185 570 1248 provectus
586 1184 629 1235 εει
648 1177 676 1233 in
691 1175 793 1251 Repeto
806 1194 901 1253 regunt
990 1176 1020 1233 ln
1036 1176 1110 1234 lacili
1126 1186 1153 1234 et
1176 1176 1254 1234 brevi
1270 1186 1370 1234 restrae
1389 1177 1496 1237 testimo
1515 1179 1668 1251 prudentia
1681 1197 1746 1253 per·

103 1277 132 1326 ct
153 1268 183 1324 in
202 1266 353 1324 Dominum
376 1267 590 1338 dominantium,
605 1270 643 1325 ita
654 1280 685 1327 ut
702 1286 791 1343 neque
813 1272 840 1327 in
859 1286 900 1339 se,
953 1287 1068 1329 suasum
1080 1271 1126 1340 iri,
1146 1271 1186 1327 uti
1216 1285 1252 1327 ne
1274 1270 1427 1341 Christum,
1455 1276 1581 1344 quantula
1607 1274 1635 1329 in
1658 1273 1746 1331 torma

103 1376 199 1435 oeque
213 1376 298 1434 supra
309 1360 353 1418 uel
366 1369 444 1418 extra
460 1376 491 1419 se
503 1360 602 1420 balneat
613 1363 738 1420 altiorem
757 1379 787 1421 se
812 1364 902 1420 domi·
953 1364 1039 1433 serni,
1055 1361 1082 1419 id
1096 1371 1150 1432 est,
1163 1362 1192 1419 in
1215 1372 1313 1420 natura
1333 1364 1422 1422 riustri
1433 1366 1542 1436 gestor-is
1556 1365 1602 1430 sit,
1622 1367 1675 1422 sub
1689 1381 1748 1423 ser·

105 1470 186 1520 rrum,
202 1455 252 1526 qui
272 1454 411 1511 hominem
436 1453 513 1512 illum
538 1465 712 1530 assumptum
734 1458 762 1514 in
786 1457 903 1531 gloriam
953 1454 1000 1511 vili
1021 1454 1188 1522 conditione,
1203 1469 1258 1526 qua
1285 1455 1377 1510 omnis
1391 1465 1517 1511 creatura
1547 1456 1671 1513 cratoni
1696 1457 1748 1511 olr-

104 1552 216 1615 reputct
243 1559 354 1601 seruum
374 1560 467 1612 suurn,
491 1560 556 1604 curu
574 1545 703 1604 adoretur
719 1547 755 1604 alr
774 1547 903 1606 omnibus
954 1547 1102 1613 norincst,
1131 1547 1174 1603 rel
1200 1546 1227 1601 in
1248 1548 1372 1618 eoquod
1392 1549 1476 1604 horrro
1501 1560 1554 1610 est,
1586 1550 1746 1614 collos-etin

106 1635 165 1693 lien
181 1636 368 1695 seruientibus
380 1637 486 1710 angelis
510 1647 539 1694 et
559 1639 719 1697 hominibus
733 1639 829 1697 beatis.
954 1638 1020 1707 nisi,
1036 1638 1110 1710 qnod
1131 1638 1223 1695 absit!
1238 1648 1266 1695 ot
1278 1640 1353 1711 orrod
1372 1655 1423 1712 epo
1438 1641 1473 1696 de
1497 1653 1586 1697 restra
1601 1641 1746 1712 prudentia

140 1729 224 1787 Alrsit
238 1739 329 1787 autem
345 1745 361 1785 a
383 1730 464 1788 uobis
483 1730 558 1787 aliud
585 1730 620 1788 de
645 1741 733 1790 uestra
756 1732 902 1804 prudentia
917 1698 939 1754 B
955 1745 1012 1785 non
1024 1730 1201 1798 crediderim,
1212 1731 1295 1787 ctiam
1313 1731 1386 1787 unici
1398 1742 1425 1787 et
1438 1734 1573 1789 naturalis
1586 1733 1634 1788 ntii
1646 1748 1748 1789 nomeu

105 1822 257 1890 aestimare,
277 1837 361 1893 quam
380 1831 411 1878 ut
424 1822 592 1879 assumentis
606 1830 634 1879 et
648 1823 782 1895 assumpti
799 1824 901 1881 indiri·
953 1831 982 1878 ει
1006 1821 1168 1894 dignitatern
1185 1822 1267 1878 sirnul
1282 1823 1317 1879 alr
1339 1838 1373 1879 en
1397 1825 1425 1878 in
1440 1839 1484 1890 eo,
1502 1825 1575 1895 quod
1595 1825 1679 1881 ironro
1694 1834 1748 1892 est,

105 1929 169 1970 sum
188 1913 344 1970 dominium
364 1915 505 1984 asseratis,
536 1915 608 1972 sicut
630 1913 721 1973 Patris
741 1932 852 1989 quoque
875 1927 903 1974 et
953 1915 1240 1972 uellctlsolrstralrere.
1262 1914 1410 1972 lineeolm
1426 1916 1553 1973 simulse
1570 1918 1748 1989 neupatiun·

106 2003 250 2077 Urrigeniti
265 2003 418 2062 dominium
432 2015 459 2063 et
475 2021 590 2078 regnum
613 2005 763 2063 indivisum
774 2008 833 2064 esti
846 2007 903 2065 Alt-
953 2016 1010 2075 tur,
1026 2016 1057 2063 ut
1069 2018 1097 2063 et
1108 2006 1245 2062 naturalis
1259 2018 1342 2079 atque
1355 2006 1456 2064 unicus
1472 2006 1561 2065 Patris
1574 2008 1602 2063 in
1613 2024 1656 2072 eo,
1674 2008 1748 2081 quorl

106 2097 238 2154 sitellam
253 2096 305 2154 lroc
319 2095 354 2153 de
367 2096 446 2154 robis
463 2100 665 2167 aestimarent,
690 2113 754 2155 eum
774 2097 856 2157 Pater
875 2109 904 2156 ει
954 2099 1038 2156 lromo
1048 2110 1099 2168 est,
1117 2099 1252 2168 inussit,
1269 2110 1299 2156 ει
1323 2101 1352 2156 in
1367 2102 1464 2158 eodem
1479 2101 1674 2158 conditionalis
1688 2116 1749 2156 ser·

107 2187 196 2244 iilius
213 2196 241 2245 et
260 2185 379 2259 Spiritus
394 2186 513 2245 Sanctus
527 2203 598 2245 unus
615 2187 758 2260 Domimrs,
776 2198 804 2247 et
815 2205 902 2248 uuum
953 2207 1016 2248 uus.

107 2280 250 2353 singulare
267 2281 350 2336 trium
364 2280 518 2337 dominium
541 2279 587 2349 sit,
603 2289 681 2338 extra
698 2281 766 2338 illud
782 2280 904 2355 siugula-
991 2282 1071 2350 Quod
1085 2291 1178 2339 antem
1192 2282 1321 2340 Cirristus
1346 2284 1429 2340 etiarn
1456 2286 1485 2341 in
1502 2299 1547 2349 eo,
1564 2284 1639 2358 quod
1666 2288 1750 2345 homo

107 2373 148 2429 ris
162 2372 278 2430 dominii
291 2374 473 2441 consortium,
486 2373 514 2428 in
532 2372 837 2445 quodass'umptusesl,
852 2374 904 2430 ho·
954 2384 1008 2442 est,
1021 2376 1177 2432 conmruuis
1199 2386 1334 2433 ereatura
1358 2377 1493 2433 roeabrdo
1516 2393 1571 2434 nou
1590 2392 1748 2445 censeatur,

107 2466 214 2521 minero
225 2465 367 2523 collocetis
380 2467 387 2522 l
401 2464 463 2524 Nun
481 2466 554 2522 eninr
579 2466 663 2524 simul
686 2475 761 2525 stare
774 2475 902 2539 possunt,
954 2466 1036 2523 etiam
1053 2463 1166 2522 Patruus
1187 2467 1352 2524 documenta
1374 2483 1424 2524 nos
1438 2467 1588 2535 instruunt,
1606 2470 1635 2525 in
1647 2473 1749 2541 quitos

107 2570 140 2616 ut
155 2560 184 2614 in
201 2558 351 2632 singularis
376 2557 451 2616 illius
470 2558 585 2616 dominii
605 2560 776 2617 consortium
802 2560 839 2618 sit
855 2576 903 2618 as·
954 2557 1051 2615 boatus
1068 2558 1232 2617 Ambrosius
1246 2560 1464 2632 praecipuusesr.
1481 2562 1561 2633 carim
1576 2565 1659 2618 rcrlra
1684 2575 1750 2621 sunt

107 2662 249 2725 sumptus,
261 2660 289 2710 ει
301 2652 328 2710 in
342 2652 394 2711 nde
409 2664 504 2712 nostra
524 2656 562 2712 sit
581 2664 659 2714 extra
671 2655 714 2712 vel
736 2655 808 2713 intra
819 2657 905 2713 00110.
956 2649 1015 2706 lrue
1028 2650 1056 2706 in
1071 2651 1144 2708 lilrro
1154 2651 1245 2722 primo
1270 2654 1305 2711 de
1324 2651 1480 2710 Trnritate:
1499 2673 1509 2706 t
1525 2655 1688 2724 Prolremus,
1703 2657 1748 2711 in·

107 2743 227 2801 modus.
252 2743 477 2816 assumptionem
491 2759 559 2803 rero
572 2744 644 2803 liano
657 2747 685 2803 in
697 2746 845 2819 singularis
858 2747 905 2805 do
954 2744 1024 2814 ruit,
1045 2753 1200 2800 ereaturam
1223 2759 1279 2801 non
1303 2760 1365 2802 esse
1387 2745 1436 2802 Dei
1450 2745 1563 2806 lilinun.
1583 2747 1748 2804 Audivimus

106 2836 189 2894 minii
214 2836 386 2894 consortium
410 2838 445 2895 ad
469 2846 573 2895 nostrae
597 2838 761 2896 humilitatis
787 2838 903 2898 formam
954 2834 1068 2890 enimin
1086 2834 1232 2908 Evangelio
1251 2835 1398 2892 Bominum
1414 2839 1561 2894 mandasse
1575 2838 1747 2910 discipulis:

106 2929 168 2985 sive
183 2935 311 2983 naturam
326 2927 463 3000 pertinere
484 2928 600 2985 dubium
616 2944 670 2985 non
684 2937 735 2987 εει.
753 2928 822 2986 Nam
838 2929 905 2988 ller-
954 2925 1106 2986 Praedicate
1125 2927 1303 2996 Euangelium
1326 2930 1402 2986 omni
1414 2939 1557 2987 creaturae.
1570 2930 1622 2999 Qui
1639 2931 1750 2987 urrirer-

107 3023 177 3078 bunt
195 3022 231 3078 ab
254 3022 303 3078 illo
323 3021 455 3094 singulari
481 3021 604 3079 duminio
628 3039 769 3096 nunquam
789 3023 903 3081 destitit.
919 3046 940 3105 ς
957 3037 1016 3079 sam
1032 3034 1186 3081 creaturam
1210 3022 1286 3090 dicit,
1299 3024 1403 3080 nullam
1427 3025 1538 3095 excipit.
1555 3023 1589 3080 Ει
1604 3025 1650 3080 ubi
1673 3034 1748 3095 sunt,

107 3113 145 3171 Bt
159 3112 221 3171 lraec
238 3113 349 3187 quidem
382 3115 536 3186 assumptio
566 3115 707 3172 secretiori
731 3128 905 3176 sacramento
957 3115 1005 3185 qui
1017 3124 1172 3172 creaturam
1184 3114 1326 3172 Christum
1341 3115 1490 3186 appellanti
1498 3114 1567 3172 Nam
1584 3117 1607 3172 si
1621 3126 1750 3173 ereatura

108 3206 139 3263 irr
157 3205 300 3263 mutitare
324 3204 397 3263 lacta
414 3215 466 3272 εει,
496 3205 672 3264 mauiiestius
692 3216 785 3264 autem
807 3207 835 3264 in
859 3225 905 3265 as·
957 3216 1039 3273 esset,
1058 3207 1110 3264 sibi
1123 3207 1267 3263 mandaret
1279 3205 1456 3279 Euangelium
1469 3207 1662 3278 praedicariet
1681 3208 1749 3265 sult-

108 3299 268 3371 sumptione
300 3299 388 3371 ipsius
406 3299 434 3356 in
460 3300 561 3357 coelum
584 3299 782 3356 lanrulantilrus
801 3300 905 3373 anigelis
954 3297 1046 3368 iectus
1059 3299 1259 3356 essetrnnitati
1275 3300 1361 3371 :quia
1380 3308 1498 3356 testante
1511 3300 1664 3371 Apostolos
1681 3298 1749 3355 Ont-

107 3406 207 3449 ooranr
223 3392 300 3449 oumi
327 3393 433 3450 coelesti
458 3394 535 3451 curia
562 3393 634 3451 lacta
648 3401 676 3450 et
696 3393 831 3452 celebrata
851 3404 904 3463 est,
957 3389 1001 3447 nis
1016 3399 1145 3447 creatura
1158 3392 1272 3448 vanitati
1284 3391 1409 3464 subjecta
1422 3401 1475 3449 est.
1491 3391 1550 3449 Non
1566 3393 1651 3464 igitur
1666 3392 1748 3449 Chri·

108 3482 344 3554 quemadmodum
362 3484 528 3558 euangelista
540 3484 649 3543 Marcus
660 3494 778 3543 testatur
789 3486 903 3543 dicens:
957 3496 1017 3544 stus
1030 3496 1156 3543 creatura
1171 3496 1223 3555 est,
1244 3488 1292 3544 sed
1310 3486 1435 3555 Creator,
1454 3489 1501 3560 qui
1524 3489 1654 3547 docendae
1669 3504 1750 3547 erea-

110 3573 149 3629 Et
173 3573 303 3631 Dortiuus
331 3576 436 3647 paridem
459 3575 550 3645 lesus,
570 3588 712 3648 postquam
736 3577 842 3634 locutos
865 3588 905 3635 ert
956 3585 1027 3635 turae
1046 3578 1189 3649 discipulis
1213 3579 1327 3636 mandat
1349 3580 1479 3636 silleium.
1495 3581 1553 3637 Arii
1574 3581 1633 3639 liae
1662 3581 1750 3639 luisse

109 3669 161 3737 eis,
175 3679 326 3739 wnruptos
346 3678 385 3725 εει
404 3670 433 3724 iu
452 3669 557 3737 celum,
573 3679 597 3725 et
612 3670 684 3726 sedet
700 3670 841 3727 odecteris
855 3670 905 3728 Dei
956 3669 1069 3743 pernulla
1081 3669 1377 3742 agamemnonis-mm
1389 3680 1544 3727 ereaturam
1556 3671 1748 3729 confiteretur:

110 3758 213 3831 (liare.
230 3761 270 3831 x).
293 3757 327 3815 Et
352 3758 442 3818 Lucas
463 3760 629 3833 euangelista
642 3779 649 3817 :
662 3761 726 3833 puio
747 3763 836 3834 cepit,
863 3763 906 3818 iu·
958 3762 1116 3820 ideoedusa
1131 3770 1197 3819 sunt
1219 3762 1277 3817 Arii
1295 3763 1413 3831 viscera,
1429 3773 1512 3834 atoue
1522 3763 1629 3833 crepuit
1640 3762 1750 3820 medius

109 3853 183 3927 quit,
207 3852 286 3910 Jeras
310 3854 408 3925 forme,
429 3864 455 3910 et
479 3855 572 3912 docere
596 3871 679 3928 respue
695 3855 723 3910 in
746 3855 828 3925 diem,
851 3871 905 3928 pua
958 3864 1113 3925 prostratus
1129 3854 1156 3909 in
1172 3850 1282 3917 facient,
1297 3868 1341 3920 ea,
1355 3854 1457 3923 quibus
1476 3852 1618 3910 Christum
1634 3868 1750 3925 negave-
1781 3853 1783 3858 '

108 3945 268 4017 proripiens
301 3947 428 4018 apostolis
452 3964 499 4019 per
521 3946 654 4020 Spintum
686 3959 819 4017 sonetum,
839 3964 905 4020 poor
955 3954 1009 4011 rat,
1032 3943 1104 4000 ituria
1119 3959 1167 4000 ora
1192 3943 1323 4014 pollutus.
1340 3962 1349 3996 r
1366 3942 1429 4000 llaec
1450 3943 1532 3999 uerba
1557 3943 1625 3998 tanti
1647 3941 1749 4012 Patris,

108 4038 204 4110 clepit,
219 4048 374 4110 osrrrotptus
387 4039 505 4113 est(Act.
522 4039 554 4111 ι).
573 4036 796 4110 Etanpeliaiunt
812 4057 819 4094 ι
838 4056 848 4093 r
864 4036 907 4095 lc-
955 4034 1087 4108 quorrimn
1111 4034 1275 4090 auctoritate
1299 4034 1457 4104 evangeliea
1483 4033 1565 4089 simui
1591 4043 1618 4090 et
1643 4034 1750 4092 rationo

110 4131 233 4203 sesqui
246 4138 404 4203 assumptus
418 4139 461 4188 est
474 4145 490 4185 a
501 4129 580 4188 vulis
591 4130 736 4197 incoelum,
750 4130 792 4188 sie
804 4129 904 4198 reniet,
956 4126 1073 4182 sulrrtixa
1088 4136 1163 4192 sunt,
1176 4140 1227 4197 pro
1239 4125 1350 4182 duobus
1362 4125 1453 4192 uobis,
1470 4124 1511 4179 rel
1530 4123 1619 4180 tribus
1634 4124 1749 4180 testibus

109 4225 345 4298 quaemadmodum
373 4224 480 4282 vidistis
505 4238 569 4281 euru
588 4231 699 4280 euntem
728 4223 756 4280 in
769 4224 903 4281 coelum.»
955 4233 1018 4275 csse
1042 4226 1175 4290 possunt,
1199 4218 1272 4288 quod
1296 4215 1434 4284 Christus,
1462 4215 1548 4273 homo
1571 4215 1698 4273 videlicet
1720 4215 1749 4272 in

110 4317 184 4386 Quia
210 4317 292 4390 igitur
309 4319 336 4372 in
348 4317 401 4373 lide
412 4324 513 4385 vestra,
529 4315 611 4373 simul
625 4326 653 4373 ει
666 4324 772 4386 nostra,
790 4317 818 4372 iu
838 4315 905 4372 illud
957 4310 1043 4367 Deum
1054 4321 1155 4368 unctus
1168 4317 1196 4366 et
1208 4319 1380 4382 assumptus,
1394 4325 1563 4380 quamquam
1579 4318 1652 4365 recte
1672 4308 1750 4364 dica·

110 4410 226 4466 unicum
246 4418 274 4464 ει
287 4408 426 4482 singulare
454 4408 607 4465 dominium
633 4407 661 4463 in
686 4407 774 4464 nostri
797 4407 904 4481 perieris
922 4410 943 4465 n
958 4412 1013 4472 tur,
1024 4412 1052 4460 ει
1076 4403 1112 4460 sit
1131 4417 1201 4458 noua
1220 4411 1357 4469 creatura,
1372 4409 1466 4471 utpote
1488 4401 1572 4455 lromo
1597 4400 1748 4456 seeundum

111 4499 215 4570 forma,
229 4516 291 4573 qum
309 4502 405 4572 utique
419 4499 447 4555 in
472 4500 531 4572 ipso
556 4499 643 4571 [ormo
657 4499 725 4554 rerol
739 4496 851 4564 dicitur,
863 4504 907 4552 cst
956 4495 1042 4550 Deum
1054 4504 1164 4552 creatus
1178 4494 1207 4550 iu
1219 4493 1327 4564 justitia
1349 4501 1376 4548 ει
1397 4493 1544 4548 sanctitate
1560 4492 1693 4559 serimus,
1710 4499 1748 4545 ta·

110 4601 282 4664 assumptus,
294 4591 432 4664 quomodo
443 4590 590 4647 convenire
607 4597 707 4660 potest,
723 4587 792 4644 utin
808 4589 904 4643 eadem
957 4603 1019 4642 men
1038 4587 1193 4651 communis
1217 4594 1352 4642 creaturae
1362 4584 1499 4640 vocabulo
1515 4583 1620 4639 censeri
1634 4601 1688 4640 rron
1702 4589 1750 4641 rte·

112 4684 213 4752 torma,
234 4683 262 4739 in
282 4699 337 4756 quta
361 4684 389 4739 in
403 4660 542 4755 singulare
557 4680 711 4737 dominium
728 4688 770 4735 est
796 4693 906 4735 assum·
954 4678 1030 4747 bcat,
1046 4694 1080 4734 nc
1108 4678 1234 4734 videlicet
1260 4678 1312 4749 ipsi
1336 4675 1515 4748 Evangelium
1545 4680 1748 4745 praeditmnlnnr

111 4785 187 4849 ptus,
204 4775 279 4833 sitin
292 4783 423 4832 :eternum
437 4774 557 4831 serrusl
575 4771 643 4828 Nam
663 4771 779 4827 formam
793 4770 904 4842 quidem
957 4770 1003 4838 sit,
1019 4785 1052 4825 ac
1076 4784 1111 4826 ne
1127 4770 1242 4825 vanitati
1266 4769 1409 4841 subiectus
1424 4770 1596 4840 deputandus
1612 4780 1694 4825 etrum
1721 4771 1748 4824 in

111 4867 185 4923 servi
208 4881 260 4922 nos
274 4867 301 4921 ln
319 4866 379 4937 ipso
404 4866 432 4920 ln
454 4873 584 4921 arternum
606 4878 814 4935 permansuram
837 4861 905 4918 diei·
955 4881 999 4929 eo,
1011 4864 1083 4936 rprrod
1097 4865 1180 4921 lromo
1190 4873 1242 4921 est.

109 4975 186 5027 urus,
209 4959 258 5016 sed
273 4959 374 5030 perid,
392 4956 467 5031 quod
488 4958 606 5014 dicimus
625 4956 833 5029 [ornromseroi
849 4970 904 5010 non
992 4956 1047 5014 ista
1071 4973 1182 5028 quoque
1206 4959 1235 5013 in
1261 4958 1336 5013 lrunc
1362 4972 1475 5015 sensum
1501 4957 1573 5013 ratio
1597 4955 1748 5022 correnrrit,

110 5052 223 5108 seruilis
248 5050 415 5108 conrlitionis
438 5047 641 5120 indignitatem,
665 5046 713 5102 sed
729 5055 834 5101 naturas
855 5060 905 5099 no·
956 5050 1069 5122 quodsi
1087 5049 1225 5120 Cirristus,
1242 5049 1316 5122 quod
1334 5052 1429 5123 utique
1448 5065 1547 5105 nomen
1563 5060 1605 5105 est
1631 5048 1704 5104 urrcti
1721 5048 1748 5102 in

110 5156 187 5211 strae,
208 5144 256 5216 ‘tui
271 5143 469 5200 conditionales
489 5142 562 5199 serni
576 5154 684 5208 sumus,
707 5137 810 5209 inipso
831 5136 904 5193 neri·
958 5140 1043 5198 ileum
1059 5140 1190 5211 inominis,
1208 5150 1343 5199 creat-urae
1364 5141 1505 5198 communi
1529 5139 1663 5195 socolnrlo
1685 5152 1750 5193 cen·

110 5249 197 5295 tatem
214 5237 405 5310 exprimimus.
430 5233 465 5290 Et
488 5234 599 5306 qrridem
621 5231 728 5290 servilis
747 5228 868 5285 conditio
882 5227 905 5283 si
956 5232 1058 5288 sendus
1070 5241 1152 5297 esset,
1165 5232 1284 5289 seruitus
1298 5233 1335 5298 ci,
1350 5249 1412 5304 qun
1427 5231 1507 5287 lutrio
1531 5231 1643 5293 dicitur,
1655 5237 1682 5283 ct
1696 5225 1750 5282 soli

110 5329 141 5385 iu
173 5327 234 5400 ipso
257 5328 423 5384 eternaliter
445 5333 528 5394 esset,
553 5334 683 5382 aeternam
707 5336 818 5393 quoque
846 5316 906 5374 iuro
957 5322 1014 5379 ilco
1031 5324 1157 5391 debetur,
1177 5323 1298 5381 indebita
1318 5323 1450 5381 essesut
1469 5324 1523 5379 lroe
1540 5319 1676 5391 liplresiua
1703 5331 1747 5388 syr

111 5421 272 5477 seruitutem
293 5419 481 5476 necessarium
500 5425 584 5474 esset.
612 5414 666 5473 Sed
688 5415 788 5474 absita
810 5410 903 5475 nouis,
956 5413 1046 5471 nodus
1061 5429 1115 5470 non
1131 5414 1244 5485 patitur,
1261 5425 1291 5471 ut
1307 5417 1392 5472 horno
1407 5431 1422 5471 a
1439 5413 1529 5470 Verlro
1545 5407 1750 5480 assumptusalr

111 5523 144 5572 ut
161 5529 293 5588 magnum
307 5512 374 5570 illud
398 5510 508 5583 pietatis
523 5516 741 5575 sacramentum,
757 5504 831 5579 quod
846 5517 905 5558 ma·
957 5522 1011 5561 una
1024 5504 1107 5570 Verbi
1117 5506 1279 5563 adoratione
1287 5516 1439 5578 separetur.
1456 5503 1625 5576 Augustinus
1638 5514 1749 5571 puroque

111 5603 274 5664 oiiestatunr
288 5606 370 5666 estin
388 5619 482 5672 carne,
497 5602 675 5673 justificatum
695 5599 779 5657 estin
794 5596 903 5668 spiritu,
955 5598 990 5654 de
1012 5597 1174 5655 adoratione
1197 5597 1332 5657 scabelli:
1352 5617 1362 5652 e
1386 5596 1484 5664 Nerno,
1512 5595 1612 5667 inquit,
1636 5608 1749 5651 carnem

112 5700 222 5759 servilis
241 5698 408 5759 conditionis
435 5695 589 5754 humilitate
607 5693 803 5758 deformemus,
819 5688 857 5745 ita
873 5694 906 5743 ut
955 5689 1060 5749 Christi
1071 5690 1231 5762 manuducat,
1250 5690 1305 5748 uisi
1319 5690 1396 5763 prius
1410 5688 1517 5748 adoret.
1533 5707 1542 5744 r
1560 5687 1661 5746 Florus
1676 5701 1748 5758 uuo·
