3817 6000
1394 4 1424 37 ..εί

89 156 146 215 iss
686 157 950 219 cneoohlhhtttt.
969 196 1003 205 —
1020 164 1086 221 LlB.
1109 166 1141 223 ll.
1682 179 1737 239 epp

87 271 192 329 leeiee
201 267 315 326 Patrem
329 269 422 326 omnia
437 268 521 327 Ilarid
535 268 635 326 asserit
647 268 742 327 dicens
755 287 763 323 ι
777 270 854 328 Dicit
868 281 894 329 ει
907 284 931 343 Α
1231 278 1343 340 cheul
1357 283 1441 343 XXV.

88 364 238 435 [uterum
250 360 339 433 (Ptol.
347 376 460 429 crcrttt,
469 362 508 434 5).
520 360 605 417 Deum
614 375 680 433 ergo
691 361 832 418 brachium
843 361 893 418 ha·
1261 390 1295 430 pe
1314 391 1423 433 enarro.

87 454 157 511 bere
171 463 216 510 est
229 460 390 524 operantem
404 451 504 508 Filium
519 452 645 524 piguerm
661 466 728 508 voce
743 461 839 509 tonare
850 462 894 510 est
978 459 1070 515 Gohiti
1083 461 1193 519 nominc
1203 465 1328 535 operatio
1343 466 1513 540 designatur,
1524 469 1596 528 sicut
1608 488 1658 544 per
1667 474 1736 532 Eze-

86 545 359 602 cousubstnntinlem
372 543 424 600 sihi
438 543 537 599 Filium
553 544 656 600 mundo
674 544 831 601 terribiliter
845 546 893 602 de·
943 551 1226 623 chielemprophetaru
1238 555 1340 611 dicitur
1351 556 1459 628 (Erech.
1468 560 1579 631 ruhqui
1597 577 1647 632 pro
1658 580 1736 620 meu·

88 645 260 692 monstrare.
281 635 367 691 Beato
383 651 449 708 ergo
466 634 518 692 loh
530 636 596 693 dum
610 636 676 693 dicit
689 636 823 695 Dominus
838 655 845 693 ι
862 636 893 694 Si
943 659 1008 699 sora
1023 644 1142 701 ciuitatis
1157 645 1185 701 in
1198 656 1291 703 monte
1302 648 1470 707 ahsconditae
1485 651 1512 706 in
1527 668 1610 709 manu
1622 653 1673 709 tiri
1686 671 1730 711 ca·

88 729 173 784 daher
195 729 335 782 trachium
349 729 419 783 sient
439 728 521 797 Deus,
540 738 566 784 et
585 731 610 785 ti
630 747 691 786 rore
705 730 788 786 simili
804 740 891 802 tenor,
942 734 1046 790 lamum
1062 752 1110 793 εει
1125 737 1281 795 cubitorum
1297 750 1326 797 et
1351 741 1433 812 palmi
1454 758 1487 799 se
1504 745 1605 802 uidisse
1619 755 1737 803 testatur

90 822 162 876 satira
176 821 382 891 dispensatione
388 821 497 892 pietatis
509 838 583 890 eunt,
592 825 657 880 dum
666 824 804 896 'increpan
816 826 893 882 eral-
943 825 1029 896 (290).
1043 819 1072 882 lu
1085 836 1178 887 monte
1199 832 1301 903 quippe
1312 832 1462 890 electorum
1479 834 1601 894 Ecclesia
1617 839 1669 895 sita
1680 848 1733 907 est,

88 923 143 979 tat,
156 914 223 985 quia
240 928 315 981 eum,
330 931 412 986 quern
425 931 475 972 sua
489 916 693 986 comparatione
706 926 828 989 superat,
844 934 892 975 su·
942 918 1007 988 quia
1025 917 1136 975 lundata
1148 920 1176 975 in
1191 921 1294 980 inlimis
1305 924 1449 982 desideriis
1462 940 1517 981 non
1530 936 1582 984 est.
1597 927 1667 996 Quid
1682 945 1733 987 au-

6 1042 7 1059 .
89 1006 231 1076 perierem
246 1006 356 1063 cunctis
369 1006 549 1063 demonstret.
942 1018 996 1065 teru
1011 1025 1059 1082 per
1070 1012 1205 1081 cubitum,
1229 1014 1283 1071 nisi
1296 1017 1439 1086 operatio?
1453 1019 1518 1091 quid
1533 1035 1582 1092 per
1594 1023 1734 1080 senarium

126 1095 214 1169 254
240 1095 351 1153 Brachii
376 1098 488 1154 nominc
515 1097 701 1158 Antichristus
732 1100 892 1174 designatur
942 1116 1100 1167 numerum,
1129 1102 1183 1159 nisi
1213 1103 1345 1174 perfectio
1369 1108 1540 1178 operationis
1559 1112 1736 1168 ostenditur?

88 1186 164 1242 §eut
174 1203 245 1242 voce
259 1186 402 1245 [lominica
414 1188 449 1244 de
460 1188 521 1260 elus
533 1188 719 1247 destructione
732 1190 767 1246 ad
780 1192 890 1248 beatum
942 1191 1023 1262 Quia,
1036 1203 1064 1249 ct
1076 1204 1154 1251 sexto
1168 1195 1213 1252 die
1240 1206 1338 1254 cuncta
1365 1214 1448 1271 opera
1463 1200 1597 1259 hominus
1607 1204 1734 1276 explesse

88 1277 142 1333 lob
156 1279 280 1334 dieitur:
294 1278 329 1334 Et
344 1278 481 1334 irucltiunt
494 1281 626 1337 excelsum
642 1283 819 1354 cottlriupirur
829 1283 890 1355 (iol
941 1292 1121 1340 memoretur.
1137 1284 1209 1352 Quid
1220 1300 1285 1343 vcro
1296 1302 1379 1358 ευρει
1393 1305 1442 1346 sex
1456 1292 1549 1349 cubita
1560 1294 1670 1364 palmus
1690 1294 1734 1351 in·

90 1386 211 1437 aarum,
226 1372 281 1442 15).
295 1369 366 1439 Quid
378 1387 497 1443 namque
509 1373 583 1430 aliud
594 1376 733 1432 excelsum
747 1376 890 1433 brachium
941 1376 1043 1442 sinuat,
1059 1377 1114 1434 nisi
1129 1378 1370 1450 contemplationis
1396 1381 1463 1452 tim,
1484 1400 1546 1456 quse
1571 1386 1630 1456 iam
1654 1386 1734 1444 initia

89 1463 239 1534 accipitur,
261 1464 315 1520 nisi
335 1465 452 1535 superba
477 1464 641 1523 Antichristi
663 1467 809 1538 celsitudo,
829 1484 891 1540 quae
941 1476 1051 1524 reterme
1061 1477 1089 1525 et
1099 1470 1223 1541 septime
1235 1472 1340 1542 requiei
1352 1473 1541 1530 demonstrati
1565 1477 1634 1545 Quia
1657 1479 1733 1536 enirn

6 1594 7 1607 .
89 1572 176 1627 ιερετ
192 1556 327 1627 reprobas
346 1567 453 1614 mentes
472 1559 615 1617 hominum
633 1560 706 1618 lastu
731 1563 824 1635 gloriae
837 1580 890 1621 see·
941 1569 1107 1616 etertrorunt
1143 1563 1337 1632 contemplatio
1364 1564 1411 1621 hic
1437 1565 1550 1623 minime
1581 1571 1732 1639 perlicitur,

89 1646 195 1704 ωιεήε
215 1649 342 1720 erigitur,
363 1649 401 1705 im
425 1660 456 1706 m
479 1652 562 1709 homo
587 1664 724 1725 peccarem
746 1663 775 1711 et
797 1663 889 1711 tamen
905 1629 927 1686 Β
942 1664 1071 1705 ιυειιευτι
1094 1650 1203 1721 septimi
1228 1653 1313 1709 cubiti
1340 1669 1396 1710 non
1418 1657 1552 1727 expletur·
1578 1658 1733 1718 Electornm

88 1741 222 1797 aeman
235 1741 320 1797 hone
330 1741 494 1815 despiciens,
511 1744 597 1801 [teum
609 1761 640 1802 se
654 1762 738 1818 super
750 1748 889 1805 honinem
942 1741 1035 1812 traque
1049 1740 1182 1812 Ecclesia,
1206 1745 1271 1815 quta
1290 1755 1388 1804 eunen
1411 1764 1474 1820 que
1498 1752 1636 1822 operanda
1653 1764 1730 1822 sunt,

88 1838 252 1893 mihin„
274 1835 353 1895 unde
372 1836 474 1895 paulus
492 1840 736 1911 εροςωιηςρῑςῑις
753 1840 799 1896 ltu
816 1850 845 1896 p,
862 1843 890 1896 ιη
941 1834 1047 1904 perlicit
1060 1835 1087 1891 in
1100 1851 1148 1893 sex
1160 1836 1271 1906 cubitis,
1285 1838 1314 1895 in
1325 1848 1417 1897 monte
1428 1841 1525 1898 civitas
1536 1843 1625 1914 posite
1639 1855 1733 1902 osten-

88 1929 189 1999 ,περ
212 1927 263 1983 Μ
288 1930 377 1986 ,edm
402 1931 541 1987 mmmm,
563 1948 591 1987 ,ε
612 1940 740 2004 tanquam
761 1933 796 1987 rit
819 1932 890 1989 nep.
941 1924 1025 1981 ditur.
1045 1925 1115 1993 Quia
1128 1942 1194 1985 tero
1212 1928 1257 1985 hie
1272 1929 1363 1987 adhuc
1379 1931 1437 1988 sola
1462 1929 1541 1988 initia
1561 1935 1732 2006 contempla-

88 2018 135 2091 (lt
157 2019 239 2077 Tres.
258 2035 290 2090 ιι,
305 2020 344 2091 ι).
360 2019 447 2092 Cujus
464 2030 496 2077 ot
514 2031 649 2079 tumorem
672 2022 780 2094 plenius
796 2031 891 2080 osten·
943 2017 1031 2075 tionis
1044 2017 1168 2092 inspicit,
1184 2020 1219 2078 dc
1231 2022 1349 2094 septimo
1361 2023 1455 2082 cohito
1477 2040 1532 2082 nou
1545 2025 1598 2084 uisi
1610 2027 1733 2100 palmum

88 2112 166 2170 derel
180 2112 316 2184 premisit
329 2128 337 2166 z
351 2112 404 2180 Qui
423 2114 591 2182 adversatur,
611 2124 637 2170 et
650 2114 791 2171 extollitur
811 2132 890 2187 super
941 2110 1037 2182 langii·

88 2221 164 2259 ειτυτε
174 2204 249 2277 quod
262 2205 364 2260 dicitur
374 2204 445 2260 licus
456 2214 504 2260 out
514 2206 584 2276 quod
595 2205 693 2261 colitur
702 2207 803 2278 (ilie).
816 2205 889 2263 Deus
1222 2217 1338 2284 cppn'l·
1356 2219 1451 2286 xxvi,

88 2295 161 2352 euim
178 2296 236 2352 dici
251 2296 400 2368 ahquando
412 2305 440 2354 el
457 2297 541 2353 horno
556 2307 654 2369 potest,
668 2298 747 2370 josto
765 2299 838 2371 quod
853 2300 888 2357 ud
1246 2336 1280 2375 »Β
1299 2335 1413 2378 ,ΛΜ

88 2388 200 2461 „⁰5⁸⁸”
225 2388 348 2444 mmmm
368 2388 436 2445 Em
457 2391 582 2445 mummi
603 2400 628 2446 ω
647 2391 732 2447 ΒΜ
753 2389 888 2448 thm'
939 2424 974 2486 ltr
986 2426 1125 2503 Scriptura
1150 2446 1227 2488 mero
1240 2449 1334 2490 monus
1350 2436 1455 2491 nomine
1474 2430 1619 2507 aliqnando
1633 2436 1729 2511 tttrt‘ped

87 2480 190 2549 (Em
205 2496 257 2548 l¹¹r
277 2480 315 2553 l).
333 2480 406 2538 ”0¹¹⁸
421 2497 486 2539 lem
499 2482 551 2538 ⁰⁰¹5
568 2498 655 2554 ΙΝΓΙΙ8
669 2483 753 2540 ¹¹⁰⁰¹⁰
766 2498 821 2539 ⁰⁰¹¹
835 2498 889 2556 9⁰·
974 2503 1047 2559 nitus
1060 2503 1110 2557 liet
1122 2501 1222 2571 Filius,
1240 2503 1386 2576 aliqnando
1408 2507 1495 2562 oetion
1508 2509 1573 2573 rito,
1587 2509 1732 2579 aliquando

87 2580 151 2627 test.
175 2570 251 2638 Quia
275 2587 342 2628 tero
363 2587 393 2629 se
415 2573 602 2630 Antichristus
621 2582 649 2630 ει
672 2588 754 2645 super
776 2584 887 2632 sanctos
973 2581 1101 2644 potestus,
1115 2574 1262 2645 aliquunde
1282 2577 1412 2645 operatio,
1427 2576 1573 2659 aliquando
1587 2578 1730 2648 fortitudo,

85 2676 217 2735 quosque
231 2665 370 2732 homines,
384 2674 413 2722 Θ)
425 2681 508 2736 supe,-
523 2665 611 2736 ipsius
624 2667 774 2737 pompam
783 2666 888 2723 nivini,
973 2643 1118 2715 aliquunde
1137 2661 1226 2700 acuere
1239 2644 1452 2737 lepirdistrictio
1470 2645 1640 2718 rotellipitur.

86 2753 151 2810 tatis
165 2755 287 2821 extollit,
301 2770 350 2826 per
363 2765 489 2811 exectum
508 2755 561 2811 sibi
576 2770 677 2811 nornen
691 2756 785 2829 glorie
795 2764 823 2813 et
835 2757 887 2813 hoc
972 2752 1192 2813 llanusnomine
1211 2755 1370 2829 uttipenitus
1380 2756 1430 2814 Ilei
1451 2758 1538 2816 iilius
1559 2760 1730 2832 designatur,

86 2846 160 2915 qood
180 2846 287 2902 colitur
301 2845 384 2915 licus,
400 2848 518 2904 transire
532 2857 658 2905 conatur.
680 2847 750 2916 Quia
765 2857 813 2905 aut
829 2849 888 2907 haec
938 2847 1011 2905 sicut
1035 2864 1084 2920 per
1102 2848 1213 2922 iloysen
1228 2849 1263 2905 de
1287 2849 1348 2920 ejus
1363 2851 1524 2907 ascensione
1545 2850 1626 2909 Pater
1649 2851 1733 2929 250

86 2937 146 3007 rjus
164 2938 298 3009 superbia
318 2937 434 2996 districti
448 2938 553 2996 iudicis
570 2940 751 2997 eritadrentu
764 2940 885 2997 feriende
938 2941 1060 3012 loquitur
1074 2940 1187 2997 dicens:
1212 2939 1316 2995 Tullum
1330 2940 1358 2996 itt
1375 2939 1471 2996 coelum
1495 2958 1603 2999 muitum
1629 2960 1717 3001 nuent

86 3029 159 3086 sicot
175 3033 312 3102 scrssptum
326 3040 368 3089 est
381 3052 389 3087 ε
402 3031 486 3099 Quem
503 3032 631 3089 dontinus
646 3032 724 3090 lesus
743 3034 885 3105 interficiet
936 3044 962 3090 et
977 3032 1075 3104 lurcio
1086 3033 1280 3104 perductorum
1292 3048 1377 3088 mrum
1391 3033 1480 3104 (idi.)

86 3122 186 3190 spiritu
209 3123 266 3176 oris
289 3123 349 3190 rui,
369 3132 395 3179 et
417 3124 533 3180 destruet
556 3124 736 3181 illustratione
759 3126 883 3181 meretur
973 3123 1049 3196 (eei)
1063 3123 1161 3180 Munus
1174 3124 1286 3180 nornine
1300 3125 1389 3179 activa
1407 3123 1462 3180 rita
1476 3123 1645 3196 designator,
1658 3126 1730 3185 sicut

86 3213 131 3267 rui
145 3213 192 3283 (ll
210 3208 288 3270 Tlte'u.
304 3230 335 3282 tt,
355 3214 394 3287 8).
418 3215 501 3273 hecte
522 3233 597 3274 nunc
618 3218 743 3275 dicitur:
765 3216 801 3272 Et
823 3218 886 3273 hra-
935 3228 985 3285 per
1003 3212 1173 3270 Ezechielem
1196 3213 1231 3270 de
1243 3215 1346 3271 sanctis
1362 3213 1529 3272 onimnlihus
1551 3216 1652 3273 dieitur
1668 3236 1675 3274 :
1693 3216 1729 3273 dt

85 3308 177 3362 eitiunt
191 3308 326 3363 excelsum
341 3309 529 3380 confringitur.
935 3322 1031 3361 munus
1043 3306 1158 3362 leontinis
1171 3308 1220 3362 rui
1239 3308 1332 3378 petistis
1340 3323 1432 3363 eorum
1442 3308 1470 3362 ht
1481 3319 1597 3379 quotuor
1604 3310 1728 3380 portibus

123 3400 236 3457 Brachii
258 3400 369 3456 nomine
392 3402 516 3471 operatio
537 3401 711 3473 designatur,
738 3402 809 3459 sicut
836 3417 885 3474 per
936 3395 1091 3469 (Emi-1)-
1117 3396 1239 3454 Possunt
1252 3399 1305 3456 hoc
1319 3399 1510 3472 locoquatuor
1524 3409 1615 3471 partes
1629 3403 1727 3460 mundi

87 3492 201 3548 lteatunt
233 3490 286 3549 Joh
307 3493 476 3548 enumeratis
499 3491 652 3549 virtutihus
680 3493 738 3549 suis
757 3492 882 3550 dicitur:
934 3487 1033 3559 accipi,
1047 3488 1152 3545 scilicet
1162 3481 1264 3555 oriens,
1280 3490 1419 3555 occidens,
1434 3492 1564 3549 meridies
1575 3492 1608 3564 ζει
1618 3504 1727 3565 septena

86 3581 226 3638 rtrum
246 3599 319 3639 rtem
340 3582 502 3653 ujutteturrt
521 3599 570 3638 run
593 3583 683 3650 sudor,
701 3592 727 3639 ει
745 3582 883 3639 hrnrhiunt
934 3579 999 3647 trio,
1019 3580 1085 3651 quia
1111 3590 1270 3637 sanctorum
1296 3582 1455 3653 predicatio
1480 3593 1594 3642 auctore
1615 3585 1672 3643 heo
1696 3587 1726 3644 itt

85 3691 173 3730 nunt
187 3692 249 3730 cum
261 3676 316 3731 ruis
332 3675 436 3731 ostibus
450 3685 603 3731 coneretur
613 3675 673 3748 (lul
689 3692 765 3745 ιτιι,
778 3676 838 3747 22).
849 3677 884 3733 Et
933 3671 1041 3728 eunctis
1056 3673 1150 3728 mundi
1162 3673 1286 3743 pertibus
1296 3682 1340 3731 cst
1349 3690 1469 3747 egressa.
1481 3676 1633 3734 Possumus
1642 3678 1727 3735 etiam

85 3765 158 3821 siem
174 3779 227 3836 per
245 3766 334 3837 ipsum
351 3768 452 3824 iterum
472 3769 507 3825 de
523 3765 620 3839 iniquo
637 3767 738 3825 dicitur
750 3785 757 3823 ε
770 3766 881 3823 Devorer
933 3781 983 3838 ρετ
995 3773 1114 3835 quatuor
1128 3774 1221 3835 portes
1233 3774 1352 3836 qttntuor
1366 3767 1533 3838 principales
1551 3769 1726 3834 uirtutesecf

82 3858 312 3928 pulchritudinem
338 3861 409 3917 ruris
430 3863 498 3933 ejus,
518 3870 544 3916 et
563 3870 651 3916 sumat
675 3860 783 3938 truchio
806 3861 882 3918 illius
933 3859 1034 3929 cipere,
1048 3871 1081 3913 ετ
1103 3856 1204 3928 quihus
1215 3856 1328 3928 relique
1341 3857 1457 3913 virtutes
1473 3859 1611 3928 oriuntur,
1625 3859 1726 3915 rioche

82 3950 264 4019 pnrttopenira
279 3950 428 4024 morellot
443 3968 521 4020 rrttr,
538 3952 594 4022 ld).
613 3951 790 4010 Pulchritudo
803 3968 883 4009 nam·
932 3958 976 4006 cel
984 3949 1166 4021 prudentiam,
1178 3946 1378 4019 fortitudinem,
1401 3949 1548 4021 iustitiam,
1570 3961 1725 4025 temperate⁴

81 4054 137 4110 une
147 4041 226 4097 cutis
236 4050 278 4098 cst
295 4044 380 4115 gioria
398 4045 566 4117 temporalis,
582 4060 644 4116 quae
657 4045 723 4102 dum
736 4044 803 4102 loris
817 4061 882 4103 con·
933 4042 1010 4098 liam.
1026 4040 1101 4108 Quas
1116 4040 1246 4096 nimirum
1258 4040 1375 4098 virtutes
1388 4051 1454 4101 tunc
1466 4045 1600 4100 veraciter
1613 4046 1720 4116 accipi·

82 4131 252 4202 apiscitur,
267 4136 346 4205 quasi
357 4138 462 4208 speeies
477 4138 504 4192 in
515 4147 579 4194 cute
593 4137 735 4195 retinetur.
750 4137 882 4195 Brachio·
932 4149 1005 4203 mus,
1013 4149 1077 4204 cum
1089 4148 1184 4190 earum
1195 4134 1318 4191 ordinem
1329 4135 1510 4193 custodimus.
1516 4135 1609 4192 Prima
1622 4135 1725 4210 quippe

80 4236 145 4277 rnrn
166 4237 236 4280 vcro
250 4227 361 4282 nomine
385 4243 440 4283 non
459 4229 610 4301 incongrue
630 4244 713 4300 opere
732 4228 881 4302 designari·
931 4226 1088 4297 prudentia,
1101 4226 1221 4282 secunda
1236 4224 1379 4296 fortitudo,
1400 4228 1480 4283 tertia
1490 4227 1608 4299 justitie,
1622 4237 1722 4299 quarta

80 4322 138 4369 tur.
154 4312 228 4381 Quia
245 4318 387 4388 corporale
405 4334 475 4390 opos
493 4321 615 4378 brachiis
630 4322 729 4394 agitur.
746 4321 817 4390 Quid
832 4335 881 4377 au·-
899 4318 1115 4391 Dtempcrantia
1135 4328 1189 4375 est.
1205 4317 1278 4387 Quid
1296 4319 1370 4375 enim
1391 4319 1522 4390 prodesse
1535 4321 1636 4392 poterit
1657 4336 1723 4393 pru·

82 4414 137 4463 tem
154 4422 245 4478 mors,
260 4409 314 4468 nisi
327 4421 469 4481 peecatum
482 4421 523 4470 est
541 4415 615 4484 quod
628 4415 663 4470 ah
679 4415 809 4471 interiore
822 4414 879 4472 trita
932 4410 1036 4479 dentia,
1058 4409 1082 4468 si
1105 4408 1238 4466 lortitndo
1259 4409 1350 4466 desitl
1374 4408 1450 4466 Scire
1467 4411 1569 4467 etenim
1591 4411 1722 4482 cuiquam

81 4498 205 4555 nimam
218 4500 338 4557 occidit?
351 4499 428 4559 Unde
442 4503 574 4575 scriptum
587 4513 630 4560 est
644 4523 651 4560 τ
666 4505 765 4561 &etur
777 4515 802 4561 et
815 4522 880 4561 run·
930 4504 1005 4576 quod
1020 4517 1073 4558 non
1087 4501 1187 4574 poterit
1200 4500 1301 4569 lacere,
1324 4515 1406 4571 penno
1425 4503 1609 4574 magistrumn
1622 4504 1724 4561 uirtus.

82 4598 151 4656 ctus,
168 4593 216 4662 eui
229 4593 308 4649 halet
318 4604 422 4666 purtem
437 4597 467 4651 irt
479 4597 671 4653 rerurrectione
684 4599 771 4669 primu
782 4598 876 4670 (Αρεε.
932 4593 997 4663 Sed,
1008 4595 1032 4650 si
1043 4593 1192 4666 prudenter
1207 4592 1334 4665 intelligit
1343 4591 1410 4663 quid
1424 4602 1497 4666 agat,
1510 4602 1538 4650 et
1549 4593 1655 4650 lortiter
1665 4595 1724 4668 agit

82 4695 130 4748 xx,
141 4681 184 4751 lii.
197 4681 269 4751 Quia
282 4684 328 4741 ille
341 4696 403 4758 post
413 4687 442 4745 itt
455 4703 540 4745 carne
553 4686 667 4745 lelieiter
679 4698 813 4762 resurget,
827 4691 876 4762 qui
930 4688 1004 4760 quod
1015 4686 1158 4755 intellexit,
1184 4686 1241 4757 jana
1261 4684 1357 4755 procul
1370 4684 1454 4742 dubio
1473 4684 1566 4756 iustus
1588 4696 1648 4755 est;
1671 4689 1721 4745 scd

81 4773 109 4828 in
124 4773 179 4831 hee
194 4778 249 4833 rita
264 4779 404 4849 positura
421 4780 521 4837 utentis
535 4795 594 4836 suae
612 4789 700 4836 morte
718 4796 876 4838 resurrexe-
929 4782 990 4852 ejus
1002 4779 1135 4851 iustitiam
1151 4777 1331 4848 temperantia
1353 4777 1430 4850 sequi
1455 4778 1547 4847 debet,
1574 4778 1639 4850 quie
1663 4779 1722 4846 ple*

79 4866 128 4921 rit.
146 4865 176 4921 Si
190 4868 276 4940 igitur
287 4879 428 4941 peecatum
440 4886 526 4939 mors,
541 4886 597 4927 non
612 4873 762 4945 incongrue
774 4873 877 4943 primo·
930 4885 1048 4942 rumque
1060 4868 1180 4940 justitia,
1192 4868 1215 4923 si
1228 4868 1339 4924 modum
1360 4869 1524 4938 nonhabet,
1550 4869 1579 4925 ia
1596 4871 1720 4927 crudelia

79 4959 174 5030 pertita
196 4961 327 5032 superbia
341 4963 413 5018 ualet
435 4964 560 5036 intelligi,
576 4965 641 5036 quia
663 4965 796 5036 scriptum
809 4973 874 5023 est:
927 4971 1012 5019 tatem
1026 4962 1109 5019 cadit.
1123 4960 1184 5032 lpse
1202 4976 1268 5033 ergo
1275 4960 1382 5032 justitia
1395 4977 1459 5019 ιετε
1470 4962 1579 5033 justitia
1589 4970 1642 5033 est,
1655 4974 1719 5035 quw

79 5048 196 5105 luetur·
210 5055 296 5108 εειιιὲε
309 5056 411 5124 percuti
424 5057 547 5127 superbie
562 5055 660 5130 (dccli.
676 5074 704 5124 x,
718 5055 773 5128 15).
792 5057 874 5130 255
928 5070 958 5110 oc
984 5053 1169 5124 temperantiae
1191 5051 1268 5109 lreno
1293 5053 1460 5121 moderelur,
1485 5063 1516 5110 ιιι
1531 5055 1561 5111 itt
1585 5054 1644 5109 zelo
1663 5065 1721 5124 quo

77 5139 317 5202 Pulchritudinem
338 5145 423 5218 igitur
443 5149 602 5221 rotheim,
623 5148 775 5205 ethreehia
800 5149 874 5207 iliius
927 5145 1046 5217 quisque
1073 5143 1169 5212 terret,
1195 5144 1232 5200 sit
1250 5143 1334 5200 etiam
1363 5153 1529 5215 temperans,
1552 5144 1633 5212 nc,si
1654 5143 1719 5214 plus

78 5235 263 5308 primogemta
278 5252 354 5295 mors
368 5239 491 5308 devorat,
506 5242 572 5313 quia
590 5239 677 5312 iniqui
689 5241 815 5314 gloriata,
831 5241 875 5298 tel
926 5238 1040 5306 lechem,
1055 5237 1151 5309 perdet
1161 5235 1295 5307 justitiam
1312 5236 1392 5308 cujus
1404 5252 1514 5293 servare
1526 5235 1716 5293 moderamina

78 5327 268 5398 operationem
282 5331 411 5402 snperbia
425 5333 592 5404 supplantat.
927 5331 1047 5404 ignorat.
1063 5330 1129 5386 littae
1140 5336 1231 5385 ευιευι
1249 5335 1316 5386 snut
1330 5335 1488 5385 sauctorum
1503 5328 1714 5400 predicatorum

112 5526 190 5598 (29⁰)
205 5526 245 5584 ox
254 5527 304 5584 lib.
317 5545 372 5598 nas
384 5530 411 5586 in
422 5530 554 5603 loh,cap.
567 5546 619 5587 ιιι.
921 5542 983 5598 sup.
1003 5521 1081 5583 hem.
1097 5541 1186 5584 run.

114 5597 193 5672 (iot)
207 5596 295 5672 liujus
307 5601 518 5674 significationis
529 5617 644 5660 eausam
665 5602 751 5661 hahes
763 5617 788 5661 c.
804 5615 870 5671 nr,
963 5597 1038 5670 (292)
1053 5596 1251 5672 Eremmon
1269 5598 1369 5658 Erech.
1384 5598 1465 5671 louge
1475 5605 1539 5672 post
1551 5600 1671 5679 princip,
