3817 6000
198 274 254 340 {itii
671 275 824 340 Gaudent
843 283 923 341 CAN.
945 282 1025 340 usic.
1049 282 1078 342 S.
1100 278 1261 339 VICTORIS
1281 281 1392 338 raltls.
1783 285 1832 343 tto

197 398 278 455 iilam
300 380 373 453 carri
396 398 429 455 de
456 396 626 452 torreantur.
654 395 754 468 llcpctc
780 413 841 468 cap.
862 397 887 465 7,
903 397 952 452 lib.
968 413 997 465 ιι,
1014 405 1142 460 atamen
1159 396 1325 467 cogitatione
1336 393 1479 450 sordescit.
1494 392 1574 449 Unde
1597 391 1680 449 etiam
1693 409 1741 466 per
1752 395 1835 452 sliam

198 476 263 547 dist.
276 492 305 546 d.
1045 488 1208 559 proplietam
1222 489 1273 544 snb
1287 485 1380 543 Judeae
1401 486 1491 557 specie
1515 486 1549 542 de
1574 487 1668 542 arriana
1690 487 1837 545 immundis

167 617 170 624 ·
235 581 312 652 (iil)
325 580 501 637 Torrentium
514 580 626 637 nomine
639 580 992 651 iurentorcsperrersoruru
1046 580 1191 636 desideriis
1218 587 1352 649 occupata
1374 578 1500 634 dicitur:
1525 576 1622 633 Omnes
1642 580 1689 649 qni
1713 591 1835 649 querant

197 673 357 745 dogmatum
369 674 565 745 designantur,
581 673 653 728 sicut
667 671 719 728 iob
744 674 778 728 de
802 674 925 743 ipsorum
950 687 995 727 se·
1044 688 1174 740 eamean
1191 672 1331 742 deficient,
1345 672 1375 725 in
1399 670 1542 725 anenatrnis
1564 670 1622 740 ejas
1638 671 1835 727 invenientem

197 767 332 837 ueracibus
345 766 472 837 loquens,
487 767 544 821 nit:
560 765 590 820 ln
603 766 714 820 ‹lesen-m
741 766 861 821 traditam
890 777 993 821 torren—
1045 763 1158 837 (Jerern.
1174 780 1204 831 ιι,
1216 764 1274 834 il).
1301 762 1412 833 ilaligni
1432 762 1533 833 quippe
1552 761 1666 833 spiritus
1686 771 1837 832 querentes
1887 792 1891 797 .

197 851 264 910 tiam
280 846 341 927 (tat
352 872 418 915 xrs,
432 856 472 926 6).
488 854 635 911 Torrentes
649 856 768 911 dicimus
791 857 876 923 riros,
892 856 939 925 qui
954 855 990 910 ab
1046 872 1100 911 non
1120 855 1260 922 deficiunt,
1282 870 1344 910 cam
1360 852 1463 909 inlnrre
1483 853 1665 923 perditionem
1685 854 1837 925 cupienter

197 943 277 1014 iouis
307 942 471 999 hiemalibus
496 945 674 1016 colliguntur,
705 945 752 1016 qai
777 945 859 1000 etiam
885 944 993 1001 caeteris
1044 947 1120 1001 nulla
1151 945 1324 1003 rectitudinis
1354 946 1434 1000 bonae
1460 944 1636 1015 cogitationis
1658 946 1836 1017 repelluntur,

197 1036 368 1107 temporibus
385 1045 534 1092 arescunt..
550 1035 617 1092 lure
641 1038 733 1109 itaque
756 1038 913 1092 inventores
929 1053 993 1108 pcr-
1044 1039 1168 1109 sturmin
1193 1037 1343 1094 menstruis
1362 1038 1421 1093 suis
1440 1037 1560 1093 animaru
1571 1038 1714 1094 inveniunt
1728 1039 1838 1109 perarma

195 1142 341 1183 versorum
355 1128 515 1199 dogmatum
532 1135 667 1183 torrentes
678 1137 822 1195 rorantur,
836 1129 900 1199 quia
917 1144 993 1184 aco-
1043 1130 1071 1185 in
1086 1129 1168 1203 lglo
1179 1129 1292 1200 pollutis
1316 1128 1531 1200 cogitationibus
1556 1130 1675 1201 positam
1700 1128 1780 1187 lacile
1802 1130 1838 1186 ad

196 1218 256 1273 lore
267 1217 410 1273 clamitatis
427 1216 516 1290 frigidi
532 1219 610 1288 quasi
627 1219 655 1272 in
668 1230 779 1290 torpore
790 1221 922 1291 temporis
933 1221 993 1276 hie·
1042 1237 1200 1295 perversam
1221 1221 1410 1292 operationem
1438 1222 1561 1277 trallunt.
1574 1221 1686 1279 Dicatur
1699 1237 1766 1294 ergo
1782 1241 1789 1278 :
1806 1221 1836 1278 ln

196 1310 279 1366 malis
304 1318 477 1367 excrescunt.
504 1308 555 1375 Qui
587 1325 641 1364 ιιοιι
669 1321 800 1380 perpetua
824 1311 993 1381 mestitudine
1042 1314 1146 1369 dioilla
1170 1314 1223 1369 crit
1247 1312 1309 1369 lons
1328 1321 1425 1384 patens
1454 1313 1553 1370 domus
1582 1312 1678 1382 David,
1701 1314 1838 1383 eleonis

195 1402 348 1474 prolluant,
377 1403 425 1458 sed
447 1401 652 1456 catholicorum
677 1401 887 1473 allegationibus
909 1405 991 1473 quasi
1043 1414 1156 1477 apertus
1169 1405 1226 1476 jam
1238 1406 1319 1462 nobis
1337 1416 1379 1462 est
1400 1407 1463 1462 lons
1483 1405 1837 1480 misericordimlledemp-

196 1494 309 1549 aestibus
335 1495 401 1550 solis·
426 1494 608 1550 exsiccantur.
638 1492 671 1548 Et
702 1494 812 1564 quidem
834 1495 991 1552 inventores
1042 1505 1196 1554 tornostcr
1214 1496 1262 1569 qui
1282 1497 1310 1551 in
1327 1497 1411 1553 domo
1434 1496 1520 1553 David
1545 1496 1684 1553 incarnari
1709 1496 1837 1568 dignatus

157 1572 160 1578 ’
195 1599 389 1655 perversorum
414 1587 571 1657 dogmatum
600 1594 696 1641 contra
728 1584 878 1643 Ecclesiam
900 1588 990 1644 exorti
1041 1598 1151 1645 esttut
1167 1597 1338 1659 decretorem
1356 1589 1836 1658 iaret,aperrersoopereetmen·

188 1664 303 1733 'lerrore
315 1677 373 1749 jam
391 1679 514 1734 veritatis
532 1678 661 1734 exstincti
675 1686 756 1744 sunt;
770 1679 818 1734 sed
839 1685 929 1735 tamen
946 1695 991 1737 eo·
1042 1690 1180 1737 struatam
1191 1690 1311 1737 mentem
1328 1681 1427 1746 diluat,
1452 1680 1488 1735 alt
1503 1679 1645 1735 immunda
1658 1680 1836 1752 cogitatione.

194 1785 257 1827 rum
271 1772 408 1843 discipali,
421 1788 482 1842 arrae
502 1772 539 1825 ilii
553 1773 716 1839 docueruut,
733 1780 825 1827 tenere
839 1786 871 1827 ae
894 1771 990 1827 delen·
1005 1740 1026 1800 B
1040 1770 1118 1827 Patet
1131 1786 1197 1843 ergo
1218 1771 1290 1838 lons,
1307 1787 1466 1837 curramus,
1492 1787 1556 1827 cum
1572 1772 1701 1843 lacrymis
1715 1770 1839 1827 lavemur

195 1862 271 1928 dere,
287 1878 341 1918 nou
361 1863 507 1919 desistunt.
526 1862 557 1916 lli
572 1877 637 1933 ergo
648 1864 694 1933 qui
712 1864 821 1918 illorum
835 1873 991 1935 sequuntur
1041 1862 1093 1918 lroc
1105 1862 1179 1920 laute
1193 1864 1304 1934 pietatis
1321 1880 1327 1917 :
1342 1861 1369 1917 ln
1382 1862 1435 1918 hoc
1448 1862 1523 1919 lonte
1533 1866 1591 1934 ipse
1614 1879 1724 1935 quoque
1749 1863 1836 1919 David

194 1973 315 2023 errores,
329 1964 356 2011 et
372 1957 398 2009 in
420 1956 537 2009 desertis
565 1955 690 2008 nalmam
713 1956 891 2019 torrentium,
907 1955 991 2010 idest
1041 1954 1248 2013 lotusesteutn
1275 1957 1408 2013 rediitad
1432 1956 1551 2012 laureata
1578 1956 1755 2027 peanitentiae,
1775 1966 1840 2027 post

194 2050 223 2132 in
237 2064 333 2104 eorum
348 2046 542 2117 predicatione
568 2046 721 2112 sordidant,
743 2060 860 2115 quorum
881 2045 991 2116 eloquia
1040 2050 1167 2104 nracnlas
1183 2049 1274 2141 gignis
1289 2050 1387 2120 culpae.
1403 2046 1431 2103 ln
1451 2049 1504 2104 lroe
1530 2048 1605 2105 ionte
1640 2050 1840 2105 misericordiae

194 2138 465 2209 Catlrolicorumjam
480 2138 658 2209 responsione
677 2148 758 2209 atque
780 2138 990 2194 ratiocinatione
1040 2138 1097 2194 iota
1117 2149 1160 2194 cst
1173 2138 1258 2194 llario
1272 2139 1441 2211 llagdaleuc‚
1465 2156 1526 2211 qua
1541 2140 1620 2211 prius
1645 2139 1751 2196 lanmsa
1769 2157 1841 2212 pcc-

193 2233 296 2291 siocata
310 2241 385 2287 sunt.
1039 2231 1142 2297 catria,
1164 2232 1340 2302 postmodnm
1366 2233 1432 2289 larit
1453 2232 1581 2305 lacrymis
1597 2234 1720 2290 maculas
1748 2233 1840 2290 corri-

229 2326 305 2396 (552)
318 2325 437 2381 Possunt
451 2339 560 2397 quoquc
571 2340 620 2395 per
634 2334 769 2382 torrentes
795 2325 990 2397 praedicatores
1040 2322 1131 2393 gendo
1146 2337 1247 2379 mores.
1264 2322 1293 2377 in
1310 2323 1364 2380 lnoe
1383 2323 1459 2380 sonte
1484 2324 1613 2383 omnibns
1639 2335 1743 2397 aperto,
1769 2325 1840 2383 lavit

194 2417 282 2474 sancti
300 2415 498 2488 iutelligi,qui‚
513 2416 578 2471 dum
602 2416 630 2470 in
657 2417 784 2487 prasenti
812 2417 867 2471 rita
886 2414 988 2472 divinis
1039 2414 1138 2470 Petrus
1152 2415 1226 2486 quod
1253 2424 1410 2487 negaverat,
1435 2415 1587 2487 quiallerit
1608 2432 1713 2473 amare,
1728 2415 1758 2472 ln
1779 2416 1838 2472 ltoc

192 2504 274 2563 nobis
284 2506 493 2580 maineriis
508 2506 636 2572 inlinunt,
649 2523 784 2577 agnarum
800 2508 987 2575 multitudine,
1039 2505 1115 2563 lonte
1129 2508 1336 2573 misericordie,
1353 2508 1381 2564 in
1395 2508 1449 2565 dne
1468 2523 1521 2564 suo
1541 2508 1615 2564 lotus
1627 2517 1670 2565 est
1685 2509 1766 2575 latro,
1784 2510 1838 2581 qrri

192 2599 274 2681 pransi
285 2600 313 2655 ιιι
327 2599 417 2654 hieme
428 2598 603 2670 colliguntur.
618 2597 669 2664 Qui
685 2608 712 2653 ct
726 2601 821 2656 aestiro
832 2600 890 2655 sole
905 2601 989 2656 adre-
1039 2600 1217 2672 semetipsum
1230 2601 1257 2655 in
1273 2610 1361 2657 morte
1376 2601 1589 2672 reprebendens,
1607 2602 1713 2673 aeulpa
1724 2602 1840 2659 nltlutus

191 2692 286 2765 triente
299 2706 328 2748 se
341 2691 519 2758 subtrahant,
532 2690 608 2761 quia,
625 2706 686 2745 cam
704 2700 812 2747 aeternae
831 2692 925 2762 patrie
939 2691 987 2748 lux
1040 2701 1084 2749 est
1095 2692 1270 2749 cordessione
1285 2693 1420 2749 veritatis.

192 2784 347 2851 emicuerit,
363 2783 511 2855 praedicare
521 2785 678 2840 cessabunt.
695 2784 798 2839 llorum
817 2797 908 2841 autem
932 2795 989 2841 tor·
1076 2783 1152 2854 (554)
1167 2782 1296 2840 Pontium
1312 2785 1423 2840 uostrine
1439 2785 1512 2840 dona
1529 2786 1623 2857 gratiae
1639 2785 1771 2856 spiritalis
1784 2786 1839 2843 de·

192 2879 313 2934 rentium
333 2876 441 2932 deserta
473 2884 539 2930 sunt
563 2877 625 2931 ritae
647 2878 804 2947 tenipuralis
831 2879 986 2934 commoda.
1039 2872 1194 2944 signantur,
1207 2873 1279 2930 sicut
1292 2890 1341 2944 per
1351 2874 1525 2931 Psalmistam
1536 2875 1570 2931 de
1581 2873 1698 2931 Domino
1712 2875 1837 2932 dicitur:

192 2968 231 3025 Ea
244 2983 365 3039 namque
379 2967 520 3036 deserant,
533 2977 560 3024 et
573 2968 607 3024 ad
619 2969 695 3025 lucra
709 2985 739 3025 se
755 2969 877 3026 celestia
899 2971 988 3042 adipi·
1039 2964 1150 3021 Emittis
1166 2965 1250 3037 [antes
1270 2967 1299 3022 in
1319 2965 1484 3023 carrrnliilrnr
1500 2965 1589 3037 (Pani.
1615 2980 1673 3035 crrr,
1696 2966 1736 3039 6).
1759 2965 1839 3036 Quid

138 3053 142 3062 ’
191 3061 294 3120 secuda
307 3068 482 3116 oorrrertunt.
497 3061 603 3118 Cuncta
615 3069 708 3117 autem
730 3062 789 3118 laec
810 3071 917 3119 torrens
939 3063 986 3119 ille
1000 3085 1023 3149 c
1038 3073 1158 3130 namque
1172 3075 1221 3130 per
1248 3060 1339 3116 lontes
1362 3060 1417 3116 nisi
1436 3059 1570 3131 spiritalia
1593 3059 1665 3115 dona
1680 3077 1688 3115 ι
1705 3059 1769 3130 quid
1783 3075 1841 3131 per

191 3155 343 3227 reliquerat
356 3153 403 3226 qui
418 3153 545 3210 dicebat:
562 3153 676 3226 Propter
690 3172 766 3224 qaam
784 3157 874 3210 omnin
900 3157 988 3212 detri-
1038 3152 1178 3208 convalles
1194 3151 1248 3208 nisi
1262 3152 1392 3220 humiles,
1406 3151 1577 3222 accipimusi
1590 3149 1770 3222 Omnipotens
1781 3166 1841 3207 au-

192 3256 309 3302 mentam
321 3245 372 3316 leri
395 3253 420 3300 et
440 3244 558 3300 arbitror
575 3255 603 3299 nt
630 3255 748 3300 stercora
764 3245 930 3316 (Philinus,
946 3246 985 3317 8).
1039 3249 1093 3297 tem
1105 3240 1179 3298 Deus
1192 3241 1292 3299 emittit
1306 3242 1397 3300 lantes
1420 3244 1448 3299 iu
1464 3244 1648 3314 convallibus,
1668 3244 1733 3316 qnia
1756 3243 1838 3302 dona

187 3338 247 3395 Sed
263 3336 328 3408 quia
340 3351 487 3407 pravorum
501 3344 608 3392 mentes
618 3352 651 3391 ea
676 3337 704 3391 iu
727 3337 779 3392 hac
793 3337 848 3392 rita
872 3338 988 3408 adipisci
1038 3334 1170 3405 spiritalis
1181 3336 1276 3407 gratiae
1290 3336 1443 3392 humilibus
1456 3345 1579 3408 praestat.

182 3426 323 3501 'appetunt
338 3444 400 3499 quae
412 3427 592 3498 despicientes
610 3425 677 3496 justi
692 3426 885 3497 derelinquunt
897 3427 924 3482 iu
937 3427 987 3483 dc·
1073 3427 1201 3484 Fontinrn
1223 3429 1334 3484 nomine
1356 3428 1458 3485 llucnta
1485 3430 1609 3486 veritatis
1639 3429 1836 3503 designantur,

185 3523 273 3578 ‘sertis
285 3521 446 3576 torrentium
462 3520 585 3576 hahitare
599 3520 764 3575 reseruntur.
779 3517 825 3574 illa
837 3519 910 3575 euim
925 3536 988 3592 quae
1037 3519 1109 3576 siout
1119 3534 1168 3590 per
1189 3518 1363 3576 psalmistam
1378 3519 1496 3577 Domino
1507 3521 1631 3578 dicitur:
1649 3519 1687 3576 Ta
1702 3521 1839 3592 dirupisti

182 3612 295 3667 sancus
310 3611 421 3682 indigna
435 3620 500 3668 suan
515 3610 566 3682 ipsi
581 3610 721 3682 percipere
741 3626 792 3681 pro
805 3626 905 3684 magno
919 3626 985 3668 con-
1036 3609 1122 3680 tontes
1134 3618 1157 3665 et
1170 3617 1310 3675 torrentes,
1324 3618 1353 3664 tn
1375 3611 1485 3666 siccasti
1514 3612 1609 3681 primos
1637 3609 1726 3667 Etirnn
1738 3609 1837 3684 (Psoi.

186 3703 347 3775 cupiseunt
1036 3716 1134 3770 exstat,
1149 3701 1206 3775 lii).
1221 3700 1287 3759 Vide
1302 3717 1363 3773 cap.
1382 3703 1506 3774 isupra
1517 3703 1582 3761 dist.
1594 3703 1624 3761 li.

480 3794 596 3943 egeus
613 3794 682 3852 ιιιι.
1293 3840 1373 3914 all
1392 3839 1507 3897 curor
1527 3839 1573 3898 ur.

529 3905 546 3944 B
565 3905 663 3945 FONTE-

1353 3969 1388 4008 DE
1407 3969 1505 4011 PUTEO·

226 3979 302 4051 (553)
314 3979 411 4037 Fontis
425 3982 537 4037 nomine
550 3981 717 4053 Redemptor
737 3991 832 4039 noster
853 3984 983 4057 designa-

189 4069 246 4141 tur,
264 4073 395 4143 sicutper
416 4071 578 4143 proplietam
608 4072 835 4129 diciturzlndin
866 4075 915 4130 iila
933 4077 983 4131 erin
1035 4065 1423 4138 lnSeriptnrnaocropitteus
1445 4068 1839 4141 camsingninrinnmeropo-

189 4167 250 4236 [ons
265 4175 358 4236 putens
379 4163 471 4218 domni
492 4163 589 4230 anain,
613 4165 796 4219 inabitantibus
820 4164 982 4236 Jerusalem,
1069 4139 1153 4222 ΨΜ*
1177 4138 1323 4218 ‘minim
1348 4140 1449 4220 mim
1475 4139 1655 4220 '’mmmm‘’
1680 4139 1839 4211 “stium‘’

1069 4219 1130 4264 ottae
1141 4218 1279 4279 prmsenus
1292 4210 1464 4279 profunditas
1482 4210 1657 4280 designatam
1681 4225 1741 4263 cnm
1766 4226 1839 4265 aero

92 4279 98 4286 ¹
189 4257 217 4312 in
228 4256 391 4311 allationem
414 4256 560 4324 peccatoris
579 4265 603 4309 et
629 4266 801 4310 merestmnne
813 4255 907 4327 (chlr.
921 4275 982 4328 rur,
1068 4279 1336 4351 pluragmpofflnr,
1346 4278 1490 4351 anquando
1502 4278 1649 4351 smmum
1658 4278 1839 4349 'mm’

183 4349 227 4420 d).
242 4346 313 4415 Quid
325 4348 398 4402 enim
412 4345 496 4402 lontis
510 4345 622 4402 nomine
638 4346 692 4402 uisi
710 4346 876 4419 Redemptor
890 4360 984 4407 noster
1070 4349 1215 4421 aliqnando
1248 4348 1383 4419 profando
1417 4349 1538 4404 cordiam
1571 4361 1725 4406 nostrornm
1745 4350 1841 4405 intel·

187 4437 339 4509 accipitur?
353 4436 416 4494 lons
435 4447 525 4494 autem
545 4438 671 4494 occultus
685 4447 728 4494 est
744 4437 906 4512 [inigenitus
923 4440 978 4496 Pa·
995 4442 1019 4496 l)
1068 4419 1200 4492 ‘flium'-

186 4531 239 4588 tris
249 4530 395 4586 invisibilis
424 4529 496 4587 Deus
516 4551 522 4586 :
544 4530 606 4588 lons
631 4540 727 4602 pateus
751 4541 794 4589 est
821 4532 894 4589 idem
909 4534 982 4592 Deus
1068 4532 1144 4605 (555)
1159 4530 1237 4589 Putei
1252 4532 1364 4589 nomine
1381 4537 1486 4605 peccati
1510 4533 1684 4606 profunditas
1696 4533 1841 4606 designa*

186 4626 359 4680 incarnatus.
371 4623 424 4690 Qui
438 4624 501 4680 lons
524 4634 619 4696 patens
634 4636 707 4681 recte
721 4625 821 4682 domus
838 4625 923 4683 David
938 4628 981 4683 di·
1032 4635 1088 4680 ιιιι.
1102 4622 1181 4681 Unde
1193 4623 1279 4681 ilarid
1292 4625 1345 4682 sut
1355 4625 1445 4696 speeie
1463 4626 1636 4697 peccantium
1658 4635 1767 4693 exorat,
1779 4623 1841 4681 ‹ti-

187 4717 270 4782 citur‚
284 4718 349 4788 quia
366 4733 399 4773 ex
412 4716 496 4772 Darid
511 4732 611 4788 genere
629 4726 722 4774 noster
738 4718 772 4774 ad
797 4734 848 4775 nos
863 4718 982 4777 liedem·
1031 4732 1097 4773 cens
1115 4735 1122 4773 ι
1139 4714 1202 4771 Non
1215 4733 1255 4770 me
1272 4716 1405 4788 denrergnt
1424 4724 1563 4787 tempestas
1583 4731 1659 4787 aare
1681 4729 1764 4785 rreqae
1779 4714 1845 4768 ab·

188 4817 251 4877 ptor
261 4809 407 4879 processit.
416 4808 568 4865 Jerusalem
579 4824 643 4865 reto
654 4811 720 4865 nisio
733 4813 807 4883 pacis
818 4811 980 4883 interpreta—
1030 4808 1152 4865 sorbebat
1162 4826 1204 4865 me
1219 4808 1393 4881 profondum,
1411 4825 1493 4880 negor
1508 4815 1598 4880 argent
1616 4822 1694 4877 snper
1709 4821 1750 4860 me
1772 4822 1841 4877 pss-

186 4907 243 4956 tur.
257 4892 291 4954 lli
311 4908 403 4956 antem
422 4898 575 4958 ierusalem
595 4902 729 4968 habitant,
751 4904 798 4975 qui
821 4904 848 4959 iu
873 4906 980 4962 risione
1031 4911 1086 4957 tens
1100 4918 1129 4956 os
1144 4918 1222 4956 sunm
1236 4900 1325 4973 (Psoi.
1341 4916 1438 4967 tarint,
1453 4900 1491 4970 ὅ).
1504 4898 1582 4966 Quod
1595 4898 1669 4955 enirn
1682 4897 1748 4952 mali
1760 4912 1842 4968 ope-

126 5034 133 5047 .
186 4989 264 5063 pacis
275 4989 378 5046 intimae
388 5000 508 5046 mentem
523 4990 618 5062 ligant.
632 4989 763 5047 Peccator
774 5008 839 5048 vero
849 5000 876 5048 et
887 5009 980 5050 mens·
1029 4992 1068 5049 ris
1090 4991 1222 5062 iniquitas
1245 5005 1260 5046 a
1287 4991 1352 5047 boni
1378 4988 1527 5046 stabilitate
1551 4986 1711 5056 commorit,
1740 4991 1839 5060 quasi

186 5091 278 5162 traatg
301 5090 353 5151 est,
369 5083 412 5139 rel
436 5083 459 5140 is
481 5086 528 5155 qui
542 5082 678 5154 delinquit
695 5084 722 5138 in
737 5098 828 5155 opere,
846 5083 889 5139 rel
901 5099 980 5142 mens
1030 5089 1178 5152 tempestas
1189 5093 1267 5151 aquae
1279 5079 1379 5151 rapuit.
1394 5077 1447 5133 Sed
1457 5078 1480 5134 si
1491 5078 1525 5133 ad
1540 5078 1599 5134 bec
1611 5075 1693 5149 longa
1705 5090 1844 5134 cousue—

170 5195 173 5202 ⁴
187 5190 250 5247 quae
259 5175 361 5231 labitur
376 5175 403 5229 iu
420 5190 505 5246 prava
526 5173 701 5246 cogitatione.
716 5173 883 5231 Menstruata
897 5192 976 5232 nam·
1009 5217 1013 5225 .
1030 5173 1124 5229 tudine
1140 5187 1195 5227 uon
1208 5171 1361 5243 prevaluit,
1385 5187 1440 5226 uon
1459 5170 1602 5227 demersit.
1617 5166 1714 5225 Omnis
1727 5175 1839 5226 autem

186 5282 241 5340 que
257 5269 308 5324 ism
320 5267 436 5339 pollutio
447 5275 500 5334 est,
517 5283 578 5337 quae
593 5275 621 5323 et
633 5267 722 5322 aliena
739 5283 822 5324 carne
835 5283 890 5325 non
915 5275 979 5324 tau·
1029 5266 1077 5338 qui
1091 5265 1165 5321 riam
1175 5265 1238 5320 vitm
1256 5262 1388 5320 deserens
1411 5264 1440 5319 in
1454 5271 1630 5334 peccatoram
1652 5257 1842 5319 emansisse

166 5361 168 5366 '
186 5361 271 5431 gitur,
285 5370 312 5416 et
324 5376 374 5415 saa
387 5374 469 5415 carne
485 5359 655 5430 inquinatur.
672 5357 717 5414 Sic
739 5359 841 5431 itaque,
864 5359 908 5418 sia
919 5375 979 5415 om·
1003 5407 1008 5418 .
1028 5357 1130 5436 dejicit¹
1146 5355 1324 5425 semetipsum
1339 5354 1418 5427 quasi
1436 5353 1464 5410 in
1488 5362 1603 5424 pateam
1614 5350 1697 5409 rolin
1711 5349 1838 5409 lorsam

164 5459 166 5462 ·
186 5451 231 5507 ais
245 5451 483 5523 arrunaqna,etsi
497 5449 601 5507 malum
617 5465 687 5521 opus
704 5455 760 5507 nod
778 5452 844 5523 agit,
874 5452 978 5530 politam
1027 5450 1135 5522 mergit.
1151 5448 1204 5505 Sed
1224 5447 1248 5505 si
1264 5447 1298 5504 ad
1322 5447 1381 5512 haee
1404 5446 1484 5516 longa
1508 5444 1679 5504 consuetudo
1702 5435 1841 5499 nonde·

234 5583 283 5637 ast
313 5565 886 5656 Exlxxinlolnc.xttniriprincipio.
944 5569 949 5578 ⁵
1062 5583 1126 5650 teat
1152 5580 1499 5653 tlxtrommttntlrnng.
1650 5627 1672 5660 ⁴.
1712 5645 1719 5658 ·

234 5651 287 5704 532
314 5653 352 5706 ιιι
364 5656 383 5708 l.
397 5670 505 5723 sup.‚c.
522 5669 581 5716 ιιιιι,
597 5655 639 5708 lt.
1062 5653 1126 5724 (535
1151 5651 1191 5707 Es
1208 5653 1226 5706 l.
1241 5667 1307 5707 ιιιιιιι
1318 5653 1347 5708 ia
1358 5650 1422 5720 lot,
1433 5667 1493 5721 cap.
1510 5650 1615 5720 sarrin
1632 5660 1752 5720 prrocrp.

223 5719 297 5792 liii)
310 5720 349 5775 lm
362 5724 437 5778 loom.
447 5723 482 5776 et)
494 5724 521 5778 iu
537 5721 636 5778 Ezerlr.
650 5732 713 5778 anta
722 5724 817 5782 docnt.
836 5737 847 5766 ¹
1262 5731 1266 5744 '
