3817 6000
184 232 295 291 219

1372 224 1899 285 GREGomANL'n.
1944 259 2009 268 —
2053 226 2184 284 ΜΒ.
2231 225 2316 281 Vl.

3355 226 3467 286 250

188 353 347 404 runt.
387 346 450 395 ut
476 354 603 395 cum
631 346 820 394 essent
844 334 949 393 tria
982 337 1177 405 millia,
1207 338 1292 393 vel
1325 353 1545 394 rursum
1580 338 1785 408 quique
1814 342 1858 397 Α
1887 347 2071 395 menta
2105 347 2411 405 vertuntur,
2449 336 2579 408 quia
2628 338 2777 393 velut
2831 353 2929 394 sua
2964 337 3227 411 plangunt
3255 354 3320 396 ea
3348 356 3470 412 quae

188 431 364 489 millia
401 429 692 500 Scriptura
729 438 867 485 teste
891 427 1208 485 diceretur:
1248 428 1391 494 Quia
1431 437 1547 484 erat
1589 429 1666 484 eis
1688 444 1780 483 cor

186 536 360 578 ιιιιιιιιι
399 527 453 574 et
496 519 683 573 anima
712 533 820 572 una
850 519 994 590 (Act.
1026 533 1102 585 iv,
1154 518 1269 588 52).
1319 516 1431 573 Has
1478 517 1663 589 glebas
1711 533 1780 573 ex

188 606 567 687 uno'quidem
621 614 871 685 pulvere,
917 613 1014 670 sed
1059 613 1220 684 quasi
1270 610 1488 670 diversa
1520 612 1664 668 mole
1691 610 1779 668 di·

188 709 423 766 §tinctas
448 706 696 779 quotidie
718 704 986 762 Dominus
1027 705 1083 760 in
1130 713 1275 761 terra
1305 703 1623 776 compingit,
1650 703 1780 774 quia

191 807 410 855 servata
443 798 655 855 unitate
684 798 1041 864 sacramenti,
1079 796 1238 868 juxta
1271 796 1593 852 varietatem
1631 794 1781 851 viro—

190 906 314 946 rum
364 898 532 960 atque
574 888 891 960 linguarum
937 887 1125 945 fideles
1159 888 1213 942 in
1256 885 1501 944 Ecclesia
1550 886 1782 958 populos

189 981 420 1053 colligit.
472 977 584 1036 llas
612 979 803 1050 glebas
847 980 963 1051 jam
1003 989 1135 1036 tunc
1164 978 1431 1034 Dominus
1475 976 1785 1049 designavit

192 1072 421 1145 quando
462 1071 531 1127 ad
582 1085 739 1128 esum
785 1071 947 1141 panis
989 1078 1046 1127 et
1082 1069 1316 1142 piscium
1362 1070 1783 1141 quinquagenos

189 1163 542 1222 discumbere
569 1162 655 1218 vel
686 1170 947 1219 centenos
973 1160 1143 1234 lussit
1170 1160 1389 1231 (naath.
1419 1161 1554 1231 xiv).

265 1256 417 1324 {tna}
468 1253 701 1312 Possunt
746 1268 926 1308 atatem
978 1268 1070 1324 ρετ
1102 1252 1306 1324 giulinii,
1350 1251 1398 1308 si
1440 1251 1498 1307 in
1539 1248 1785 1306 Ecclesia

193 1352 565 1404 diversit-mm
585 1348 906 1400 meritur-mn
930 1348 1282 1411 attendimus,
1296 1342 1543 1399 distincti
1560 1342 1787 1398 ordines

193 1440 433 1492 fidelium
453 1440 750 1508 designari.
786 1436 918 1492 Natu
942 1440 1070 1492 [lun]
1086 1434 1465 1492 :liilusestotdo
1484 1432 1788 1504 praedican·

197 1533 509 1597 [fluctuantis
533 1533 894 1597 audientium,
914 1533 1054 1585 alius
1082 1524 1405 1597 atquealius
1418 1523 1784 1590 subditorum,

197 1625 337 1677 alius
361 1625 682 1693 conjugum,
709 1621 850 1677 :iiius
882 1623 1306 1685 continentium,
1336 1616 1479 1673 alius
1518 1615 1789 1687 poeniten-

199 1721 357 1777 tium,
385 1717 525 1769 alius
561 1717 858 1789 tirgimun,
890 1717 1042 1785 quasi
1082 1729 1142 1765 ux
1178 1725 1284 1765 una
1302 1718 1444 1766 terra
1466 1718 1550 1764 est
1572 1709 1788 1764 diversa
1818 1710 1862 1767 B

196 1806 484 1880 glebarum
507 1803 685 1860 forma
709 1803 990 1879 distincta,
1019 1802 1153 1859 dum
1194 1803 1249 1858 in
1294 1816 1405 1859 nna
1434 1801 1561 1869 fide,
1592 1800 1647 1855 in
1679 1815 1788 1856 una

195 1897 470 1953 charitate
509 1895 753 1966 disparia
781 1893 1233 1951 demonstrantur
1257 1893 1398 1950 bene
1441 1891 1790 1965 operantium

196 1987 399 2044 merita
430 1985 609 2059 (tto).
640 1985 748 2043 Sed
783 1986 868 2042 hae
910 1984 1079 2059 glebae
1122 1999 1472 2057 nequaquam
1519 1991 1791 2041 concretae

197 2097 267 2138 ex
291 2080 520 2152 pulvere
547 2087 856 2152 surgerent,
879 2078 987 2134 nisi
1016 2092 1216 2149 aquam
1238 2077 1396 2149 prius
1427 2076 1616 2149 pulvis
1645 2075 1792 2133 acci·

199 2182 379 2244 peret,
420 2180 477 2228 et
506 2179 778 2241 concepto
808 2185 868 2227 se
905 2171 1139 2226 humore
1170 2169 1455 2236 solidaret,
1505 2168 1637 2241 quia
1680 2166 1791 2224 nisi

200 2268 545 2332 peccatores,
576 2259 752 2316 sancti
786 2257 1028 2331 Spiritus
1069 2259 1244 2331 gratia
1276 2256 1612 2326 infunderet,
1654 2274 1793 2314 con-

199 2353 426 2409 strictos
457 2367 554 2408 cos
591 2351 664 2408 ad
711 2350 838 2408 fidei
893 2367 1057 2424 opera
1111 2351 1399 2409 charitatis
1449 2352 1631 2408 unitas
1678 2368 1792 2407 non

199 2451 434 2500 teneret.

815 2533 1048 2590 CAPUT
1085 2532 1178 2593 IV.

844 2644 913 2683 oc
952 2643 1136 2685 soccis

273 2717 429 2791 (411)
466 2715 758 2774 Sulcorum
787 2717 1011 2773 nomine
1053 2716 1414 2790 designantur
1438 2734 1657 2776 vomere
1687 2719 1794 2777 lin-

199 2826 323 2884 guae
348 2810 493 2866 bene
521 2807 748 2876 exculti,
771 2808 914 2865 sicut
939 2824 1038 2881 per
1072 2809 1292 2865 beatum
1323 2808 1426 2866 Job
1450 2811 1651 2868 dicitnr
1679 2830 1694 2867 ε
1732 2810 1794 2868 sa·

197 2905 489 2958 «duratam
525 2917 607 2956 me
638 2910 781 2955 terra
804 2917 921 2956 mea
945 2901 1166 2969 clamat,
1191 2912 1242 2957 et
1270 2918 1388 2957 cum
1423 2919 1486 2958 ea
1514 2904 1650 2960 sulci
1677 2905 1793 2976 ejus

197 2999 394 3069 allent
420 2994 551 3068 (Jotv
581 3010 733 3063 xxxi,
764 2993 879 3067 58).
908 2991 1103 3053 Omnis
1138 2995 1284 3053 euim
1331 2996 1424 3069 qui
1455 2997 1539 3054 vel
1580 2999 1793 3069 privato

195 3090 323 3161 jure
340 3090 708 3145 domesticam
734 3087 997 3152 familiam
1011 3088 1171 3161 regit,
1191 3088 1274 3144 vel
1287 3104 1386 3159 pro
1399 3088 1631 3146 utilitate
1641 3105 1794 3146 com-

198 3184 358 3240 muni
386 3182 643 3239 fidelibus
670 3182 922 3253 pluribus
948 3190 1166 3251 praeest,
1197 3182 1253 3237 in
1282 3182 1390 3239 hoc
1415 3197 1526 3254 quo
1553 3183 1681 3254 jura
1700 3198 1791 3240 re·

198 3275 433 3349 giminis
464 3275 519 3330 in
551 3273 865 3330 commissis
912 3272 1018 3331 sibi
1069 3272 1321 3332 fidelibus
1369 3274 1631 3345 possidet,
1664 3273 1796 3345 quid

198 3367 353 3424 aliud
382 3381 555 3439 quam
586 3375 789 3422 terram
822 3365 1105 3423 colendam
1136 3366 1320 3423 tenet?
1346 3365 1430 3421 Ad
1464 3367 1569 3422 hoc
1596 3366 1799 3437 quippe

200 3459 395 3514 divina
445 3457 857 3528 dispensatione
905 3457 1118 3514 caeteris
1162 3456 1544 3529 unusquisque
1589 3470 1799 3528 praepo-

202 3549 378 3616 nitur,
401 3557 466 3604 ut
486 3547 862 3619 subjectorum
886 3546 1106 3604 animus
1124 3547 1284 3619 quasi
1308 3546 1613 3605 substantia
1653 3554 1799 3603 terra

206 3640 861 3713 praedicationisjsemine
880 3639 1223 3697 fecundetur.
1248 3640 1419 3696 Terra
1430 3648 1611 3697 autem
1637 3639 1799 3711 337

203 3737 380 3793 nullis
391 3736 658 3808 operibus
667 3732 883 3791 exculta
902 3734 1225 3806 plerumque
1246 3733 1313 3791 ad
1333 3749 1495 3790 usum
1509 3733 1797 3789 bominum

202 3828 437 3899 aliquod
461 3827 782 3884 alimentum
812 3827 1039 3898 profert.
1082 3825 1319 3882 Exarata
1346 3841 1479 3882 vero
1510 3824 1695 3899 fruges
1731 3825 1800 3881 ad

202 3922 524 3977 satietatem
559 3917 723 3989 parit.
764 3915 844 3974 lta
872 3925 1005 3975 sunt
1035 3918 1287 3973 nonnulli
1321 3916 1417 3989 qui
1463 3917 1620 3974 nullo
1652 3916 1807 3973 locu-

203 4010 405 4076 tionis,
423 4008 582 4064 nullo
596 4006 996 4065 exhortationis
1021 4022 1243 4064 vomere
1263 4008 1522 4079 proscissi
1552 4006 1801 4078 quaedam

203 4101 356 4158 dona
392 4099 661 4173 quamvis
701 4098 969 4167 minima,
1005 4108 1189 4156 tamen
1221 4114 1287 4154 ex
1319 4097 1631 4170 semetipsis
1677 4110 1807 4168 pro-

204 4193 422 4260 ferunt,
455 4191 620 4263 quasi
649 4200 792 4247 terra
820 4191 1052 4248 necdum
1076 4198 1320 4247 exarata.
1350 4188 1489 4246 Sunt
1510 4203 1641 4245 vero
1666 4203 1808 4244 non-

206 4285 350 4342 nulli
377 4284 451 4339 ad
478 4281 814 4339 audiendum
845 4296 1063 4352 semper
1103 4290 1268 4352 atque
1294 4279 1635 4336 retinendum
1675 4293 1808 4334 san-

1878 432 2116 503 proximi
2176 432 2380 503 injuste
2443 431 2747 502 patiuntur.
2804 427 3037 486 Perfecti
3070 445 3309 502 namque
3343 449 3470 488 cum

1881 538 2100 594 semper
2146 521 2214 579 de
2265 521 2644 593 spiritualibus
2704 530 3035 577 moneantur
3088 529 3241 577 tanto
3291 523 3473 579 sciunt

1881 614 1948 670 de
1970 614 2351 687 corporalibus
2394 615 2590 672 alienis
2618 613 2837 670 damnis
2872 612 3258 685 ingemiscere,
3296 629 3474 685 quan-

1882 715 1940 761 to
1959 706 2074 778 jam
2100 707 2282 763 edocti
2311 719 2439 764 sunt
2483 722 2592 764 non
2625 706 2812 764 dolere
2835 706 2905 764 de
2927 705 3065 763 suis.
3097 703 3291 762 Omnis
3318 722 3470 777 ergo,

1881 798 1976 868 qui
2017 809 2233 869 praeesi,
2276 800 2321 854 sl
2365 816 2617 868 porsessa
2665 802 2717 852 1ιί
2765 800 2998 856 subditis
3038 812 3252 852 excuset
3282 844 3294 860 ,
3338 820 3470 852 utiti-

1883 896 1966 944 tra
2004 889 2170 957 hunc,
2211 900 2266 947 el.
2305 904 2441 944 'lurra
2489 896 2689 944 rlzunnt
2717 936 2729 956 ,
2769 904 2821 948 [el.
2873 892 3010 948 suits-l
3066 892 3286 952 dviii-nl,
3346 892 3470 960 quin

1882 987 2073 1034 contra
2098 978 2219 1049 eJus
2241 978 2565 1048 injustitiam
2605 984 2765 1036 mulus
2789 980 3010 1048 quidem
3038 980 3218 1048 pne-»puli
3250 980 3298 1032 in
3330 996 3478 1032 nitar*

1886 1070 2221 1127 mutationis
2242 1077 2469 1128 vua-ihus
2501 1085 2817 1141 ι’·τΊιηιμτιιιι,
2861 1077 2958 1129 ΕΗΒ
3010 1073 3230 1141 periboli
3274 1073 3474 1141 quiqui!

1888 1177 1990 1233 pro
2022 1177 2190 1233 parvo
2213 1163 2974 1233 ejus-npffl172÷1=÷÷=r÷iu[lctibus
3014 1165 3254 1233 suligum
3282 1167 3474 1233 :qumi-

1885 1265 1995 1322 que
2022 1251 2261 1324 imperiti
2287 1257 2525 1309 rluntnnt
2561 1269 2605 1309 01
2633 1257 2838 1320 sladem,
2869 1257 2970 1309 llut-
2993 1257 3326 1325 pruhwstiuris
3357 1257 3478 1305 sit-„u

1888 1344 2122 1416 subiecti
2149 1344 2350 1403 deflent
2374 1354 2429 1403 et
2452 1355 2653 1403 tacent.

2424 1478 2592 1550 ³38
2619 1476 2850 1536 CAPUT
2872 1477 2938 1533 v.

2489 1584 2558 1623 m:
2597 1584 2860 1626 PULVERB·

1896 1666 1965 1723 In
2000 1667 2283 1740 Scriptura
2323 1686 2484 1724 sacra
2523 1670 2755 1741 pulveris
2793 1670 3004 1728 nomine
3037 1670 3328 1742 aliqnando
3367 1678 3478 1725 ter-

1964 1756 2091 1795 rena
2127 1740 2508 1811 intelliqentt'a,
2548 1739 2838 1812 aliquando
2891 1750 3154 1798 torrentum
3212 1742 3480 1812 negotium

1962 1810 2043 1866 rel
2077 1811 2420 1879 desiderium,
2457 1809 2746 1882 aliquando
2774 1810 2988 1868 subtilis
3024 1827 3239 1882 operum
3272 1819 3483 1866 nostro·

1965 1897 2084 1935 rum
2139 1881 2483 1947 retractatio,
2539 1880 2834 1953 aliquando
2887 1894 3221 1952 peccatorum
3293 1883 3483 1935 incon-

1960 1953 2200 2018 stantia,
2239 1949 2534 2021 aliquando
2588 1951 2764 2024 coliqo
2830 1961 3050 2008 terrenoe
3096 1952 3435 2034 coqitotionis
3463 1989 3484 2019 ,

1963 2021 2252 2147 piiquando
2291 2022 2579 2093 infirmitas
2605 2022 2855 2104 frumanoe
2881 2024 3202 2078 conditionis
3235 2022 3484 2094 designo·-

1991 2110 2075 2148 ur.
3036 2114 3056 2134 η

1963 2181 2116 2256 (412)
2154 2179 2404 2238 Pulveris
2450 2181 2675 2237 nomine
2717 2190 2937 2239 terrena
2987 2181 3351 2254 intelligentia
3385 2180 3484 2237 de-

1889 2270 2144 2343 signatur
2171 2269 2315 2325 sicut
2343 2269 2410 2325 de
2451 2270 2648 2328 amicis
2672 2270 2818 2328 beati
2876 2269 2980 2329 101)
3028 2271 3295 2344 scriptum
3355 2279 3483 2326 est:

1893 2363 2036 2430 Quia
2063 2362 2326 2416 uenientes
2379 2361 2449 2416 ad
2493 2378 2615 2417 eum
2667 2373 2977 2434 sparserunt
3025 2364 3290 2435 pulverem
3332 2377 3490 2432 super

1892 2455 2076 2524 capita
2099 2467 2200 2508 sua
2221 2451 2347 2526 (Iob
2383 2468 2446 2520 ιι,
2480 2452 2594 2527 12).
2635 2455 2813 2511 Amici
2837 2470 3078 2528 namque
3106 2454 3247 2512 beati
3280 2453 3404 2518 101),
3435 2460 3493 2510 et

1893 2545 1943 2604 si
1979 2544 2124 2601 bona
2167 2544 2475 2601 intentione
2519 2543 2589 2601 ad
2621 2560 2748 2602 enm
2782 2546 3166 2616 convenerint;
3204 2545 3485 2602 haeretico-

1893 2652 2018 2693 rum
2047 2646 2231 2692 tamen
2272 2637 2360 2694 vel
2412 2635 2618 2694 idcirco
2664 2637 2903 2710 speciem
2953 2647 3143 2694 tenent
3165 2679 3181 2705 ,
3236 2636 3365 2710 quia
3419 2632 3489 2690 ad

1894 2735 2111 2807 culpam
2146 2733 2442 2790 indiscrete
2465 2729 2744 2802 loquendo
2772 2729 3113 2785 dilabuntur.
3158 2725 3315 2783 Unde
3341 2734 3399 2782 et
3422 2724 3492 2780 il·

1893 2829 1965 2887 lis
1993 2843 2023 2884 a
2052 2828 2213 2884 beato
2239 2824 2344 2881 lob
2367 2823 2572 2880 dicitur
2604 2840 2618 2876 ε
2655 2821 2943 2890 Disputare
2981 2836 3102 2875 cum
3155 2818 3267 2874 Deo
3311 2818 3488 2886 cupio,

1893 2923 2042 2995 prim
2069 2935 2160 2976 vos
2197 2917 2471 2974 ostendens
2503 2915 2851 2987 fabricatores
2876 2911 3160 2978 mendacii,
3189 2909 3492 2967 electiores

1820 3050 1861 3108 C
1894 3027 2256 3086 perversorum
2307 3010 2613 3081 doqmntum
2658 3005 2804 3079 (lob.
2837 3020 2959 3072 xm,
2988 3004 3045 3074 5)
3077 3002 3251 3075 (4¹5).
3308 3000 3494 3058 Παπε-

1897 3106 1994 3162 tici
2037 3112 2218 3160 autem
2267 3101 2397 3174 quia
2430 3108 2679 3156 sanctam
2710 3096 3012 3154 Ecclesiam
3043 3110 3145 3152 sua
3170 3094 3370 3151 docere
3397 3093 3496 3151 de·

1899 3198 2149 3254 siderant
2175 3236 2190 3259 ,
2217 3194 2284 3250 ad
2308 3208 2429 3249 eam
2463 3180 2624 3263 quasi
2646 3189 2996 3246 consolantes
3017 3186 3483 3258 appropinquant.

1900 3287 2044 3356 Quid
2066 3301 2199 3343 vero
2224 3299 2322 3356 per
2358 3271 2640 3356 pulverem
2674 3280 2779 3337 nisi
2835 3287 3051 3335 terrena
3094 3275 3493 3349 intelligentiai

1898 3379 2044 3450 Quid
2076 3395 2174 3451 per
2199 3385 2366 3448 caput
2393 3374 2502 3433 nisi
2555 3375 2664 3433 boc
2710 3373 2857 3447 quod
2889 3380 3138 3429 nostrum
3192 3369 3498 3443 principale

1900 3478 1985 3529 est
2014 3485 2170 3527 mens
2201 3467 2452 3524 videlicet
2503 3464 2864 3539 designatur?
2914 3461 3059 3531 Quid
3120 3476 3216 3534 per
3267 3461 3497 3529 coelum,

1900 3563 2009 3621 nisi
2072 3569 2401 3634 praeceptum
2469 3571 2724 3630 supernae
2780 3556 3074 3613 locutionis
3131 3553 3500 3626 exprimitur?

1901 3654 2189 3711 Pulverem
2212 3667 2346 3724 ergo
2378 3665 2545 3722 super
2576 3657 2740 3720 caput
2768 3648 2823 3703 in
2868 3647 3069 3703 coelum
3100 3660 3378 3717 spargere.
3409 3651 3500 3701 est

1904 3743 2156 3802 saeculari
2186 3742 2462 3798 intellectu
2488 3748 2725 3796 mentem
2755 3752 3109 3808 corrumpere
3129 3778 3144 3800 .
3170 3745 3225 3792 et
3253 3737 3322 3792 de
3370 3749 3498 3791 ver·

1904 3836 1994 3892 bis
2035 3832 2354 3891 coelestibus
2381 3840 2597 3887 terrena
2635 3829 2859 3886 sentire.
2887 3827 3081 3883 Divina
3113 3836 3296 3883 autem
3326 3825 3499 3881 verba

1905 3928 2033 4001 plus
2060 3924 2364 3983 discutiunt
2382 3923 2706 3994 plerumque
2728 3935 2896 3992 quam
2919 3920 3163 3991 capiunt.
3203 3915 3381 3989 Super
3402 3932 3500 3973 ca·

1906 4019 2016 4091 pita
2046 4017 2214 4088 igitur
2239 4015 2518 4086 pulverem
2550 4019 2819 4083 spargunt
2841 4010 2971 4082 quia
2994 4010 3051 4064 in
3079 4009 3367 4081 praeceptis
3402 4006 3501 4062 Dei

1906 4125 2005 4182 per
2031 4118 2309 4165 terrenam
2356 4103 2774 4176 intelligentiam
2802 4104 2948 4160 ultra
2978 4118 3202 4158 suarum
3233 4100 3501 4157 mentium

1907 4203 2055 4259 vires
2091 4200 2399 4256 enituntur.
2997 4238 3005 4245 .

1982 4291 2146 4365 339
2185 4292 2336 4363 (tlt)
2365 4290 2614 4348 Pulveris
2643 4289 2868 4346 nomine
2893 4297 3169 4344 terrenum
3194 4286 3502 4358 negotium,

206 4379 317 4435 ctis
344 4374 856 4450 praedicationibus,
879 4376 1097 4443 intenti,
1125 4392 1157 4432 ²
1182 4376 1366 4447 priore
1408 4374 1607 4432 mentis
1656 4373 1809 4430 ‘luri-
1843 4388 1886 4445 D
1913 4386 1998 4440 vel
2033 4384 2369 4439 desiderium
2432 4382 2756 4455 designatur
2782 4422 2797 4447 ‚
2862 4380 3005 4437 sicut
3040 4379 3109 4435 ‹le
3146 4377 3398 4449 superbis
3435 4378 3505 4433 ad

209 4470 313 4539 tia,
333 4468 503 4540 quasi
534 4468 775 4540 quodam
803 4469 1004 4541 linguae
1025 4483 1247 4525 vomere
1275 4468 1434 4524 scissi
1466 4468 1676 4525 semina
1713 4482 1811 4523 ex-

210 4561 555 4618 hortationis
582 4561 885 4633 accipiunt,
922 4571 977 4619 et
1001 4562 1187 4634 fruges
1217 4562 1345 4619 boni
1369 4545 1550 4632 operis
1578 4577 1675 4632 per
1703 4560 1816 4616 sul·

208 4668 311 4711 cos
332 4653 671 4710 voluntariae
700 4653 1011 4711 afflictionis
1042 4654 1298 4712 reddunt.
1332 4653 1488 4725 Saepe
1517 4669 1646 4710 vero
1673 4668 1809 4709 con·

211 4749 336 4821 tigit
359 4757 429 4803 ut
452 4748 511 4803 hi
531 4748 626 4818 qui
658 4756 922 4818 praesunt,
958 4748 1159 4818 injusta
1186 4748 1369 4820 aliqua
1395 4747 1598 4804 saciant
1620 4748 1808 4820 fitque,

210 4850 278 4896 ut
311 4841 418 4913 ipsi
454 4840 724 4911 subjectis
758 4850 1027 4907 noceant,
1060 4841 1153 4911 qui
1182 4839 1442 4912 prodesse
1486 4840 1807 4896 debuerant.

210 4931 351 5001 Quae
413 4932 549 4990 dum
609 4932 780 4990 rudes
821 4934 1030 5007 quique
1091 4937 1480 5008 conspiciunt,
1550 4938 1809 4993 commoti

208 5035 417 5081 contra
442 5034 716 5082 rectorem
753 5037 1127 5095 murmurant,
1154 5044 1257 5085 nec
1285 5038 1465 5085 tamen
1501 5028 1656 5084 valde
1687 5044 1813 5099 pro-

207 5117 386 5174 ximis
411 5133 511 5187 per
539 5119 988 5189 compassionem
1034 5120 1241 5177 dolent.
1271 5121 1411 5177 Cum
1435 5135 1565 5177 vero
1596 5122 1679 5189 1ιί,
1710 5121 1806 5193 qui

204 5212 326 5282 jam
357 5222 549 5268 aratro
585 5212 839 5270 lectionis
867 5213 1040 5270 attriti
1085 5221 1434 5286 sunt,'atque
1484 5214 1551 5271 ad
1598 5213 1809 5285 frugem

207 5303 346 5359 honi
397 5304 586 5375 operio
628 5304 830 5359 exculti
854 5346 871 5371 ,
907 5305 1122 5377 gravari
1157 5303 1243 5360 vel
1281 5304 1336 5360 in
1369 5304 1614 5359 minimis
1653 5304 1813 5359 inno-

206 5405 409 5453 centes
435 5395 739 5467 aspiciunt,
770 5412 868 5467 per
901 5398 1339 5467 compassionem
1368 5396 1615 5468 protinus
1638 5396 1704 5454 ad
1734 5396 1812 5451 la-

289 5527 447 5598 (tos)
489 5525 567 5581 Ex
594 5526 695 5581 lib.
728 5536 785 5582 et
815 5543 865 5584 c.
897 5527 1101 5585 citatis.

310 5598 446 5667 tto)
487 5595 615 5653 flaec
644 5610 708 5652 ex
746 5598 850 5654 line
876 5614 998 5669 cap.

313 5668 448 5739 tlt)
487 5666 569 5723 Ex
601 5667 697 5723 lib.
737 5682 871 5736 xxn,
902 5670 957 5725 in
986 5667 1108 5736 lob,
1142 5686 1189 5726 c.
1233 5684 1320 5723 xv.

1911 4478 2136 4534 beatum
2171 4472 2279 4531 101)
2319 4490 2350 4530 a
2382 4473 2620 4530 Domino
2676 4472 2883 4530 dicitur
2947 4490 2960 4526 :
3013 4470 3288 4525 Absconde
3320 4486 3408 4524 eos
3448 4470 3504 4525 in

1911 4566 2122 4638 pulvere
2157 4564 2321 4620 simul
2345 4606 2361 4630 ,
2409 4574 2459 4619 et
2499 4564 2664 4636 [acies
2702 4578 2887 4618 eorum
2926 4561 3164 4631 demet-qe
3202 4560 3258 4614 in
3300 4559 3507 4629 foveam

1915 4657 2038 4731 (lob
2069 4657 2171 4729 xi).
2202 4656 2283 4714 Ac
2308 4657 2354 4713 si
2386 4655 2555 4723 dicat,
2581 4668 2641 4712 ut
2671 4670 2771 4726 ego
2802 4672 2815 4707 ε
2863 4651 3143 4724 Superbos
3166 4651 3310 4706 enim
3340 4659 3507 4721 atque

1913 4749 2112 4821 impios
2147 4749 2300 4820 justo
2338 4745 2542 4819 judicio
2575 4745 2847 4803 Dominus
2896 4745 2953 4800 in
2996 4743 3221 4814 pulvere
3271 4741 3505 4798 abscon-

1913 4841 1995 4898 dit
2024 4860 2038 4896 :
2071 4840 2201 4912 quia
2242 4855 2433 4896 corum
2467 4838 2638 4895 corda
2674 4838 2835 4909 ipsis,
2865 4852 2988 4908 quae
3018 4837 3280 4905 despecte
3318 4848 3508 4890 amore

1915 4931 2184 4988 creatoris
2223 4930 2455 5002 eligunt,
2483 4928 2722 5000 opprimi
2751 4926 2984 4985 terrenis
3012 4925 3251 4997 negotiis
3280 4914 3509 4995 permit-

1914 5023 2000 5079 tit.
2055 5019 2212 5078 Unde
2241 5030 2296 5077 et
2328 5020 2547 5077 illorum
2588 5019 2758 5075 vitam
2799 5033 2927 5075 cum
2958 5016 3013 5072 in
3043 5024 3292 5085 extremo
3322 5014 3509 5070 discu-

1913 5116 2001 5180 tit,
2030 5124 2290 5187 tanquam
2322 5114 2427 5170 sibi
2459 5112 2840 5169 absconditam
2864 5125 2975 5166 non
3004 5108 3253 5180 agnoscit
3278 5106 3506 5162 dicens:

1918 5205 2114 5262 Nescio
2152 5206 2243 5276 qui
2280 5205 2407 5261 estis
2457 5202 2616 5275 (Luc.
2663 5202 2811 5270 xnt).
2873 5199 3000 5256 Vita
3062 5211 3352 5270 pravorum
3404 5192 3508 5249 sub

1914 5297 2135 5369 pulvere
2163 5295 2539 5362 absconditur,
2568 5294 2699 5366 quia
2724 5292 2952 5364 abJectis
2976 5299 3032 5347 et
3056 5288 3262 5344 intimis
3289 5283 3507 5342 deside-

1915 5386 2014 5442 riis
2042 5395 2320 5458 gravatur.
2347 5382 2613 5455 Quisquis
2633 5383 2796 5438 ctiam
2829 5381 3031 5447 adhuc,
3061 5393 3128 5434 ea
3156 5392 3279 5449 quae
3309 5371 3504 5431 mundi

1989 5518 2140 5589 (412)
2179 5517 2305 5576 Haec
2335 5533 2400 5574 ex
2425 5517 2533 5574 fine
2565 5533 2613 5573 c.
2653 5534 2751 5582 xu,
2785 5517 2818 5571 1.
2852 5531 2934 5579 ιιι,
2961 5510 3170 5579 10101),
3202 5510 3292 5567 17.

1987 5590 2137 5659 (415)
2176 5588 2255 5646 Ex
2294 5606 2415 5660 cap.
2447 5605 2558 5654 xiv,
2589 5587 2720 5642 ibid.

1988 5660 2140 5731 (41.1)
2165 5660 2244 5716 Ex
2275 5660 2311 5715 l.
2348 5674 2520 5727 xxxxi,
2546 5658 2601 5714 in
2633 5657 2752 5726 iub,
2785 5672 2905 5728 cap.
2930 5670 3028 5723 vn,
3062 5665 3184 5727 post
3211 5653 3355 5711 med.
