3817 6000
121 259 173 319 tta
685 250 688 257 '
711 262 1027 322 cruentarunt-
1049 267 1114 324 arn.
1133 268 1177 325 rr.
1706 284 1768 340 ‚501

120 378 223 446 servit,
239 388 267 436 et
282 379 417 436 cinniores
428 381 455 436 in
471 391 561 438 mente
573 384 686 453 patitur,
707 401 769 440 cum
783 401 848 442 caro
858 385 916 455 spi·
930 385 1069 457 hetestae,
1087 390 1269 461 inpraesentia
1287 391 1400 463 spiritns
1415 398 1605 467 contemplari,
1619 401 1667 472 qui
1678 413 1754 472 post.

120 474 189 529 ritui
203 475 365 531 reluctatur.
384 476 425 530 hn
446 491 502 530 non
517 477 651 534 clamores
676 480 841 536 intrinsecus
864 497 916 536 au·
967 494 1050 547 quam
1068 480 1101 536 de
1118 483 1281 552 corporibus
1295 497 1407 555 exeunt,
1432 503 1605 562 nequaquam
1625 494 1685 565 peri
1695 511 1756 551 mo·

121 564 228 631 diebat,
239 566 288 636 qui
302 581 394 636 prarae
404 574 498 623 eontra
511 583 541 622 se
554 567 621 638 legis
633 568 715 623 rerba
730 570 861 625 tolerabat
873 570 916 626 (Ιί-
967 588 1061 627 rarum
1077 575 1253 644 spatia,sieut
1262 578 1367 649 antiqui
1380 565 1485 647 Patres,
1503 584 1648 640 acoeiestis
1662 586 1759 656 patria

121 672 215 713 cens:
234 655 315 712 Video
334 658 418 712 niinm
443 657 526 728 ieqem
550 660 577 712 in
599 660 722 714 mentiris
746 662 810 716 incia
838 677 917 731 repu-
968 666 1142 736 perceptione
1162 668 1336 727 differuntur.
1366 671 1428 728 lior
1451 673 1551 745 quippe
1574 690 1603 733 ut
1628 680 1757 738 acaruis

123 759 251 821 §nanum
269 750 321 821 iepi
331 750 427 805 mentis
446 752 701 821 numerariorum
723 769 763 807 me
781 754 918 808 ducentem
969 756 1144 828 colligatione
1160 768 1311 830 transeunt,
1331 764 1407 837 191
1439 768 1467 821 in
1491 769 1597 825 caelesti
1623 772 1686 827 sede
1710 788 1756 829 re.

123 841 222 913 iniepe
238 843 351 911 peccati,
366 854 474 913 quaeest
495 843 523 898 in
540 844 663 898 memhris
678 845 744 899 meir
757 844 844 917 (Rom.
856 845 917 917 vn).
964 848 1125 931 ardescunt,
1147 849 1232 908 Paulo
1252 863 1408 922 attestante,
1425 859 1473 928 qui
1500 860 1538 914 ait
1552 879 1559 915 :
1575 860 1680 917 Scimus
1691 880 1757 933 qoo-

123 934 412 1007 Contemplcturergo
427 945 540 993 sanctus
567 937 595 992 in
619 946 721 1008 quanta
747 937 838 994 cordis
853 954 919 1009 pace
969 941 1415 1002 aiomriterrestris'nostradomns
1427 950 1689 1020 lrrrjrrsimlitotionis
1701 955 1757 1010 dir-

125 1029 326 1099 requiesceret,
338 1029 362 1084 si
376 1031 512 1099 serpentis
522 1030 605 1086 rerba
620 1030 760 1100 suscipere
774 1031 857 1086 ltomo
869 1047 919 1086 no-
969 1030 1095 1098 roiootur,
1106 1036 1175 1107 qttod
1184 1038 1386 1109 aedificationem
1395 1058 1427 1096 ea
1440 1042 1493 1095 Deo
1503 1044 1638 1113 habentos,
1651 1046 1758 1100 uernam

124 1122 235 1189 luisset,
247 1131 276 1178 et
297 1124 392 1178 dieat:
420 1122 579 1178 Nuncenim
602 1124 735 1178 dormiens
755 1124 869 1191 silerem,
893 1134 919 1179 et
969 1141 1021 1180 uon
1039 1128 1231 1198 manufactam,
1258 1134 1512 1190 oeternomirtcoelis
1535 1136 1653 1207 (licor.
1678 1155 1703 1205 r,
1719 1140 1756 1193 li.

124 1230 221 1269 tonino
244 1231 301 1269 men
314 1216 510 1284 reqniercerem,
523 1215 549 1270 id
561 1225 603 1271 est
615 1215 685 1271 intra
697 1228 831 1273 secretum
843 1233 920 1272 men-
968 1217 1050 1276 Prius
1074 1231 1165 1278 autem
1190 1241 1274 1295 quam
1301 1228 1464 1299 Redemptor
1489 1239 1584 1293 noster
1606 1241 1693 1286 morte
1707 1185 1758 1288 sula

125 1308 162 1363 tis
175 1309 212 1362 ad
224 1307 379 1364 conditoris
398 1308 659 1378 contemplationem
683 1298 849 1374 secederem,
866 1309 920 1366 nisi
970 1314 1083 1368 humani
1112 1317 1221 1385 generis
1251 1333 1358 1388 poenam
1386 1322 1513 1387 soirerct,
1537 1339 1585 1379 eos
1606 1323 1689 1378 etiam
1708 1325 1756 1394 qui

125 1415 171 1456 tue
192 1408 274 1456 extra
291 1416 336 1456 me
360 1401 542 1456 tentationum
568 1401 741 1470 tumultibus,
767 1417 920 1458 consensus
969 1406 1088 1462 eoeiestis
1113 1409 1208 1476 patria
1230 1409 1302 1465 riam
1328 1412 1413 1466 sccuti
1442 1424 1516 1477 sunt,
1536 1424 1598 1485 post
1617 1431 1758 1487 egressum

125 1494 326 1564 primaeuipae
341 1494 515 1565 prodidisset.
533 1494 621 1567 liujus
635 1505 726 1551 autem
741 1495 921 1567 quietisgau·
969 1498 1061 1552 carnis
1084 1497 1185 1553 inferni
1205 1499 1325 1556 claustra
1352 1513 1513 1569 tenuerunt,
1541 1484 1595 1562 non
1621 1518 1650 1563 ut
1677 1523 1760 1578 poeua

125 1586 192 1652 diis,
208 1602 273 1641 cum
289 1587 390 1656 quibus
402 1587 483 1643 etiam
498 1589 582 1645 sociis
599 1588 785 1661 perfrueretur
796 1589 921 1659 adjungit
970 1593 1051 1661 quasi
1072 1601 1231 1663 peccatores
1244 1593 1385 1664 plecteret,
1402 1597 1448 1650 sed
1469 1606 1557 1651 utens
1582 1598 1609 1651 in
1629 1598 1697 1653 locis
1715 1615 1760 1654 re-

125 1679 224 1735 dicens
241 1698 248 1734 :
269 1680 336 1735 Gom
350 1679 453 1751 reqihas
470 1692 496 1736 et
512 1681 665 1737 eorsaiihns
679 1685 756 1736 terrra
767 1680 853 1752 (bai).
868 1678 920 1735 ile·
972 1683 1137 1739 motionibus
1152 1685 1336 1754 quiescentes,
1352 1687 1416 1756 qnia
1445 1689 1568 1743 nondum
1594 1689 1756 1746 intercessio

126 1769 181 1825 hus
195 1770 406 1828 insensibilibus
420 1772 563 1837 discimus,
579 1774 646 1844 quid
660 1774 694 1829 de
708 1772 882 1829 sensibilibus
894 1782 921 1827 ct
936 1759 959 1815 Β
973 1774 1129 1830 ilcdiatoris
1152 1777 1315 1844 advenerat,
1337 1779 1371 1833 ab
1397 1779 1521 1851 ingressu
1548 1782 1636 1854 regni,
1666 1793 1764 1840 reatus

126 1863 350 1933 intelligibilibus
376 1865 538 1922 sentiamus.
564 1864 648 1922 Terra
660 1881 779 1937 namque
795 1880 857 1921 aere
880 1864 920 1921 le-
973 1867 1068 1937 primae
1081 1867 1168 1938 culpae
1179 1868 1348 1939 prohiberet.

125 1955 278 2021 enodatur,
292 1971 341 2010 aer
354 1965 445 2011 autem
466 1974 500 2012 ex
526 1958 587 2013 coeii
608 1959 740 2028 qualitate
752 1958 918 2028 disponitur.
936 1955 962 2047 ἐξ
1011 1956 1087 2014 Unde
1098 1958 1177 2028 iuxta
1191 1959 1312 2030 ejusdem
1327 1960 1516 2031 Redemptoris
1539 1964 1624 2019 nostri
1637 1965 1765 2021 testimo?
1783 1934 1792 1961 ⁸

126 2048 177 2104 Sic
191 2050 326 2120 jumentis
342 2049 424 2121 190
435 2051 571 2118 homines,
586 2052 743 2108 bominibus
755 2050 855 2122 angeli,
875 2066 908 2104 ar
955 2062 958 2066 ·
973 2049 1188 2121 niumtiircsqui
1204 2051 1276 2121 apud
1287 2050 1391 2108 inieros
1402 2055 1589 2125 torquetur,in
1601 2056 1663 2111 sinu
1673 2057 1768 2113 Abra-v

125 2142 257 2214 changeii
272 2157 338 2198 rero
350 2143 455 2213 angelis
475 2155 606 2213 presunt.
619 2142 688 2199 Nam
704 2143 777 2214 quod
787 2141 921 2214 jumentis
974 2142 1016 2197 bar
1038 2142 1172 2198 Lazarum
1197 2145 1371 2214 requiescere
1385 2148 1586 2218 contemplatur
1609 2147 1686 2219 (Lae.
1702 2166 1760 2215 xrr,

126 2239 260 2295 homines
286 2239 409 2309 praesint,
430 2247 457 2294 ct
479 2255 529 2295 usu
552 2240 701 2306 cernimus,
720 2247 748 2295 ει
769 2236 921 2294 Psalmistae
973 2236 1030 2306 ab).
1046 2235 1097 2303 Qui
1115 2236 1238 2307 proiecto
1251 2239 1275 2293 si
1291 2239 1380 2295 adhuc
1394 2242 1421 2295 in
1441 2241 1504 2296 imis
1519 2256 1574 2295 non
1589 2250 1691 2307 essent,
1709 2243 1762 2298 hos

126 2331 225 2387 verbis
236 2332 379 2398 docemur,
394 2331 442 2402 qui
457 2331 495 2387 ait
511 2350 518 2387 :
534 2331 629 2387 Ouinio
642 2332 778 2403 subjecisti
790 2331 837 2386 atri
847 2330 922 2401 pedi·¹
974 2328 1018 2384 iile
1034 2329 1061 2383 in
1076 2331 1220 2385 tormentis
1232 2332 1339 2401 positus
1351 2349 1404 2387 non
1418 2333 1533 2388 rideret.
1549 2331 1627 2393 Unde
1649 2345 1676 2390 et
1689 2334 1762 2390 idem

127 2424 180 2479 itta
193 2426 261 2495 ejus,
285 2442 344 2479 ores
368 2435 393 2479 et
410 2427 485 2480 iores
509 2426 654 2491 uniuersas,
668 2426 775 2495 insuper
788 2433 814 2479 et
826 2441 921 2494 pecora
977 2424 1140 2496 Redemptor
1155 2435 1248 2482 noster
1260 2443 1310 2498 pro
1321 2427 1408 2497 cuipae
1425 2436 1525 2482 nostrae
1543 2426 1635 2482 debito
1649 2441 1762 2482 occum-

129 2516 221 2585 campi
234 2515 323 2583 (Psoi.
346 2533 406 2583 rrtr,
419 2515 458 2582 8).
475 2515 553 2583 Quod
572 2533 637 2572 rer-o
652 2516 740 2588 angeli
763 2516 927 2571 hominihus.
974 2518 1053 2585 bens,
1069 2518 1174 2573 interna
1190 2529 1323 2591 penetrat,
1344 2530 1374 2575 ut
1389 2536 1464 2587 suos,
1477 2518 1524 2590 qui
1542 2518 1568 2573 ei
1582 2518 1761 2586 inhaeserant,

129 2609 257 2693 prosint,
282 2624 331 2677 per
346 2609 508 2696 prophetam
532 2617 649 2664 testatur
673 2608 787 2679 angelus
807 2608 920 2663 dicens:
975 2611 1009 2665 ad
1033 2611 1154 2667 coelestia
1174 2612 1363 2683 reducat.i,Sed
1386 2631 1441 2685 quo
1464 2631 1537 2671 nune
1551 2616 1634 2670 iromo
1656 2613 1763 2667 redem-

130 2698 348 2771 Prirrcrprrepni
362 2699 507 2756 Per-sorum
533 2700 627 2754 restitit
647 2700 713 2753 milri
725 2699 805 2771 (bon.
823 2715 850 2763 x,
865 2698 921 2768 tt).
974 2714 1037 2775 ptus
1056 2706 1189 2773 ascendit,
1209 2706 1274 2760 illac
1294 2706 1416 2777 proiecto
1436 2708 1459 2762 si
1486 2722 1599 2777 peecare
1620 2705 1762 2771 noluisset,

129 2793 212 2861 Quod
227 2809 299 2875 reru,
313 2795 401 2865 angeli
417 2809 433 2849 a
447 2794 620 2864 superiorum
634 2793 791 2863 angelorum
803 2799 909 2862 potesta
975 2797 1057 2852 etiam
1069 2797 1128 2853 sine
1143 2798 1329 2869 redemptione
1339 2798 1514 2870 pertingeret.
1526 2798 1686 2854 Consideret
1697 2811 1768 2868 ergo

129 2890 209 2945 tibus
235 2889 442 2960 dispensantur,
459 2888 607 2945 Zacharias
630 2888 763 2959 propheta
786 2886 920 2957 perbibet,
974 2889 1017 2943 rir
1032 2890 1265 2961 sanetusquia‚si
1278 2906 1332 2945 non
1352 2901 1502 2961 peccasset,
1523 2890 1588 2945 illuc
1601 2891 1683 2945 etiam
1707 2904 1763 2943 non

129 2984 180 3058 qui
195 2984 235 3039 ait
251 3005 258 3039 :
273 2981 344 3038 Ecce
358 2982 469 3055 onqeina
483 2984 529 3056 qai
542 2981 698 3055 loquelatur
724 2981 752 3036 in
776 2996 827 3047 me,
851 2994 931 3051 aare*
976 2983 1135 3054 redemptus
1149 2985 1310 3042 ascenderet
1335 2986 1370 3041 ad
1384 2987 1457 3058 quod
1473 2987 1666 3058 praedicatores
1683 3002 1764 3042 sanc·

131 3078 278 3143 diebotar;
294 3085 320 3131 et
333 3080 443 3148 nanetus
468 3077 538 3131 olins
554 3075 735 3148 eqredieintrrr
745 3076 773 3130 in
787 3091 959 3166 occursante
976 3086 1020 3133 tos
1037 3085 1099 3148 post
1111 3077 1325 3148 redemptionem
1341 3093 1455 3133 neccsse
1465 3087 1508 3134 est
1522 3094 1584 3135 eum
1602 3092 1703 3149 magno
1724 3078 1765 3132 la·

131 3171 202 3241 ejas,
215 3180 242 3226 ιι
253 3171 323 3226 tiirit
336 3172 371 3225 nd
385 3187 445 3225 enm
459 3186 469 3224 .·
483 3168 567 3226 Corra
581 3181 605 3225 et
620 3168 725 3242 ioqncre
754 3169 789 3223 nti
813 3183 925 3239 pnerrtm
977 3169 1044 3226 hore
1055 3169 1208 3241 pervenire,
1221 3179 1249 3225 et
1260 3187 1324 3228 cunr
1335 3172 1435 3242 quibus
1443 3171 1499 3242 jam
1510 3187 1584 3227 nunc
1598 3172 1763 3242 quiesceret,

132 3267 228 3329 utam,
242 3265 359 3319 dicent:
375 3263 481 3335 disque
497 3279 575 3317 rrmro
587 3261 755 3316 insultabitur
776 3259 925 3316 Jerusalem
978 3259 1099 3317 insinuet
1113 3260 1221 3317 dicens:
1239 3259 1305 3316 Cam
1325 3260 1428 3332 repibor
1452 3271 1477 3316 et
1505 3261 1657 3317 consulibus
1676 3269 1764 3317 terroe.

133 3356 229 3429 (loch.
247 3374 277 3424 u,
291 3358 331 3428 5).
345 3356 374 3411 Si
394 3356 467 3412 enim
493 3355 522 3411 in
548 3355 616 3426 ipsis
644 3352 741 3411 officiis
767 3365 925 3410 sanctorum
978 3350 1065 3422 Reges
1081 3353 1182 3423 quippe
1208 3362 1273 3408 sunt
1296 3353 1384 3409 sancti
1408 3352 1598 3423 predicatores
1625 3352 1764 3421 Ecclesiae,

134 3448 284 3519 spirituum
299 3463 473 3519 nequaquam
488 3453 639 3517 potestates
663 3461 778 3503 summae
799 3445 927 3500 minimas
978 3447 1065 3516 quiet
1083 3446 1247 3502 commissos
1261 3446 1312 3501 sibi
1323 3453 1396 3501 recte
1409 3446 1564 3516 disponere,
1578 3451 1605 3502 et
1620 3461 1669 3501 sua
1694 3445 1766 3500 bene

132 3541 325 3612 disponerent,
340 3541 417 3597 nullo
433 3542 517 3597 modo
530 3542 593 3608 hoc,
607 3538 681 3611 quod
693 3539 798 3595 homini
812 3538 928 3606 diceret,
941 3543 944 3549 ’
977 3552 1071 3608 regere
1078 3552 1191 3608 corpora
1199 3538 1300 3606 sciunt,
1308 3537 1454 3608 qnia,dum
1467 3537 1664 3593 desideriorum
1675 3545 1766 3593 motus

135 3637 253 3709 anqcius
275 3638 310 3695 ah
325 3639 424 3711 angelo
434 3636 618 3710 cognovisset.
632 3634 701 3703 Quia
713 3634 795 3706 igitur
810 3642 926 3689 cuncto·
979 3628 1007 3683 in
1021 3636 1228 3699 retemperant,
1244 3644 1326 3700 super
1341 3629 1472 3700 subiectis
1485 3628 1766 3700 cogitationibosiege

136 3747 202 3787 rum
218 3732 355 3799 conditor,
370 3731 463 3788 omnia
479 3745 529 3802 per
544 3729 722 3800 semetipsum
739 3738 820 3793 tenet,
838 3735 866 3783 et
887 3735 928 3781 ta·
979 3719 1089 3775 virtutis
1105 3730 1228 3790 regnant.
1244 3720 1296 3787 Qui
1310 3722 1379 3776 bene
1390 3722 1473 3776 ctiam
1487 3735 1566 3777 terrae
1580 3719 1708 3776 consules
1718 3735 1767 3774 ro·

134 3841 201 3882 rnen
217 3824 252 3880 ad
266 3824 488 3900 distinguendum
504 3822 627 3896 pulchra
650 3818 836 3875 universitatis
853 3816 928 3873 ordi·
980 3821 1089 3867 cantur.
1103 3808 1190 3882 Reges
1200 3813 1272 3867 enim
1296 3820 1372 3878 sunt,
1387 3813 1452 3882 quia
1471 3811 1647 3881 sibimetipsis
1672 3812 1769 3881 praesi-

134 3933 211 3980 ncm,
227 3916 363 3972 aliaaiiis
372 3913 597 3987 dispensantibus
612 3912 694 3985 regit,
713 3927 767 3967 nou
790 3909 928 3965 immerito
979 3903 1147 3960 denttterrae
1155 3914 1246 3960 autem
1255 3904 1383 3960 consules
1391 3911 1464 3970 sunt,
1477 3903 1541 3974 quia
1550 3903 1693 3959 exstinctis
1703 3917 1772 3973 pec-

134 4027 227 4083 reges,
244 4010 405 4080 angelorum
433 4008 546 4079 spiritus
573 4005 735 4076 accipimus,
751 4003 867 4075 quiquo
882 4017 929 4057 au·
982 3997 1132 4063 caloribus,
1149 3996 1213 4052 rita.
1240 3995 1397 4053 consultum
1424 3996 1563 4067 praebent3
1588 4010 1666 4066 reges
1691 4002 1765 4061 sunt,

134 4102 205 4158 ctori
220 4101 345 4157 omnium
369 4098 533 4155 familiarius
547 4097 681 4164 serviunt,
694 4110 728 4151 εο
743 4093 866 4165 subiecta
879 4107 929 4163 po-
981 4092 1046 4162 quia
1059 4091 1222 4162 semetipsos
1235 4090 1445 4162 ragenardum,
1459 4099 1538 4145 terrae
1556 4098 1619 4145 sunt
1639 4088 1766 4144 consules

134 4196 240 4252 tentius
247 4189 769 4267 rcqont.Cumregibusergodormirct,
777 4186 929 4259 quianimi·
980 4185 1045 4256 quia
1059 4192 1181 4240 terrenas
1196 4191 1302 4240 mentes
1317 4197 1364 4253 per
1389 4181 1589 4238 exhortationis
1604 4195 1661 4235 suae
1675 4179 1769 4236 consi·

134 4306 199 4346 rurn
211 4285 652 4359 cumangelislromoqrriesceret,
663 4281 928 4353 sipersuasorisiin·
981 4277 1047 4334 lium
1060 4276 1094 4333 ad
1112 4277 1233 4334 eoelestia
1251 4274 1423 4347 pertrahunt.
1441 4274 1576 4328 interrae
1591 4271 1688 4328 consui
1711 4286 1767 4326 non

134 4399 219 4455 guam
232 4381 313 4452 sequi
327 4380 469 4437 uoluisset.
481 4378 535 4446 Qui
557 4377 719 4433 heneetiam
738 4376 867 4432 eonsules
883 4391 930 4430 ro·
981 4382 1040 4429 erat
1054 4373 1102 4444 qui
1115 4372 1237 4427 dicebat:
1255 4370 1293 4424 ile
1311 4368 1455 4440 rirqirtiirrr
1475 4375 1633 4440 praeceptam
1660 4364 1771 4420 Donrini

133 4484 246 4540 cantur,
259 4474 326 4546 quia
349 4471 483 4543 spirituali
503 4470 659 4541 reipublicae
678 4467 838 4534 consulunt,
862 4466 926 4521 dum
945 4448 1294 4530 ”nanturiacensem
1317 4476 1405 4517 cratem
1422 4463 1455 4516 ilo
1472 4461 1498 4525 (i
1513 4461 1575 4517 Cor.
1597 4476 1645 4528 vn,
1663 4459 1721 4532 25).
1736 4459 1771 4516 tir

135 4586 188 4625 nos
203 4569 258 4624 sihi
277 4567 312 4622 ad
329 4581 443 4638 regnum
462 4564 554 4621 socios
566 4564 697 4635 jungunt.
712 4559 787 4616 Bene
800 4562 928 4618 consules
981 4576 1109 4616 rursum:
1125 4559 1235 4614 Brotior
1243 4560 1306 4624 erit,
1317 4558 1340 4611 ni
1364 4559 1402 4610 sic
1425 4556 1600 4625 permanserit
1624 4553 1770 4609 secundam

134 4667 284 4727 rneantnr,
298 4658 363 4729 quia
384 4656 450 4712 dum
473 4655 541 4726 ipsis
556 4652 747 4710 nuntiantibus
761 4653 928 4708 voluntatem
982 4669 1069 4708 meam
1083 4651 1222 4706 consiliam
1239 4648 1393 4719 (triduo).
1781 4632 1792 4652 ⁸

135 4749 293 4809 conditoris
318 4747 503 4822 agnoscimus,
524 4746 553 4800 in
575 4745 617 4800 eis
631 4743 726 4816 procul
753 4742 837 4800 dubio
860 4758 929 4799 con·
1019 4743 1123 4816 Regum
1140 4743 1252 4799 nomine
1262 4741 1376 4813 quilibet
1389 4741 1477 4797 sancti
1503 4739 1557 4810 riri
1577 4738 1788 4810 designantur„

136 4843 356 4903 snttnmauhac
369 4840 496 4914 angustia
519 4847 624 4896 nostrae
643 4837 830 4894 tribulationis
853 4838 929 4894 inre·
983 4838 1054 4895 sicut
1073 4837 1101 4892 in
1120 4836 1189 4891 libro
1203 4835 1275 4891 beati
1302 4832 1353 4888 iob
1372 4849 1421 4905 per
1446 4833 1507 4889 Eiiu
1532 4834 1565 4889 de
1590 4831 1707 4890 bomine
1725 4830 1769 4887 di-

137 4942 244 4996 nimus.
984 4932 1072 4986 citur:
1090 4928 1169 4999 192
1184 4926 1246 4982 Non
1260 4928 1349 4997 aufert
1359 4928 1457 4998 njttsto
1468 4926 1558 4980 oculos
1568 4942 1641 4992 artos,
1657 4933 1683 4979 rt
1699 4941 1769 4994 repes

175 5032 281 5104 Regum
302 5045 414 5103 quoque
437 5029 559 5096 nomine,
583 5035 700 5098 possunt
716 5041 775 5083 non·
799 5025 930 5080 incont'e-
984 5025 1012 5078 in
1037 5021 1106 5078 soiio
1128 5021 1239 5077 eoiioeot
1257 5023 1284 5076 iu
1306 5030 1471 5092 perpetuum,
1493 5029 1518 5074 et
1542 5019 1599 5074 iilic
1619 5020 1768 5089 eriqnntrtr.

138 5128 247 5184 nienter
267 5125 356 5181 sancti
379 5122 507 5194 apostoli,
519 5131 547 5178 et
561 5120 676 5193 quilibet
691 5119 779 5178 sancti
800 5119 931 5189 praedica·
985 5113 1216 5186 (intraturi).
1254 5113 1407 5169 Abstrtlisse
1436 5112 1509 5166 etaim
1532 5128 1546 5165 a
1572 5111 1654 5182 justis
1675 5107 1770 5163 oculos

138 5233 214 5279 tores
228 5221 257 5275 in
272 5219 318 5275 his
331 5218 421 5274 serbis
438 5215 562 5287 intelligi.
585 5213 655 5282 Quia
670 5214 745 5269 enim
767 5212 864 5269 beatus
880 5211 931 5268 iob
985 5225 1051 5265 suos
1070 5207 1188 5264 iortasse
1215 5205 1347 5263 Dominus
1370 5205 1500 5271 creditur,
1520 5204 1584 5276 quia
1605 5202 1771 5273 injustorum

139 5322 236 5372 noeto
250 5310 414 5368 aeternitatis
437 5309 537 5380 spiritu
564 5309 706 5379 impletum
722 5314 749 5362 et
778 5305 930 5372 larissensi
986 5304 1194 5361 crudelitatibus
1215 5303 1260 5359 hic
1287 5303 1347 5359 sine
1369 5302 1490 5358 vindicta
1520 5302 1684 5358 lacerantur.
1716 5294 1771 5352 Sed

139 5407 268 5462 laturum
277 5419 339 5460 esse
350 5401 491 5458 aeternitas
502 5416 556 5456 non
573 5399 664 5466 hahet,
678 5398 722 5455 cui
735 5398 864 5453 ninrieum
880 5411 930 5452 nee
985 5397 1104 5453 tanatos
1114 5410 1180 5452 suos
1194 5391 1527 5465 tuncmaqisterrespicit,
1537 5406 1601 5447 eum
1615 5388 1776 5459 injusteeoa

139 5499 280 5577 pretenta
296 5504 451 5562 transeunt,
461 5508 511 5549 nec
522 5491 613 5549 iutura
624 5492 746 5560 veniunt,
758 5490 822 5562 quia
833 5497 930 5546 cuncta
985 5491 1106 5563 nequitia
1119 5487 1308 5561 persequentis
1318 5486 1423 5558 affligit.
1439 5484 1541 5541 videns
1555 5482 1628 5539 enim
1643 5481 1708 5552 quid
1725 5480 1774 5535 trit

141 5607 192 5664 per
207 5605 333 5662 presens
346 5587 429 5654 ridet,
441 5595 528 5658 potest
539 5586 647 5645 laturos
670 5584 862 5659 praedicatores
876 5582 929 5641 Ec·
991 5585 1130 5642 humiliter
1142 5585 1267 5652 tolerent,
1282 5581 1412 5638 nimirum
1422 5581 1477 5651 jam
1492 5577 1621 5649 prandet
1635 5574 1700 5648 quid
1716 5573 1782 5632 itit.

176 5749 254 5821 (aaa)
266 5747 306 5804 Er
324 5763 349 5803 c.
365 5759 440 5814 xxrt,
452 5744 469 5799 i.
486 5758 546 5814 sup.
