3817 6000
204 308 271 364 llll
680 307 832 364 thtlotlt
851 309 1046 367 nttAEPosttt
1066 310 1341 371 Rsslutlbttspultc‚
1394 275 1396 280 v
1754 321 1836 377 tlt?

205 421 332 477 herentes
342 436 422 490 puras
434 437 538 484 manna,
558 421 607 486 ait,
619 422 675 474 sine
689 421 730 474 irn
753 431 778 476 et
801 422 1025 493 disceptationeA
1043 422 1156 494 insuper
1175 433 1201 480 et
1223 423 1330 484 lucilius
1351 427 1526 496 possidentur
1543 437 1571 485 et
1590 430 1685 486 tutius.
1714 429 1837 490 Utinam

205 496 234 580 (l
251 512 320 568 Tim.
336 530 367 580 ιι,
379 512 418 581 8).
432 510 549 568 Videsne
560 514 700 581 quomodo
714 513 766 567 sibi
781 514 950 569 concordent
962 523 990 570 ct
1040 516 1106 570 mihi
1121 516 1230 573 illorum
1244 528 1369 589 suppetat
1380 520 1456 590 copia
1475 520 1622 591 lignorum,
1637 523 1740 594 quibus
1761 525 1834 580 bor·

203 607 300 664 eodem
312 604 409 676 spiritu
420 605 453 660 de
464 620 530 675 pace
547 612 574 659 et
592 603 786 675 tranquillitate
797 604 891 671 animi,
906 621 990 676 quam
1041 615 1085 662 tus
1098 607 1192 678 sponsi
1209 608 1329 664 Ecclesia
1343 611 1454 680 copiose
1469 612 1609 677 densatur,
1628 630 1691 684 pax,
1706 615 1835 681 bonitas,

204 695 307 752 habere
321 695 399 751 debet
413 695 457 751 ille
469 696 517 766 qui
529 705 600 762 orat,
617 696 766 765 loquiantur
782 694 913 766 Princeps
925 713 991 767 apo-
1040 700 1205 771 benignitas,
1220 702 1351 771 garrdinm
1368 702 1394 757 in
1410 702 1511 772 Spiritu
1526 714 1632 770 sancto,
1650 707 1779 762 misereri
1804 709 1836 762 iu

205 790 339 845 stolorum
359 796 385 843 et
400 788 500 843 boetor
515 788 654 859 gentium?
676 787 781 858 Perge,
805 796 861 843 tota
884 790 928 842 die
943 804 991 844 exm
1040 790 1193 860 hilaritate,
1216 792 1338 849 tribuere
1362 793 1389 848 iu
1413 795 1596 866 simplicitate,
1625 798 1745 870 gaudere
1765 814 1836 854 cum

169 889 172 894 ’
204 880 444 955 pandeadbcum
465 890 650 945 manustuas,
669 881 716 952 qui
742 880 841 937 iratres
861 891 916 937 tnta
945 882 991 938 dic
1041 884 1230 955 gaudentibus,
1243 885 1308 940 llere
1332 902 1397 942 cum
1409 888 1610 943 dentibusldn
1633 905 1687 946 non
1710 902 1737 946 tn
1753 891 1835 946 iliam

144 974 147 978 ’
204 974 348 1040 molestas,
372 973 580 1028 unanimitatem
604 972 760 1045 impugnas,
782 975 817 1028 ab
836 974 940 1029 unitate
965 984 992 1030 te
1041 975 1164 1043 domurn,
1177 978 1291 1047 qnodad
1305 978 1443 1048 laquearia
1457 988 1570 1050 spectat,
1584 982 1651 1038 satis
1664 983 1837 1053 abundeque

205 1083 326 1138 separas.
339 1066 372 1121 lit
385 1067 450 1138 quid
464 1083 506 1123 me
519 1068 560 1124 vis
572 1066 670 1132 lacere,
685 1068 776 1139 inquis
787 1070 799 1123 l
810 1068 947 1132 Proiecto,
962 1079 992 1125 ut
1042 1077 1168 1124 ornatam
1195 1084 1319 1135 coruscas,
1344 1087 1427 1140 quam
1452 1071 1551 1129 talibus
1570 1073 1650 1145 lignis
1676 1075 1838 1144 inspexeris

203 1160 418 1234 primoquidem
438 1160 570 1216 emundes
589 1161 787 1216 conscientiam
804 1162 839 1216 ab
853 1162 928 1219 omni
948 1163 989 1218 in·
1042 1160 1215 1227 sufficienter,
1232 1162 1436 1233 compositeque
1460 1173 1584 1220 ornatam
1609 1174 1636 1221 et
1657 1166 1838 1221 tabulatam?

204 1254 385 1324 quinamento
400 1253 448 1309 irae
471 1262 499 1308 et
520 1253 725 1323 disceptationis
750 1263 777 1309 et
800 1257 949 1311 innumeris
965 1263 992 1312 et
1042 1252 1164 1319 boariae,
1179 1253 1262 1307 dilexi
1274 1254 1392 1309 decorem
1403 1256 1496 1312 domus
1508 1267 1570 1313 tue.
1588 1259 1700 1329 Semper
1715 1258 1750 1313 da
1763 1258 1838 1313 mibi

204 1346 311 1410 livoris,
326 1354 354 1401 et
368 1343 503 1416 quidquid
522 1346 635 1401 omnino
655 1347 793 1402 adversari
816 1348 992 1418 cognoscitur
1041 1344 1100 1401 baec
1113 1345 1197 1416 ligna,
1211 1360 1316 1416 queso,
1329 1346 1430 1416 quibus
1446 1347 1494 1402 tibi
1514 1364 1621 1420 semper
1637 1358 1770 1405 umatum
1786 1365 1835 1405 ex·

205 1445 255 1492 ant
268 1435 328 1506 paci
342 1435 469 1503 iratrum,
483 1445 531 1492 aut
545 1436 708 1492 obedientiae
718 1437 869 1502 seniorum,
886 1439 920 1494 de
930 1454 992 1495 cor·
1042 1439 1151 1494 hibeam
1178 1436 1354 1494 conscientiae
1374 1440 1539 1509 tlialamum;
1568 1443 1745 1498 conscientie
1771 1442 1838 1497 dico

205 1529 250 1585 dis
261 1528 419 1585 habitaculo
430 1528 572 1585 eliminare
584 1528 707 1586 lestines.
723 1529 825 1586 Deinde
839 1539 866 1587 et
877 1531 994 1588 circum·
1042 1546 1109 1588 meae
1123 1542 1149 1587 et
1160 1531 1283 1588 alterins.
1299 1529 1346 1588 llis
1358 1543 1510 1590 contrusus
1529 1548 1577 1590 ero
1595 1552 1601 1588 :
1618 1543 1711 1602 erunt,
1732 1542 1763 1589 et
1786 1533 1836 1605 qui

206 1620 273 1677 dare
295 1621 342 1676 tibi
359 1621 442 1677 liores
466 1635 640 1692 quorumque
665 1620 800 1676 bonorum
828 1632 949 1690 actuum,
966 1631 993 1680 et
1042 1641 1105 1682 meo
1117 1627 1145 1681 in
1160 1625 1252 1684 haere
1271 1629 1386 1685 consilio
1410 1627 1583 1698 acquiescere
1602 1628 1708 1693 rolant,
1724 1626 1795 1698 quia
1809 1637 1838 1682 et

206 1712 383 1769 laudabilium
395 1712 558 1780 studiorum,
570 1721 652 1785 atquc
661 1713 838 1770 odoramenta
850 1715 990 1785 uirtutum,
1043 1723 1144 1787 tepula
1155 1733 1216 1775 esse
1227 1718 1554 1787 contentumprasertim
1567 1717 1595 1772 in
1604 1717 1647 1772 his
1658 1718 1839 1787 temporibus

205 1802 236 1859 id
245 1811 288 1859 est
298 1819 468 1874 quaecunque
478 1812 541 1860 sunt
554 1818 807 1876 rcra,quaeeurrquc
818 1806 903 1877 justa,
918 1823 993 1879 quae·
1044 1809 1213 1878 novissimis,
1226 1810 1252 1866 in
1271 1811 1371 1882 quihus
1385 1807 1541 1867 abundante
1552 1809 1699 1881 iniquitate
1717 1809 1841 1881 refrige-

207 1910 316 1967 eunque
337 1905 442 1961 sancta,
469 1911 641 1967 quaecunque
668 1897 807 1966 amabilia,
822 1915 994 1972 quaecunque
1045 1899 1097 1956 scit
1110 1901 1406 1960 charitasmultornm.

205 1986 286 2042 bonae
298 1986 387 2053 lama,
401 1988 424 2043 si
439 2002 494 2057 qua
509 1987 570 2042 laus
582 1987 744 2059 disciplinae,
769 1990 792 2046 si
824 2007 878 2061 qua
895 1991 993 2062 virtus,
1078 1992 1212 2050 Caeterum
1225 1994 1251 2049 in
1266 1995 1367 2051 sanctis
1391 1995 1533 2065 apostolis,
1551 2004 1579 2051 et
1593 1994 1659 2050 uiris
1673 1993 1842 2065 apostolicis

206 2079 267 2134 hec
283 2079 413 2150 cogitare,
426 2078 453 2134 in
470 2079 514 2136 bis
531 2080 653 2136 exerceri
668 2094 774 2137 curato.
785 2082 826 2138 lto
838 2083 994 2141 istiusmodi
1044 2086 1176 2157 arciorem
1191 2088 1283 2141 domas
1297 2096 1350 2143 tuoe
1366 2086 1486 2143 decerem
1499 2103 1548 2158 per
1561 2088 1663 2142 multas
1676 2085 1794 2140 uirtutes
1809 2093 1840 2139 et

209 2186 306 2227 secure
322 2171 434 2227 vocabis
448 2169 596 2242 Sponsum,
610 2190 691 2244 quem
712 2190 775 2230 cum
799 2175 993 2246 introduxeris,
1045 2177 1178 2234 miracula
1193 2180 1389 2235 clarescentem
1405 2177 1506 2233 subicit
1521 2177 1590 2232 inihi
1602 2174 1732 2232 admirari
1743 2184 1772 2230 et
1788 2191 1837 2229 re·

209 2277 272 2318 cum
285 2262 417 2319 veraciter
433 2263 523 2320 diccrc
536 2265 639 2335 poteris
658 2272 685 2320 et
699 2275 727 2320 tu
746 2283 752 2320 :
766 2263 891 2322 Lectulus
907 2277 996 2323 arnster
1046 2269 1147 2337 nerari,
1159 2270 1223 2340 quia
1236 2285 1291 2324 non
1303 2268 1381 2324 raleo
1395 2267 1514 2323 imitari:
1528 2266 1626 2324 sufficit
1636 2265 1705 2321 mibi
1718 2264 1842 2335 diligere

209 2354 322 2426 doridos
341 2354 480 2416 redolente
506 2355 639 2412 nimirum
662 2357 830 2413 conscientia
854 2359 994 2428 pietatem,
1046 2361 1074 2416 in
1089 2361 1143 2418 illis
1156 2376 1285 2434 magnum
1299 2361 1419 2415 decorent
1437 2359 1531 2414 domne
1550 2370 1612 2425 tete,
1629 2360 1693 2429 quia
1716 2357 1840 2428 gloriar!

210 2447 257 2503 sed
275 2463 380 2518 pacem,
392 2449 439 2503 sed
456 2449 707 2514 mansuetudinem,
724 2447 771 2504 sed
783 2448 930 2519 justitiam,
947 2450 996 2507 sed
1046 2463 1074 2510 et
1090 2468 1218 2525 magnum
1230 2452 1348 2507 decoreris
1371 2449 1525 2521 imposuisti
1541 2465 1624 2519 super
1641 2465 1699 2516 eos,
1718 2449 1787 2504 dum
1800 2463 1837 2503 ex

210 2539 405 2605 obedientiam,
420 2539 467 2595 sed
487 2539 664 2607 hilaritatem,
677 2541 724 2596 sed
751 2541 945 2597 humilitatem.
964 2541 996 2600 Et
1047 2547 1101 2604 illis
1113 2544 1348 2618 quosdamlccisti
1361 2558 1506 2600 ascensum
1519 2557 1686 2614 purpureum
1698 2556 1839 2597 coronan-

210 2631 474 2703 1111111101111111
489 2633 539 2688 Sic·
1047 2640 1083 2696 do
1095 2654 1143 2695 eos
1155 2654 1204 2709 per
1225 2636 1386 2708 martyrium
1404 2654 1412 2690 :
1434 2633 1567 2706 quosdam
1582 2632 1724 2690 columnas
1735 2648 1838 2703 argen-

246 2724 362 2780 bomum
383 2740 449 2781 nero
468 2724 515 2780 lici
539 2723 687 2794 spiritalem
712 2738 742 2780 sc
766 2724 855 2795 ipsum
880 2725 998 2797 quisque
1047 2740 1105 2788 teas
1123 2731 1150 2785 in
1161 2727 1332 2786 millessione
1346 2725 1470 2781 raritatis
1484 2724 1647 2780 illustrando
1657 2739 1704 2793 per
1717 2721 1833 2793 eloquia

211 2826 352 2890 agnoscat,
367 2817 414 2889 qui
426 2825 514 2871 tamen
526 2817 583 2886 jam
596 2833 650 2871 non
667 2816 695 2870 in
714 2832 796 2872 earne
807 2818 938 2885 ambulat,
950 2818 998 2875 sed
1047 2829 1106 2885 tna,
1124 2826 1261 2888 quaesunt
1276 2823 1418 2887 argentum
1439 2813 1501 2886 igne
1522 2813 1709 2869 examinatum
1724 2830 1732 2867 a
1747 2826 1841 2883 quos·

211 2909 238 2965 iu
252 2909 357 2980 spiritu.
374 2907 509 2978 Templum
525 2909 594 2962 eninr
609 2907 665 2972 Dei,
677 2907 725 2974 an,
736 2919 857 2963 sonetum
867 2918 916 2976 eat,
927 2909 998 2981 qnod
1047 2911 1109 2967 dani
1121 2908 1326 2965 reclinatorium
1342 2921 1457 2962 aureum
1481 2921 1530 2976 per
1558 2904 1689 2976 optimam
1715 2913 1840 2974 partem,

211 3002 274 3056 estis
294 3018 337 3056 noa
346 3000 374 3072 (l
384 2999 447 3056 Cor.
463 3015 505 3064 ιιι,
521 3000 577 3071 tl).
590 3000 690 3056 Curate
703 3016 778 3071 ergo,
791 3000 899 3070 iratres,
914 3002 997 3072 spiri-
1048 3019 1130 3076 qnam
1142 3001 1194 3058 sibi
1208 2997 1456 3072 elegantissimis
1472 3012 1536 3054 nero
1550 2996 1682 3054 charitate
1691 3004 1756 3052 sunt
1767 3011 1840 3052 ooa-

212 3094 261 3147 tali
276 3092 341 3149 huie
356 3092 481 3160 aarlillcio,
497 3093 569 3163 quod
585 3109 635 3148 ros
647 3095 724 3161 estis,
747 3110 781 3150 ne
797 3092 868 3149 ione
888 3112 951 3153 cum
972 3096 999 3151 in
1014 3106 1035 3162 c
1051 3104 1136 3153 strata
1151 3103 1261 3166 propter
1275 3091 1345 3149 lilius
1357 3091 1509 3148 Jerusalem
1519 3088 1609 3161 (Gmrt.
1624 3106 1667 3154 ιιι,
1684 3088 1745 3158 ld),
1760 3104 1841 3159 quae,

214 3182 356 3249 superiora
375 3184 507 3254 prolicere
526 3184 649 3254 eoeperit,
667 3185 773 3241 vacillet
792 3195 828 3240 et
839 3197 960 3255 corruat,
975 3189 999 3243 si
1050 3190 1113 3245 licet
1131 3203 1182 3258 pro
1198 3185 1357 3241 inllrmitate
1382 3184 1424 3240 sui
1441 3198 1497 3239 non
1520 3181 1629 3254 possint
1651 3181 1784 3237 accedere
1801 3181 1838 3235 ad

214 3275 296 3346 lignis
308 3274 426 3331 fortibus
444 3289 498 3329 non
516 3273 598 3329 luerit
618 3274 765 3331 subnixum
778 3285 806 3332 et
818 3275 998 3349 colligatum:
1050 3280 1210 3352 martyrium
1224 3293 1273 3349 per
1289 3292 1435 3333 ascensum
1455 3290 1622 3348 purpureum
1651 3273 1733 3329 nimis
1747 3274 1841 3329 altum

214 3378 319 3437 curate,
331 3368 454 3439 inquam,
474 3368 512 3422 illi
530 3368 602 3439 tigna
617 3369 682 3425 darc
704 3369 881 3440 imputribilia
903 3380 929 3427 et
948 3372 1000 3427 im·
1050 3383 1077 3429 et
1088 3375 1215 3439 arduum,
1235 3387 1269 3428 ne
1295 3370 1404 3427 valcant
1418 3385 1479 3425 csse
1494 3369 1628 3426 columnae
1645 3375 1781 3439 argenteae
1796 3366 1840 3420 rel

215 3463 336 3529 mobilia,
356 3463 479 3518 timorem
495 3461 618 3516 videlicet
642 3459 750 3518 bomini
768 3462 858 3530 illum,
873 3463 921 3535 qni
937 3479 1000 3534 per-
1051 3464 1255 3523 reclinatorium
1266 3478 1391 3529 aureum,
1407 3470 1523 3532 possunt
1534 3468 1624 3515 tamon
1634 3458 1768 3514 charitate
1780 3474 1838 3511 me

216 3563 307 3610 manet
322 3554 349 3608 in
365 3553 495 3609 saeculum
514 3554 616 3609 saeculi.
633 3553 806 3621 Patientiam,
821 3555 855 3610 de
865 3571 919 3626 qna
930 3556 1000 3611 scri·
1051 3560 1143 3614 diantc
1154 3557 1181 3612 in
1198 3570 1313 3611 ascensu
1328 3570 1465 3625 purpureo
1487 3553 1623 3609 columnis
1643 3551 1781 3622 argenteis
1796 3558 1837 3604 at-

215 3656 292 3718 ptum
310 3655 373 3703 cst:
390 3645 526 3700 Patientia
538 3663 685 3716 properant
707 3663 759 3701 non
773 3647 867 3717 peribit
881 3648 1002 3718 induem
1052 3666 1106 3723 que
1120 3648 1294 3706 reclinatorio
1320 3661 1404 3701 aureo
1431 3644 1553 3701 venerari
1580 3654 1608 3699 et
1627 3643 1749 3714 diligere.
1776 3640 1840 3696 Ha·

217 3738 303 3803 tPsnl.
322 3755 360 3803 rx,
375 3737 430 3807 id).
456 3737 699 3809 longanimitatem
724 3755 843 3809 quoque,
866 3755 927 3809 quae
950 3738 1002 3794 sub
1054 3740 1270 3814 gnumdecorem
1282 3737 1375 3791 donaris
1388 3746 1449 3799 tnta,
1462 3752 1542 3806 quiem
1562 3751 1617 3790 non
1633 3733 1733 3789 bahent
1752 3733 1781 3787 in
1796 3749 1839 3798 se,

216 3830 317 3900 quouis
328 3839 473 3885 structurae
484 3829 604 3900 pondere
618 3830 963 3900 inllexibilispersererans
974 3828 1002 3883 in
1053 3833 1101 3891 sed
1116 3834 1219 3889 habent
1233 3830 1262 3889 in
1285 3830 1347 3886 aliis
1373 3845 1420 3899 per
1443 3829 1614 3895 charitatem,
1638 3843 1693 3881 non
1707 3842 1768 3898 quae
1787 3843 1840 3880 sna

217 3923 323 3978 indulta
334 3924 433 3979 secula
448 3922 510 3979 rite
520 3923 604 3979 beatae
618 3923 800 3993 protenditur,
814 3922 1003 3978 Salvatorelo-
1053 3934 1118 3985 sunt
1131 3932 1309 3997 quaerentem,
1322 3924 1369 3978 sed
1385 3938 1445 3993 quaa
1456 3922 1572 3977 aliorum
1588 3931 1661 3987 sunt,
1674 3921 1744 3975 bona
1756 3920 1841 3989 quasi

217 4013 524 4085 111111111311181111
547 4033 554 4069 2
580 4013 633 4079 011
655 4015 856 4084 pertimerem
878 4029 958 4083 vsqve
975 4013 1003 4066 11
1054 4034 1103 4074 sua
1122 4017 1291 4087 diligentem.
1316 4012 1347 4067 lu
1372 4013 1424 4068 bac
1444 4012 1502 4082 ipsa
1517 4009 1660 4075 charitate,
1680 4007 1839 4073 nilominus,

217 4108 306 4176 finem,
326 4106 371 4159 bie
390 4106 479 4160 auleas
500 4108 551 4160 erit
575 4105 673 4176 (nare.
690 4122 718 4172 1,
731 4105 788 4177 Ὦ).
810 4104 896 4177 Magis
912 4115 1002 4160 autem
1052 4112 1136 4167 iliberi
1154 4107 1375 4163 decoremdomns
1388 4115 1486 4172 tumet
1497 4103 1582 4157 locem
1594 4102 1766 4156 habitationis
1779 4103 1842 4171 pto·

219 4215 301 4269 5111111
321 4199 414 4253 01111111
437 4198 608 4264 1111111111.
639 4212 701 4269 qnae
723 4212 864 4268 1111111111
887 4196 1002 4263 11111111,
1053 4205 1101 4261 rioe
1117 4215 1179 4258 tute.
1194 4200 1292 4264 biieai,
1304 4199 1437 4270 valdeque
1453 4206 1559 4269 gratum
1574 4195 1673 4261 babeo,
1688 4200 1718 4247 ut
1735 4194 1761 4246 iu
1782 4201 1840 4247 tota

220 4293 283 4362 quiin
298 4290 546 4361 portinentinquit,
560 4299 590 4343 nt
612 4306 682 4344 mora
700 4290 819 4354 ditectio,
843 4291 911 4345 darn
935 4292 1003 4346 sicet
1053 4296 1196 4360 Ecclesia,
1221 4293 1249 4346 in
1272 4291 1394 4362 qualibet
1420 4287 1632 4360 congregatione
1659 4285 1843 4341 monasticam

220 4385 338 4453 infernas
355 4382 492 4438 emeterio
505 4384 595 4453 (Cant.
608 4397 667 4444 riri,
676 4383 715 4452 6).
729 4381 840 4439 studete
851 4382 948 4440 deinde
960 4384 1003 4441 bis
1054 4405 1102 4447 seu
1114 4385 1274 4444 eanonicam
1294 4382 1452 4454 religionem
1465 4380 1608 4451 prolitentc
1622 4386 1703 4448 atque
1728 4378 1756 4431 in
1778 4391 1842 4431 mea

222 4476 304 4545 tignis
322 4474 497 4530 substernere
507 4482 535 4529 ct
545 4473 657 4544 alligare
669 4473 722 4530 alia
742 4473 835 4545 lingua
851 4489 929 4545 aeque
942 4491 1005 4547 pre-
1019 4447 1043 4509 Β
1055 4490 1083 4537 et
1099 4477 1211 4534 alterins
1229 4473 1398 4531 conscientia
1417 4470 1569 4529 Christiani
1588 4471 1643 4527 sint
1659 4468 1694 4525 ad
1716 4469 1841 4524 duom

221 4569 290 4622 tiosa
306 4576 333 4622 et
346 4566 470 4638 pulchra,
485 4567 529 4623 cui
542 4575 633 4622 tamen
647 4566 698 4621 ‘illa
720 4566 756 4622 ad
777 4582 889 4623 manum
904 4564 1006 4624 inerint
1055 4572 1149 4627 domas
1167 4578 1220 4625 tsoe
1232 4568 1308 4638 tigna
1322 4566 1445 4632 murina,
1463 4564 1602 4636 laquearia
1615 4561 1788 4634 cypressina,
1800 4561 1840 4616 le·

221 4660 249 4714 111
265 4674 335 4730 11111
350 4660 520 4729 1111111111
535 4658 706 4716 1111111111
726 4659 835 4725 domus,
850 4674 1006 4715 sermonem
1056 4664 1147 4724 ctnlns
1159 4661 1284 4726 floridus,
1305 4673 1438 4717 ascensus
1450 4673 1615 4730 purpureas,
1636 4655 1774 4712 columnae
1798 4670 1841 4711 ar·

222 4754 327 4810 scilieet
341 4750 491 4823 sapientiae,
516 4752 573 4809 sire
591 4751 723 4819 scientiae,
745 4750 926 4822 prophetiam,
940 4767 1004 4825 gra·
1055 4766 1168 4833 gentem,
1183 4742 1389 4812 reclinatorium
1408 4765 1532 4816 aureum,
1547 4749 1733 4820 pavimentum
1747 4747 1840 4804 chari·

220 4849 287 4905 tiam
312 4846 494 4912 1111111111,
513 4843 765 4914 11111111111111111
788 4857 957 4910 sermonum,
979 4850 1008 4899 11
1056 4857 1111 4908 tate
1124 4853 1295 4904 constratum
1311 4844 1385 4900 sicut
1403 4839 1582 4897 decetionem
1597 4839 1770 4894 habitationis
1782 4838 1841 4909 qlo-

221 4951 318 4998 caetera
330 4938 406 5005 talia,
421 4953 490 5008 quae.
498 4936 587 5009 magis
605 4943 756 4993 noscuntur
769 4949 836 4990 sane
849 4942 912 5005 apta
925 4948 1007 4989 orna-
1056 4943 1105 4998 sp„
1116 4952 1179 5010 rw,
1190 4939 1218 4996 in
1234 4952 1290 5011 qno
1303 4933 1354 4991 tihi
1372 4934 1409 4990 sit
1426 4932 1576 5003 gloriosum
1597 4929 1771 5001 requieseere
1782 4938 1842 4985 tan-

222 5034 272 5100 tni,
287 5047 368 5104 quam
381 5030 537 5086 necessaria
549 5043 611 5086 esse
623 5027 714 5085 saluti.
731 5028 769 5084 lie
784 5026 827 5083 his
842 5035 1008 5098 praeceptum
1057 5050 1139 5108 qnam
1152 5033 1181 5088 in
1193 5029 1295 5088 lectulo
1309 5026 1417 5091 florido,
1430 5040 1479 5081 seu
1490 5022 1666 5079 sceleratoria
1676 5035 1775 5076 aureo.

220 5141 277 5181 aron
302 5124 409 5190 haheo3
426 5121 569 5178 consilium
590 5129 681 5178 numm
696 5121 742 5188 do,
754 5119 1007 5192 quoniamquidem
1092 5126 1171 5182 nnnc
1183 5118 1362 5179 decoremetsi
1379 5132 1433 5173 non
1443 5130 1610 5188 recognosco
1626 5115 1653 5170 in
1668 5126 1723 5178 me,
1737 5122 1841 5177 utam,

221 5213 377 5274 istiusmodi
395 5213 467 5285 ligna
479 5220 586 5269 constat
598 5221 626 5268 et
643 5212 779 5268 laboriose
789 5210 902 5283 requiri,
918 5219 946 5265 et
954 5209 1007 5265 dil·
1057 5235 1074 5274 0
1088 5216 1209 5279 nomina,
1225 5212 1252 5266 in
1272 5208 1334 5264 aliis
1344 5207 1426 5263 dilexi
1443 5205 1561 5262 mearent
1574 5203 1667 5258 domes
1683 5212 1748 5267 tnoe,
1764 5209 1791 5257 et
1801 5201 1840 5255 to¹

221 5309 343 5363 facillime
359 5306 486 5372 inueniri,
501 5315 529 5362 et
551 5305 705 5376 periculose
727 5306 864 5362 elaborari
882 5304 956 5376 (uam
980 5314 1008 5360 et
1057 5325 1117 5364 rena
1127 5302 1298 5361 habitationis
1314 5300 1409 5372 glorie
1421 5308 1484 5364 tute,
1504 5296 1618 5367 cripiens
1634 5294 1748 5350 donnum
1764 5303 1840 5349 team

221 5415 341 5466 raraca,
367 5399 517 5470 prasertim
547 5398 591 5456 bia
614 5399 792 5470 temporibus,
817 5407 889 5454 terra
912 5406 1007 5455 nostra
1057 5417 1112 5456 non
1125 5398 1214 5454 solum
1225 5393 1340 5451 tirmiter
1353 5392 1515 5449 arditlcatam
1526 5403 1588 5444 esse
1600 5387 1841 5457 aupertellrman

222 5490 372 5560 producere
382 5490 538 5563 reperitur),
560 5493 674 5547 consulo
695 5505 772 5556 sane,
784 5499 811 5545 et
835 5504 935 5545 moneo
952 5505 1007 5546 non
1057 5500 1176 5565 petram,
1191 5487 1523 5545 seddeeenterornatam.
1544 5480 1657 5550 Propter
1670 5477 1840 5550 quodetiam

224 5579 375 5649 multopere
386 5582 437 5638 ista
445 5583 586 5654 requiriri,
597 5584 684 5654 magis
699 5591 790 5639 autem
803 5597 837 5637 ex
852 5582 934 5653 lignis
945 5582 1007 5639 aliis
1058 5585 1132 5640 aelus
1147 5581 1247 5638 domus
1262 5587 1316 5636 tuae
1328 5575 1447 5635 comedit
1459 5589 1503 5629 me
1521 5573 1616 5631 multis
1633 5571 1841 5629 dehonestanti-

224 5667 365 5738 laquearia
387 5673 545 5743 preparari,
571 5690 633 5744 qne
663 5675 715 5729 etsi
740 5674 831 5730 minus
854 5680 1005 5745 appareant
1057 5675 1317 5732 busdomumtuam
1340 5685 1389 5742 per
1411 5668 1622 5742 negotiationem
1644 5665 1839 5730 Shnoniacarn,

228 5756 379 5828 splendida,
395 5776 451 5817 non
462 5763 553 5820 minus
563 5771 653 5821 tamen
667 5764 755 5822 salida
769 5778 829 5823 esse
843 5766 1005 5836 probantur,
1057 5777 1085 5826 et
1095 5767 1162 5825 alias
1177 5769 1277 5826 multas
1288 5759 1559 5837 indisciplinationes,
1573 5768 1599 5817 et
1609 5758 1840 5822 exordinationes,
