3817 6000
209 179 286 236 ts
1400 170 1933 231 oneaomffiun.
1968 203 2038 215 -
2076 171 2207 229 nm.
2244 172 2287 229 1.
2820 156 2823 160 ’
3412 174 3487 235 ts

203 293 432 349 talitate
465 303 670 350 vorata}
698 300 848 359 sunt,
875 291 952 348 ita
977 299 1159 346 autem
1190 287 1382 345 vicinae
1405 289 1510 346 sibi
1536 296 1590 346 et
1610 289 1798 345 divisae
1826 294 1871 350 Α
1898 293 2013 358 ipso
2042 297 2165 343 sunt
2193 288 2372 342 oinreia
2411 286 2588 357 (Rom.
2617 303 2694 355 xi,
2740 286 2853 359 56).
2901 290 3078 359 Atque
3105 297 3166 345 ut
3222 290 3488 349 unitatem

205 394 344 441 sunt
374 385 634 450 eonditae,
661 393 723 440 ut
754 394 810 439 et
840 382 1006 440 simui
1035 382 1148 438 sint
1192 388 1251 437 et
1277 379 1541 451 conjungi
1599 394 1806 449 nequa-

202 492 377 549 qnam
402 476 642 549 possint,
673 485 947 548 quatenus
974 475 1254 532 vicinitate
1305 472 1546 544 quadam
1574 472 1809 542 conjun-

204 579 310 625 ctae
343 569 480 637 sint,
507 569 605 626 sed
640 576 787 625 tactu
829 566 1139 638 disjunctae.
1181 565 1325 634 Quid
1380 580 1515 638 ergo
1541 570 1808 620 micantes

205 660 484 727 Pleiades,
511 677 638 733 quae
684 671 740 716 et
756 669 963 732 septem
989 666 1140 726 sunt,
1168 658 1318 715 aliud
1363 672 1532 730 quam
1585 667 1808 714 sanctos

205 768 405 808 omnes
444 752 773 808 denuntiant
799 769 818 806 ε
855 750 1112 822 quiinter
1155 748 1444 822 praesentis
1477 747 1604 803 vitae
1657 758 1806 803 tene-

206 846 341 900 bras
370 843 616 916 Spiritus
655 842 992 913 septiformis
1045 841 1234 915 gratiae
1284 855 1388 897 nos
1434 839 1646 896 iumine
1679 838 1808 892 iliu-

206 944 413 1002 strant,
437 934 557 1006 qui,
585 933 660 988 ab
685 934 808 1004 ipsa
869 933 1059 988 mundi
1113 932 1326 1003 origine
1361 946 1538 1002 usque
1561 928 1635 985 ad
1687 930 1808 1001 ejus

206 1029 516 1083 terminum
560 1026 793 1082 diversis
843 1026 1181 1096 temporibus
1228 1024 1300 1080 ad
1365 1023 1806 1096 prophetandum

207 1121 392 1187 missi,
419 1120 581 1192 juxta
606 1119 814 1190 aliquid
848 1118 954 1175 sibi
985 1118 1267 1191 coitiuncti
1307 1128 1456 1185 sunt,
1501 1118 1658 1188 juxta
1701 1115 1806 1173 ali-

204 1213 344 1285 quid
374 1229 493 1269 non
519 1212 802 1282 conjuncti
828 1210 990 1268 sunt?
1019 1209 1200 1267 Steliae
1228 1210 1374 1267 enim
1407 1207 1676 1276 Pleiades,
1730 1209 1810 1264 si-

203 1317 303 1363 cut
355 1322 530 1377 supra
583 1304 790 1362 dictum
853 1302 1132 1362 vicinitate
1180 1304 1294 1374 esd,
1348 1301 1456 1359 sibi
1506 1301 1808 1372 conjunctae

206 1410 346 1459 sunt
371 1409 433 1456 et
467 1407 621 1455 tactu
658 1397 966 1467 disiunctae,
1023 1394 1192 1452 simui
1240 1392 1461 1464 quidem
1513 1390 1632 1448 sitae
1657 1401 1805 1459 sunt,

204 1501 265 1550 et
287 1501 479 1548 tamen
511 1488 654 1546 lucis
674 1502 790 1545 suae
812 1485 995 1543 radios
1030 1485 1248 1541 divisim
1289 1482 1543 1538 tundunt.
1575 1480 1652 1537 lta
1679 1496 1808 1535 san-

205 1586 283 1643 cti
311 1583 592 1651 homines,
615 1581 742 1638 aliis
760 1591 924 1652 atque
954 1578 1079 1636 aliis
1107 1578 1175 1634 ad
1214 1575 1618 1647 praedicandum
1658 1584 1803 1629 tem·

1884 381 2153 451 „ejusdem
2216 379 2501 435 Trinitatis
2556 382 2865 434 distenderet
2913 382 3165 450 pristinus
3224 382 3483 439 addidit:

1910 471 2023 544 Ipsi
2048 472 2222 543 gloria
2254 472 2310 526 in
2354 471 2548 526 saecutu
2584 474 2780 542 [inimi.
2837 470 2937 538 Qui
2989 490 3119 538 erga·
3168 488 3279 529 non
3333 473 3490 544 ipsis,

1908 565 2004 621 sed
2028 564 2129 636 ipsi
2176 562 2437 632 subdidit,
2462 580 2628 620 unum
2664 566 3001 623 flaturaliter.
3053 565 3154 620 tria
3186 566 3490 621 secundum

1907 671 2174 728 personas
2206 657 2624 728 innotuit,qnnd
2656 659 2909 727 superius
2933 659 3105 731 ipsum
3140 657 3297 714 dixit.
3323 657 3491 726 Quasi

1907 765 2039 821 ergo
2080 759 2134 805 et
2180 763 2290 805 uno
2334 749 2455 806 loco
2494 748 2736 807 Pleiades
2772 755 2889 807 sitm
2933 763 3077 815 sunt,
3114 749 3246 821 quia
3282 750 3352 805 de
3382 749 3494 805 Deo

1907 842 2249 898 concorditer
2278 842 2541 905 sentiunt,
2574 853 2630 898 et
2659 852 2841 899 tamen
2890 843 3210 913 semetipsas
3228 858 3337 898 non
3369 849 3495 898 tan-

1909 943 2065 1004 gunt,
2094 933 2246 1003 quia,
2275 934 2419 990 sicut
2440 934 2649 991 «lictum
2678 944 2783 1001 est,
2811 949 2908 1005 per
2939 933 3103 1004 hujus
3132 933 3322 989 mundi
3349 943 3494 990 tem-

1911 1027 2064 1097 poris
2097 1028 2312 1084 diversa
2364 1029 2665 1098 patiuntur.
2712 1027 2868 1097 Quod
2906 1028 3037 1100 quia
3088 1029 3259 1084 solius
3297 1028 3495 1084 divinae

1910 1118 2127 1175 virtutis
2154 1128 2315 1175 estet
2333 1121 2621 1190 disjunctis
2662 1121 2998 1192 temporibus
3028 1121 3228 1178 missos
3265 1121 3321 1176 in
3362 1122 3491 1177 fidei

1907 1211 2295 1282 praedic-atione
2314 1213 2665 1284 conjungere,
2686 1213 2793 1284 33
2816 1223 2872 1270 et
2891 1213 3247 1270 dissimilibus
3274 1214 3491 1269 virtuti-

1909 1306 2014 1361 bus
2027 1306 2337 1375 praedietoS,
2353 1306 2564 1376 fulgore
2581 1306 2902 1363 intentionis
2919 1308 3074 1364 unire
3094 1317 3240 1364 recte
3251 1307 3451 1365 dicitur
3473 1326 3488 1363 ε

1911 1394 1968 1449 N
1971 1396 2169 1466 anqnid
2184 1395 2498 1465 conjunyere
2519 1395 2711 1450 valebis
2739 1398 2990 1452 micantes
3013 1397 3197 1452 stellas
3218 1397 3488 1463 Pleiades,

1908 1501 1976 1544 ac
2017 1487 2064 1542 si
2103 1488 2288 1543 dieat:
2321 1485 2391 1542 Ut
2418 1503 2519 1557 ego
2549 1489 2642 1559 qui
2668 1504 2811 1546 unus
2835 1491 3018 1545 omnia
3072 1491 3290 1561 impleo,
3326 1501 3493 1563 atque

1914 1581 1969 1635 in
1999 1579 2227 1637 unitatis
2254 1594 2441 1647 sensu,
2491 1581 2786 1636 electorum
2830 1592 3040 1640 menies
3061 1583 3333 1654 implendo
3360 1599 3492 1640 con-

206 1680 446 1752 poribus
471 1685 824 1750 apparentes,
851 1681 907 1730 et
933 1671 1193 1743 disjuncti
1221 1678 1354 1726 sunt
1393 1683 1490 1740 per
1535 1666 1808 1723 visionem
1840 1661 1882 1716 Β
1905 1672 2100 1744 jungo,

207 1788 332 1830 suat
381 1769 666 1842 imaginiS,
701 1776 758 1824 et
808 1764 1087 1838 conjuncti
1144 1777 1243 1833 per
1284 1761 1556 1816 visionem
1587 1757 1805 1815 mentis.

207 1864 396 1921 Simul
424 1864 655 1928 micant,
686 1859 817 1933 quia
848 1872 1020 1914 urium
1070 1855 1390 1928 praedicant,
1431 1853 1527 1909 sed
1557 1867 1668 1908 non
1718 1867 1807 1908 se-

210 1956 486 2026 metipsos
543 1958 798 2022 tangunt,
851 1949 983 2020 qnia
1053 1947 1111 2003 in
1164 1945 1400 2003 diversis
1471 1942 1810 2014 temporibus

207 2048 527 2118 patiuntur.
553 2042 730 2112 Quam
754 2041 986 2099 diversis
1016 2037 1355 2110 temporibus
1379 2036 1540 2102 Abel,
1562 2035 1733 2091 isaias
1757 2043 1812 2090 et

205 2136 463 2193 loannes
493 2132 896 2207 apparuerunt!
925 2131 1086 2187 divisi
1115 2130 1344 2201 quidem
1396 2127 1625 2184 fuerunt
1668 2134 1809 2183 tem-

206 2246 372 2305 pore,
408 2230 505 2286 sed
531 2243 638 2285 non
659 2226 1071 2299 praedicatione.
1097 2221 1235 2278 Nam
1263 2221 1399 2277 Abel
1430 2217 1810 2289 Redemptor-is

209 2323 399 2380 nostri
422 2322 734 2393 passionem
764 2316 1083 2390 significans
1129 2314 1240 2385 32
1294 2328 1498 2385 agnum
1546 2310 1605 2366 in
1635 2310 1808 2367 sacri-

209 2418 309 2474 cio
343 2415 548 2471 obtulit
567 2414 637 2470 de
660 2412 822 2483 cujus
847 2410 1102 2483 passione
1127 2407 1296 2464 isaias
1316 2406 1395 2462 ait
1421 2424 1439 2460 ε
1464 2403 1614 2461 Sicut
1642 2419 1809 2474 aquus

208 2527 404 2566 coram
427 2508 673 2564 tondente
707 2523 785 2575 se,
809 2505 1125 2560 obmatescet
1150 2511 1203 2560 et
1231 2517 1336 2557 non
1353 2500 1549 2571 aperiet
1572 2513 1629 2553 os
1656 2513 1810 2553 suum

210 2602 358 2673 (lsa.
411 2617 533 2668 ιιιι,
569 2599 646 2670 7).
688 2596 767 2654 De
811 2612 924 2669 quo
963 2594 1204 2651 Ioannes
1256 2607 1478 2666 quoquc
1520 2591 1639 2647 ait:
1674 2589 1810 2644 Ecce

209 2694 400 2764 Aquas
427 2691 547 2758 Dei,
564 2693 786 2760 eccequi
809 2686 946 2741 tollit
968 2694 1184 2757 peccata
1213 2685 1396 2739 nmndi
1417 2681 1600 2754 (Joan.
1627 2698 1666 2747 t,
1689 2680 1805 2752 29),

211 2784 360 2841 Ecce
396 2783 591 2839 divisis
629 2780 854 2854 quidem
906 2778 1246 2849 temporibus
1303 2777 1486 2844 missi,
1525 2785 1580 2832 et
1624 2783 1805 2831 tamen

215 2875 580 2932 concorditer
604 2872 672 2928 de
701 2868 1083 2941 Redemptoris
1129 2866 1306 2924 nostri
1338 2866 1651 2923 innocentia
1672 2880 1804 2922 sen-

209 2971 441 3035 tientes,
463 2965 716 3022 eumdem
746 2978 948 3037 agnum
972 2963 1212 3019 loannes
1242 2959 1600 3027 ostendendo,
1633 2956 1804 3015 isaias

210 3059 580 3132 providendo,
615 3056 748 3112 Abel
791 3054 1069 3112 offerendo
1112 3053 1333 3110 locutus
1380 3061 1505 3119 est;
1539 3059 1595 3107 et
1640 3065 1804 3122 quem

208 3154 460 3209 loannes
487 3152 543 3206 in
587 3150 915 3216 ostentione,
969 3162 1133 3220 quem
1180 3145 1352 3202 isaias
1392 3144 1451 3200 in
1505 3144 1803 3211 locutione,

213 3250 371 3305 hune
416 3247 553 3303 Abel
608 3243 967 3318 significando
1017 3242 1072 3298 in
1114 3242 1370 3299 manibus
1423 3241 1615 3297 tenuit.
1665 3238 1804 3307 Quia

212 3356 353 3399 vero
377 3340 655 3413 quomodo
675 3336 921 3395 Pleiades
938 3335 1112 3392 steilae
1130 3336 1196 3392 de
1215 3332 1591 3405 Redemptoris
1617 3331 1811 3387 buma-

212 3436 391 3490 nitate
421 3433 528 3490 sibi
584 3431 886 3487 concinant
934 3428 1214 3485 diximus:
1247 3441 1396 3482 nunc
1445 3424 1723 3496 quomodo
1752 3423 1808 3477 in

213 3526 558 3585 ostendenda
590 3523 801 3580 unitate
857 3521 1145 3579 Trinitatis
1179 3518 1525 3576 concorditer
1565 3519 1806 3584 luceant,

215 3618 683 3673 demonstremus.
744 3613 988 3669 Diversis
1033 3611 1234 3683 quippe
1291 3609 1634 3681 temporibus
1681 3609 1811 3664 huie

217 3709 438 3766 mundo
471 3706 656 3774 David,
682 3705 871 3770 isaias,
902 3714 958 3760 et
985 3702 1188 3759 Paulus
1210 3701 1482 3773 apparuit,
1509 3700 1605 3757 sed
1625 3709 1808 3756 tamen

215 3803 411 3860 nuilus
426 3815 640 3865 eorum,
655 3798 813 3855 alteri
835 3797 1113 3854 diversum
1129 3793 1315 3860 sentit,
1327 3793 1456 3864 quia
1484 3792 1586 3849 etsi
1611 3800 1810 3848 semet-

216 3898 377 3968 ipsos
412 3910 526 3950 non
570 3900 837 3949 noverant
872 3888 1031 3958 iacie,
1061 3902 1233 3945 unum
1286 3895 1469 3943 tamen
1509 3883 1812 3941 didicerant

213 4006 287 4047 ex
312 3989 503 4046 divina
531 3986 861 4060 cognitione.

287 4081 466 4139 David
488 4080 690 4152 quippe
711 4087 776 4134 ut
796 4086 1076 4134 auctorem
1131 4073 1375 4130 omnium
1400 4071 1571 4129 Mum
1600 4071 1656 4127 in
1691 4069 1811 4126 Tri·

216 4175 397 4232 nitate
412 4171 744 4239 ostenderet,
765 4169 902 4226 dixit
926 4167 1248 4226 :Benedicat
1270 4183 1363 4221 nos
1383 4163 1548 4232 Deus,
1559 4163 1700 4219 Dens
1717 4179 1811 4217 no-

213 4282 352 4337 ster,
368 4266 642 4324 bestedieat
660 4280 757 4320 nos
773 4263 915 4318 Dens
935 4260 1097 4333 (Psal
1117 4276 1264 4328 1.va,
1291 4258 1448 4330 7,“8);
1472 4273 1540 4315 ac
1562 4272 1630 4313 ne
1649 4257 1810 4314 tertio

216 4362 398 4418 Deum
420 4357 736 4422 nominans,
768 4367 882 4412 tres
902 4353 1044 4410 Deos
1089 4352 1295 4410 dixisse
1330 4359 1634 4422 putaretur,
1661 4348 1810 4405 illico

216 4453 492 4509 unitatem
526 4447 770 4521 ejusdem
789 4446 1082 4504 Trinitatis
1125 4446 1416 4502 insinuans
1445 4440 1655 4500 addidit
1687 4460 1701 4497 ε
1735 4439 1806 4496 Et

216 4553 468 4602 minant
496 4558 616 4599 eam
634 4557 811 4597 omnies
832 4540 967 4611 fines
986 4548 1140 4595 terroe
1166 4536 1367 4610 (ibid.).
1392 4535 1500 4603 Qui
1526 4534 1674 4593 enim
1698 4550 1806 4591 non

215 4657 340 4707 eos,
393 4638 492 4695 sed
535 4651 662 4693 eum
711 4633 975 4695 subdidit,
1010 4646 1205 4699 unum,
1240 4629 1344 4685 tria
1392 4644 1517 4701 quae
1571 4627 1806 4696 dixerat,

218 4732 519 4790 intimavit.
562 4729 733 4787 isaias
774 4741 995 4801 quoque
1034 4742 1163 4783 cum
1213 4726 1429 4783 laudem
1480 4725 1549 4782 de
1600 4724 1808 4780 unitate

221 4825 516 4882 Trinitatis
555 4828 812 4894 aperiret,
857 4818 1114 4891 seraphin
1142 4833 1305 4875 voces
1345 4817 1660 4891 exprimens
1683 4816 1756 4871 ait
1790 4833 1803 4870 ε

218 4918 478 4984 sanem,
515 4925 763 4981 satietas,
794 4923 1010 4968 sanetus
1050 4909 1191 4983 (Iso.
1237 4925 1314 4978 vt,
1337 4910 1415 4981 3).
1444 4908 1525 4965 Ac
1551 4923 1620 4965 ne
1645 4907 1808 4964 tertio

219 5013 398 5068 Deum
414 5012 704 5065 nominans
724 5006 987 5062 unitatem
1001 5003 1202 5061 divinae
1227 4999 1810 5059 substantiaescindere

219 5105 523 5169 videretur,
544 5098 797 5172 adjunxit
828 5117 844 5154 ε
869 5096 1129 5153 Dominus
1164 5093 1309 5150 Deus
1341 5090 1575 5149 Sabaoth
1604 5091 1804 5164 (ibid).

216 5199 366 5268 Quia
387 5212 517 5269 ergo
536 5210 645 5251 non
675 5192 893 5248 Domini
944 5189 1052 5257 Dii,
1074 5188 1169 5246 sed
1195 5187 1461 5245 Dominus
1484 5186 1625 5243 Deus
1636 5184 1807 5253 addit,

223 5305 398 5346 unum
419 5288 674 5354 existere,
704 5283 853 5356 quod
885 5282 1046 5339 tertio
1070 5289 1321 5338 sanctum
1349 5285 1638 5336 vocaverat
1662 5277 1808 5332 indi-

220 5384 389 5441 eavit.
419 5380 626 5456 Paulus
676 5392 917 5451 quoque,
951 5387 1013 5433 ut
1037 5373 1411 5447 operationem
1449 5380 1654 5430 saiictae
1681 5370 1808 5426 Tri-

222 5477 415 5533 nitatis
462 5472 800 5540 ostenderet,
841 5470 921 5527 ait
954 5488 969 5526 ε
1002 5467 1089 5524 Ex
1131 5471 1269 5540 ipso,
1311 5482 1404 5537 per
1447 5466 1623 5536 ipsum
1679 5474 1728 5519 et
1752 5464 1808 5518 in

300 5656 417 5728 (tii)
447 5653 529 5712 Ex
548 5653 645 5713 lib.
673 5661 731 5714 et
755 5654 932 5727 eapite
951 5653 1155 5724 citatis,
1180 5654 1342 5725 longe
1384 5664 1509 5724 post
1540 5652 1800 5712 medium.

1983 1763 2098 1836 (49)
2133 1763 2412 1820 Pleiadum
2444 1779 2663 1835 quoquc
2697 1765 2918 1820 nomine
2948 1772 3127 1836 potest
3156 1762 3490 1822 Testamenti

1909 1855 2047 1912 Novi
2075 1857 2249 1927 gratia
2279 1855 2573 1927 designari.
2613 1854 2746 1926 lpsae
2775 1854 2975 1926 quippe
3019 1855 3188 1913 steliae
3221 1856 3487 1923 Pleiades,

1910 1949 2056 2005 sicut
2075 1957 2132 2005 et
2158 1949 2414 2019 superius
2439 1947 2701 2015 diximus,
2731 1960 2939 2019 septem
2968 1958 3115 2004 sunt.
3148 1946 3322 2005 Tanto
3359 1964 3492 2022 ergo

1914 2038 2251 2096 Testamenti
2281 2037 2418 2095 Novi
2444 2038 2673 2111 gratiam
2714 2039 2956 2110 apertius
2979 2039 3244 2107 indicant,
3284 2052 3492 2111 quanto

1910 2132 2094 2189 cuncti
2123 2131 2329 2203 liquido
2362 2131 2638 2188 cernimus
2677 2130 2823 2201 quod
2850 2146 2950 2202 per
2981 2131 3113 2187 illud
3150 2131 3334 2189 fideles
3359 2147 3493 2188 suos

1911 2220 2151 2293 Spiritus
2174 2232 2397 2279 sanctus
2431 2220 2765 2291 septiformis
2811 2222 3058 2278 muneris
3109 2221 3319 2278 lumine
3365 2221 3491 2278 iliu-

1909 2323 2069 2371 strat.
2102 2313 2431 2386 Redemptor
2476 2322 2660 2370 autem
2695 2323 2883 2370 iioster
2918 2315 2973 2369 in
3030 2329 3197 2371 carne
3241 2315 3489 2380 veniens,

1909 2402 2157 2461 Pleiades
2185 2405 2401 2473 junxit,
2437 2404 2566 2475 quia
2594 2406 2943 2476 operationes
2986 2405 3321 2476 septiformis
3370 2404 3494 2478 Spi-

1911 2499 2049 2555 ritus
2068 2498 2232 2556 simul
2262 2499 2316 2554 in
2346 2515 2427 2567 se,
2458 2509 2511 2557 et
2539 2508 2767 2556 cunctas
2787 2506 2841 2554 et
2878 2508 3162 2556 manentes
3179 2499 3388 2555 babuit.
3417 2498 3494 2555 Dc

1909 2607 2023 2663 quo
2054 2607 2152 2662 per
2176 2590 2369 2647 isaiam
2399 2592 2967 2664 diciturzliqredietar
3011 2594 3161 2664 virqa
3196 2592 3260 2648 de
3312 2592 3490 2647 radice

1907 2683 2080 2752 Iesse,
2102 2694 2154 2738 et
2189 2685 2291 2753 flos
2328 2685 2393 2739 de
2432 2686 2612 2740 radice
2643 2685 2758 2756 ejas
2795 2686 3061 2742 ascendet.
3092 2685 3165 2740 Et
3207 2687 3491 2757 requiescet

1907 2787 1960 2832 et
1987 2794 2142 2849 saper
2172 2795 2290 2832 eum
2325 2778 2558 2850 Spiritus
2589 2778 2829 2847 Domini,
2875 2777 3109 2851 Spiritus
3136 2781 3414 2851 sapientiae
3440 2787 3492 2833 et

1907 2871 2229 2936 intellectas.
2271 2870 2507 2944 Spiritus
2533 2873 2749 2928 consilii
2785 2882 2838 2928 et
2875 2874 3231 2946 fortitudinis,
3252 2875 3490 2947 Spiritus

1908 2967 2145 3024 scientioe
2163 2975 2212 3022 et
2232 2967 2474 3037 pietatis.
2522 2966 2593 3023 Et
2622 2966 2841 3039 replebit
2880 2983 3003 3024 eam
3027 2966 3265 3039 Spiritus
3304 2972 3493 3029 timore

1911 3058 2126 3114 Domini
2174 3057 2312 3129 (Iso.
2369 3075 2446 3126 xi,
2496 3060 2550 3127 1,
2610 3058 2690 3131 2).
2748 3058 2826 3117 De
2862 3076 2974 3133 quo
3031 3060 3327 3120 Zacharias
3372 3065 3489 3121 ait:

1911 3150 2082 3222 Super
2108 3152 2341 3222 lapidem
2368 3166 2531 3206 anum
2581 3162 2777 3224 septem
2822 3153 2965 3208 oculi
2995 3163 3121 3210 sunt
3166 3154 3356 3226 (Zaeb.
3404 3173 3489 3225 ut,

1910 3244 1990 3315 9).
2039 3243 2217 3315 Atque
2235 3243 2472 3299 iterum:
2502 3243 2573 3300 Et
2612 3247 2667 3301 in
2710 3244 3029 3301 candelabro
3053 3262 3213 3303 aureo
3258 3246 3491 3304 lacerna

1908 3347 2108 3410 septem
2131 3337 2316 3411 (Zaelt.
2349 3354 2424 3404 iv,
2448 3338 2527 3408 2).
2555 3337 2750 3396 Nullus
2795 3354 2925 3396 vero
2963 3339 3249 3397 hominum
3288 3356 3488 3413 opora-

1914 3430 2091 3486 tiones
2111 3430 2285 3488 sancti
2318 3428 2555 3501 Spiritus
2592 3430 2759 3487 simui
2787 3447 2980 3488 omnes
3008 3431 3219 3498 babuit,
3256 3434 3365 3501 njsi
3398 3450 3492 3490 so-

1914 3523 2003 3580 lus
2033 3522 2301 3580 Mediator
2327 3523 2422 3579 Dei
2467 3533 2523 3579 et
2546 3524 2855 3591 bominum,
2879 3525 3039 3596 cujus
3058 3534 3141 3583 est
3166 3525 3340 3583 isdem
3368 3525 3490 3599 Spi-

1917 3616 2079 3685 ritus,
2123 3618 2219 3689 qui
2248 3618 2316 3674 de
2342 3616 2504 3674 Patre
2529 3627 2658 3674 ante
2677 3618 2878 3675 saecula
2895 3619 3161 3690 procedit.
3190 3618 3337 3676 Bene
3358 3634 3490 3690 ergo

1911 3710 2145 3766 dicitur:
2176 3709 2346 3782 Super
2361 3711 2594 3782 lapidem
2618 3727 2782 3765 unam
2806 3720 3002 3783 septem
3029 3712 3170 3768 oculi
3184 3723 3326 3779 sant,
3361 3713 3491 3768 huic

1910 3802 2057 3856 enim
2083 3800 2244 3872 lapidi
2268 3810 2472 3872 septem
2496 3801 2687 3858 oculos
2724 3802 2925 3858 babere
2948 3811 3053 3870 est,
3085 3802 3250 3858 simui
3270 3818 3490 3879 omnem

1911 3892 2174 3949 virtutum
2197 3890 2435 3964 Spiritus
2462 3891 2798 3963 septiformis
2836 3893 3024 3964 gratiae
3072 3892 3127 3949 in
3175 3893 3490 3964 operatione

1911 3988 2169 4043 retinere.
2195 3986 2350 4043 Alius
2400 4000 2638 4057 namque
2686 3986 3048 4058 prophetiam,
3106 3985 3249 4042 alius
3306 3986 3488 4045 scien--

1913 4078 2069 4145 tiam,
2091 4077 2235 4134 alius
2261 4077 2514 4146 virtutes,
2542 4077 2685 4134 alius
2716 4093 2919 4150 genera
2949 4078 3284 4150 linguarum,
3344 4078 3487 4134 alius

1911 4169 2412 4242 interpretationem
2429 4184 2745 4226 sermonum
2770 4168 2823 4227 (1
2848 4168 2973 4226 Cor.
2993 4187 3094 4236 ιιι,
3120 4170 3173 4238 8,
3201 4171 3312 4243 li),
3326 4169 3488 4241 juxta

1911 4262 2353 4320 distributionem
2380 4263 2556 4320 sancti
2584 4262 2823 4336 Spiritus
2853 4265 3091 4336 accepit;
3129 4264 3198 4321 ad
3238 4264 3485 4321 habenda

1838 4376 1885 4433 Ι)
1914 4370 2043 4414 vero
2069 4366 2265 4413 cuncta
2291 4356 2537 4428 ejusdem
2566 4356 2805 4428 Spiritus
2827 4372 3056 4413 munera
3087 4373 3250 4415 nemo
3282 4358 3490 4429 pertin—

1916 4450 2013 4522 git.
2038 4449 2252 4505 Atvero
2289 4449 2553 4507 Conditor
2594 4459 2782 4506 noster
2819 4449 3038 4505 infirma
3081 4459 3271 4507 nostra
3309 4450 3491 4506 susci·

1909 4546 2089 4619 piens,
2111 4545 2239 4616 quia
2262 4559 2360 4616 per
2384 4544 2687 4600 divinitatis
2725 4558 2842 4599 suae
2881 4542 3177 4615 potentiam
3224 4542 3390 4599 simui
3427 4557 3491 4601 se

1907 4634 2115 4691 babere
2140 4650 2331 4691 omues
2359 4634 2534 4691 sancti
2568 4632 2806 4705 Spiritus
2844 4632 3071 4690 virtutes
3116 4632 3356 4700 edocuit,
3386 4632 3492 4688 mi-

1908 4735 2100 4783 cantes
2124 4724 2371 4782 Pleiades
2398 4725 2584 4797 procul
2620 4725 2787 4781 dubio
2827 4722 3026 4797 iungit.
3049 4724 3250 4781 Audiat
3306 4724 3491 4796 itaquo

1909 4821 2103 4877 beatus
2153 4817 2290 4875 Job:
2325 4816 2582 4889 Nunquid
2629 4818 2940 4890 conjunqere
2985 4818 3178 4873 valebis
3234 4819 3489 4874 micantes

1909 4914 2096 4971 stellas
2113 4912 2355 4968 Pleiades
2372 4920 2400 4967 2·
2420 4911 2500 4968 Ac
2521 4911 2571 4968 si
2594 4921 2779 4983 aperte
2795 4912 3069 4968 diceretur
3087 4928 3100 4964 ε
3116 4909 3327 4967 Habere
3340 4927 3492 4982 quae-

1910 5007 2044 5064 libet
2069 5005 2275 5062 lumina
2306 5004 2669 5076 quarumdam
2701 5005 2963 5061 virtutum
2987 5013 3175 5075 potes;
3216 5004 3313 5061 sed
3341 5018 3491 5059 nun-

1910 5100 2042 5174 quid
2070 5083 2325 5157 exercere
2349 5098 2515 5153 simui
2540 5113 2735 5158 omnes
2765 5096 3112 5168 operationes
3139 5096 3316 5153 sancti
3361 5093 3489 5167 Spi-

1911 5193 2052 5250 ritus
2066 5191 2311 5257 sufficis?
2355 5190 2440 5249 Me
2463 5183 2595 5265 erg'o
2623 5191 2734 5267 Μ
2781 5190 3203 5265 conjungentem
3239 5188 3487 5246 Pleiades

1910 5284 1969 5340 in
2000 5283 2214 5342 curiatis
2238 5283 2532 5340 virtutibus
2552 5282 2943 5356 contemplare,
2979 5292 3037 5341 et
3077 5292 3138 5340 tu
3180 5282 3251 5365 de
3294 5278 3488 5352 paucis

1911 5378 1982 5434 ab
2001 5378 2231 5435 elatione
2246 5391 2611 5449 compescere.
