3817 6000
85 228 288 311 *817

838 256 1391 315 couttENTAmmt
1426 257 1497 314 ΙΝ
1533 256 1870 318 Pssmtos.
1906 289 1979 302 —
2013 258 2195 317 PARS
2230 262 2271 319 1.
2308 291 2380 305 --
2416 258 2610 318 PSAL.
2645 258 2784 317 xm.

3345 261 3482 321 818*

192 377 376 441 ipsum
404 380 461 428 et
494 388 590 443 per
634 375 934 445 apostolos,
974 376 1087 431 imo
1122 385 1179 431 et
1220 393 1239 426 t
1292 374 1590 432 invisibilia
1629 376 1771 447 ejus,
1802 379 1850 437 Δ
1877 374 2023 431 Deus
2052 392 2120 433 ex
2148 376 2408 448 operibus
2433 375 2653 442 divinis,
2680 374 2916 447 amplius
2944 384 3124 433 autem
3151 387 3273 449 post
3297 393 3448 434 mor-

181 477 280 532 per
330 477 419 528 ca,
450 478 574 535 quae
616 463 758 523 facta
801 477 950 535 sunt,
1001 467 1270 524 intellecta
1328 466 1764 539 conspiciuntur,

183 556 518 625 sempiterna
559 572 781 629 qnoque
819 558 993 615 virtus
1029 560 1171 629 eius,
1210 567 1268 616 ct
1298 557 1554 615 divinitas
1581 558 1676 626 ita,
1706 567 1768 613 ut

180 647 297 703 sint
326 648 723 707 inexcusabiles
754 650 928 722 (Rom.
957 667 996 716 ι,
1016 650 1111 718 2⁰)
1141 671 1161 704 s
1197 659 1308 708 tam
1336 650 1564 724 gentiles
1599 666 1764 722 quam

180 738 384 807 Judaei,
414 742 544 813 qnia
572 758 697 798 cum
724 752 780 799 et
812 741 984 800 Judaei
1013 759 1112 815 per
1140 742 1500 815 scripturam,
1539 752 1595 800 et
1629 759 1765 816 gen-

181 833 312 890 tiles
340 849 438 904 per
470 844 780 891 creaturam
819 836 1207 908 cognovissent
1243 835 1437 902 Deum,
1474 850 1587 891 non
1625 835 1769 893 sicut

179 922 359 980 Deum
389 925 846 996 glorificaverunt,
871 936 967 983 aut
993 928 1197 999 gratias
1222 935 1472 998 egerunt,
1494 928 1590 984 sed
1615 941 1769 983 erra-

179 1028 384 1076 verunt
406 1020 461 1073 in
492 1019 917 1091 cogitationibus
944 1022 1081 1089 suis,
1097 1022 1183 1077 vel
1210 1021 1354 1077 sicut
1373 1037 1540 1094 supra
1559 1021 1767 1079 dictum

177 1118 289 1176 est,
345 1111 404 1163 in
441 1109 637 1165 studiis
681 1110 794 1165 suis
840 1110 1067 1167 omnino
1109 1111 1589 1179 inexcusabilibus,
1637 1112 1768 1183 quia

180 1200 447 1256 Dontinus
486 1202 751 1270 prospexit
797 1202 862 1256 de
905 1202 1032 1257 coeto
1079 1202 1299 1259 mittens
1336 1202 1535 1259 Filium
1580 1220 1764 1260 sunm.

180 1291 285 1348 Vel
318 1292 432 1363 ipse
463 1291 635 1348 Filius
676 1292 935 1348 Dominus
967 1294 1032 1348 de
1072 1292 1201 1348 coeto
1235 1297 1522 1366 prospexit,
1548 1296 1768 1367 quando

186 1405 210 1437 ι
250 1385 534 1441 descendit
575 1385 645 1441 dc
685 1385 860 1452 coelis,
888 1395 939 1441 et
983 1386 1302 1443 incarnatus
1327 1397 1412 1444 est
1448 1389 1514 1444 de
1559 1387 1765 1459 Spiritu

179 1484 401 1541 sancto,
423 1484 582 1531 natus
603 1490 669 1530 ex
696 1473 866 1531 Maria
887 1475 1099 1548 virgine
1123 1476 1259 1548 (40).
1275 1476 1581 1549 ›Prospexit
1600 1479 1765 1535 etiam

179 1570 249 1623 de
299 1569 484 1635 coelis,
528 1569 749 1639 quando
790 1571 963 1641 legem
1010 1570 1159 1626 dedit
1200 1568 1424 1639 Judaeis,
1456 1572 1766 1628 ordinatam

180 1675 285 1730 per
312 1659 532 1732 angelos
555 1660 804 1716 coelestes
833 1660 887 1715 in
918 1676 1083 1716 manu
1120 1661 1456 1719 mediatoris.
1486 1662 1768 1734 Prospexit

181 1769 406 1823 quoque
430 1753 498 1809 de
525 1753 699 1821 coelis,
742 1753 795 1808 id
823 1762 907 1809 cst
941 1754 1009 1809 de
1044 1755 1334 1811 animabus
1366 1756 1592 1825 sanctis,
1623 1773 1766 1828 quo-
1799 1725 1844 1785 Β

183 1863 312 1902 rum
361 1846 607 1903 doctrina
649 1845 819 1918 fulget
860 1844 1124 1914 Ecclesia,
1162 1856 1223 1905 ut
1263 1848 1378 1904 sole
1432 1848 1581 1904 luna.
1621 1848 1766 1906 Pro—

179 1939 382 2007 spexit,
414 1937 559 2004 dico,
600 1937 665 1991 de
701 1937 854 1993 coelis
891 1953 1047 2006 super
1085 1937 1228 2009 filios
1269 1938 1561 2006 hominnm,
1603 1956 1770 2012 super

179 2029 406 2087 Judaeos
446 2030 685 2097 scilicet,
715 2032 810 2101 qui
849 2029 1172 2087 honoratius
1209 2033 1621 2101 comparatione
1667 2033 1769 2090 bo-

183 2122 424 2192 minum,
459 2122 512 2177 id
546 2129 634 2177 est
664 2120 982 2189 Gentilium,
1025 2123 1284 2179 dicuntur
1319 2123 1452 2179 Filii
1495 2125 1764 2182 hominnm

182 2227 410 2287 propter
439 2216 648 2272 cultum
680 2216 843 2272 unius
870 2215 986 2271 Dci.

257 2309 343 2365 Ad
381 2308 486 2365 boc
518 2323 651 2365 sane
691 2308 984 2378 prospexit,
1024 2317 1084 2362 nt
1126 2309 1321 2375 videat,
1361 2309 1417 2365 id
1457 2320 1541 2367 est
1583 2311 1767 2367 videre

185 2403 342 2472 ipsos
372 2401 622 2457 homines
648 2399 837 2467 saciat,
857 2399 985 2470 quia
1012 2400 1150 2457 nihil
1168 2417 1294 2459 eum
1320 2400 1454 2458 latet
1480 2403 1536 2457 in
1566 2417 1648 2470 se,
1671 2403 1766 2459 sed

184 2494 391 2550 dicitur
432 2493 643 2559 videre,
685 2492 768 2550 vel
805 2507 1171 2563 cognoscere,
1205 2508 1331 2549 cum
1372 2509 1475 2551 nos
1513 2494 1648 2551 facit
1674 2510 1768 2551 co-

186 2600 474 2658 gnoscere,
511 2593 572 2641 ut
607 2584 674 2640 ad
713 2583 987 2640 Abrabam
1035 2603 1049 2639 :
1099 2603 1120 2637 t
1156 2583 1330 2653 Nunc,
1373 2585 1469 2651 ait,
1513 2587 1765 2657 cognovi,

186 2677 342 2747 quod
379 2677 566 2732 timeas
596 2674 892 2731 Dominum
922 2673 1074 2747 (Gen.
1107 2691 1243 2743 xxti,
1274 2676 1386 2747 ¹2),
1423 2696 1443 2729 ι
1470 2692 1571 2749 pro
1593 2693 1681 2744 eo,
1709 2688 1770 2735 ut

185 2769 398 2823 diceret
424 2783 438 2819 τ
473 2765 628 2822 Nunc
672 2775 724 2822 te
747 2781 1079 2838 cognoscere
1111 2766 1234 2824 l’eci.
1266 2766 1547 2840 Prospexit
1579 2769 1765 2843 igitur,

183 2870 245 2914 ut
275 2859 471 2926 videat,
505 2859 560 2914 id
590 2867 674 2914 est
700 2858 884 2915 videre
909 2875 1014 2917 nos
1042 2859 1249 2916 faciat:
1278 2859 1328 2915 si
1353 2869 1431 2915 est
1468 2859 1765 2933 intellimus

185 2951 395 3023 aliquis
446 2950 723 3008 intellectu
761 2961 818 3008 et
853 2950 1073 3024 ingenio
1116 2952 1519 3023 supernaturali
1562 2953 1768 3011 lumine

183 3044 466 3099 illustrato
495 3041 665 3098 Deum
689 3057 823 3100 esse.
846 3043 1122 3099 bominem
1159 3043 1334 3110 illum,
1360 3043 1455 3114 qui
1480 3045 1645 3100 verba
1670 3043 1767 3101 Dei

181 3136 454 3206 loquitur,
485 3135 539 3190 id
568 3146 654 3192 est
687 3136 929 3208 loquitur
967 3136 1129 3192 verba
1161 3136 1264 3193 soli
1296 3135 1408 3193 Deo
1438 3139 1771 3195 convenien-

184 3229 289 3293 tia,
313 3236 412 3283 ut:
444 3247 465 3280 ι
497 3227 609 3300 Ego
627 3236 682 3284 et
706 3225 867 3284 Pater
895 3242 1065 3282 unum
1090 3242 1283 3283 sumus
1308 3225 1491 3293 (loun.
1521 3244 1579 3291 x,
1599 3227 1711 3299 3⁰).
1747 3252 1765 3279 ι

182 3319 324 3376 item
350 3338 363 3373 z
390 3319 503 3392 qu
530 3337 647 3375 snm
676 3320 770 3376 lna:
799 3321 983 3374 mundi
1011 3317 1192 3391 (Ioan.
1231 3335 1346 3387 vut,
1381 3320 1494 3390 ¹2),
1523 3336 1618 3392 eqo
1652 3337 1771 3375 snm

184 3417 387 3471 veritos
416 3413 600 3486 (loon.
632 3431 743 3483 ιιι,
765 3414 842 3485 6),
871 3431 967 3486 eqo
993 3430 1110 3469 sum
1134 3414 1478 3484 principium,
1501 3415 1591 3485 qui
1612 3423 1663 3469 et
1687 3413 1770 3469 lo·

182 3522 329 3579 quor
368 3506 510 3561 vobis
540 3504 725 3568 (loon.
768 3521 886 3571 vtn,
929 3504 1043 3574 25).
1096 3504 1154 3560 Si
1205 3504 1322 3561 baec
1353 3505 1517 3561 verba
1546 3504 1642 3560 Dei
1690 3506 1773 3561 lo-

183 3612 369 3670 quens
417 3597 612 3654 suisset
649 3596 930 3661 mentitus,
986 3605 1048 3651 ut
1078 3595 1193 3651 ·ille
1238 3595 1474 3652 mendax
1513 3604 1568 3652 et
1610 3593 1772 3652 Pater

185 3692 491 3757 mendacii,
520 3691 615 3762 qui
651 3692 900 3746 dixerat:
931 3688 1076 3744 Dens
1098 3703 1201 3760 ego
1228 3703 1373 3755 sum,
1409 3696 1464 3744 ct
1490 3689 1548 3743 in
1581 3686 1771 3744 cathe-

186 3786 292 3841 dra
331 3782 423 3838 nei
451 3783 588 3849 sedi,
618 3792 666 3837 et
701 3780 894 3836 similis
919 3797 1007 3836 ero
1041 3777 1480 3851 Altissimo(1sa.
1513 3796 1624 3846 xlv,
1645 3777 1768 3850 tt);

189 3879 266 3945 si,
292 3878 539 3948 inquam,
575 3885 636 3932 ut
669 3875 759 3931 ille
788 3874 956 3929 verba
988 3872 1085 3929 Dei
1126 3873 1352 3944 loquens
1383 3873 1641 3928 mentitus
1663 3880 1770 3940 est,

189 3970 323 4041 quia
368 3985 468 4025 nec
519 3967 662 4024 Dens
705 3976 809 4035 est,
858 3982 958 4022 nec
992 3964 1190 4020 similis
1224 3972 1309 4022 est
1346 3964 1665 4020 Altissimo:
1697 3965 1774 4020 ita

189 4077 414 4133 quoque
441 4061 543 4116 iste
572 4059 766 4119 suisset
803 4057 1086 4124 mentituS,
1115 4072 1227 4112 non
1249 4053 1443 4112 fuisset
1471 4071 1568 4127 per
1588 4053 1771 4111 divina

190 4153 460 4210 miracula
486 4152 630 4208 Dens
656 4151 1010 4217 clarificatus,
1043 4149 1155 4205 imo
1191 4149 1338 4205 sieut
1362 4148 1472 4215 ille,
1504 4147 1579 4203 ita
1606 4149 1775 4202 etiam

191 4249 300 4305 iste
329 4246 524 4304 suisset
553 4247 619 4303 de
654 4247 765 4302 alto
792 4246 880 4302 sui
911 4244 1094 4301 cordis
1134 4244 1191 4299 in
1217 4241 1489 4299 internum
1525 4240 1774 4312 praecipi-

194 4354 362 4398 tatus.
416 4339 567 4394 Nunc
608 4347 790 4395 autem
840 4339 919 4394 sic
960 4336 1204 4408 loquenti
1246 4334 1482 4392 obedivit
1523 4342 1773 4391 ereatura

1869 470 1941 525 tis
1955 469 2320 525 obedientiam
2345 468 2638 536 exaltatus,
2652 477 2713 524 ut
2739 468 2923 525 sedeat
2934 484 3061 525 cum
3088 468 3447 541 principibus,

1868 560 1980 616 imo
2011 576 2176 631 snpra
2223 576 2415 617 omnes
2463 560 2631 617 curias
2685 560 2926 616 coelestis
2968 560 3309 630 principatus
3338 576 3447 617 nna

1868 669 1995 710 cum
2022 653 2134 709 Deo
2160 651 2321 709 Patre
2350 667 2459 709 non
2496 652 2674 709 solum
2705 653 2758 707 in
2786 652 3093 720 divinitate,
3123 652 3219 708 sed
3247 652 3304 707 in
3346 652 3450 707 liu-

1869 746 2132 802 manitate
2154 760 2375 817 quoqne
2414 762 2514 801 sua
2544 746 2742 803 solium
2772 744 2959 817 gloriae
3003 743 3200 800 divinae
3220 743 3446 811 tenenti,

1868 852 2018 893 nnnc
2057 836 2129 903 ei,
2178 835 2274 907 qui
2322 851 2382 893 se
2427 836 2620 902 Deum,
2667 835 2963 892 Veritatem
3012 843 3067 891 et
3108 833 3447 905 Principium

1868 928 2027 995 dixit,
2058 943 2222 984 omne
2268 944 2409 1001 genu
2447 929 2683 986 flectitur
2727 927 3053 995 eoelcstium,
3104 928 3446 983 terrestrium

1867 1030 1924 1077 et
1943 1021 2283 1077 infernorum
2310 1021 2531 1090 (Philip.
2565 1038 2626 1089 n,
2649 1020 2727 1093 9).
2754 1020 2927 1078 Tanta
2947 1020 3140 1093 gloria.
3162 1019 3446 1077 ethonore

1870 1128 2151 1185 nunquam
2197 1113 2395 1171 fuisset
2426 1123 2741 1183 coronatus,
2779 1113 2886 1170 nisi
2931 1113 3101 1170 Deum
3130 1128 3189 1169 se
3226 1111 3447 1169 fatendo

1869 1221 2058 1263 verum
2095 1206 2342 1263 dixisset.

1943 1295 2095 1352 Solet
2127 1313 2362 1369 namque
2399 1296 2544 1355 Deus
2583 1298 2886 1354 altissimus
2914 1301 3259 1353 'Fflltssl‘tthtIflt'
3287 1301 3443 1369 linium*

1869 1404 1952 1455 re,
1981 1389 2031 1444 si
2055 1389 2202 1460 quis,
2227 1402 2352 1444 cum
2391 1403 2500 1443 non
2548 1389 2641 1456 sil,
2680 1387 2881 1445 fatetur
2908 1405 2966 1445 εει
3014 1389 3174 1441 [tunm
3203 1409 3343 1454 1155&
3387 1401 3439 1441 ιιι

1869 1480 2123 1537 diabolus
2148 1481 2205 1535 in
2231 1481 2394 1544 coelo,
2424 1488 2479 1536 et
2514 1480 2882 1537 Antichristus
2912 1482 2966 1538 in
3002 1486 3199 1550 Ιι-ιιιμῑῌ
3231 1486 3316 1538 ΓΜ
3359 1502 3439 1538 5ιέ-

1868 1573 2006 1628 dens
2027 1570 2327 1629 ostendens
2347 1587 2407 1627 se
2435 1581 2694 1643 tanquam
2718 1573 2790 1629 sit
2810 1571 2954 1630 Deus
2974 1578 3154 1642 [Apus.
3190 1594 3299 1634 κη,
3327 1574 3435 1638 *ffli-

1870 1663 1938 1720 Et
1968 1665 2057 1721 ille
2085 1664 2305 1736 quidem
2348 1680 2450 1735 per
2473 1662 2788 1719 michaelem
2825 1664 3067 1735 dejectus
3108 1666 3321 1737 cogitur
3350 1681 3446 1722 co-

1869 1772 2131 1829 gnoscere
2156 1771 2217 1813 se
2257 1756 2537 1814 Altissimo
2573 1756 2805 1813 similem
2835 1771 2945 1813 non
2984 1771 3135 1823 esse;
3164 1756 3445 1812 Antichri-

1868 1860 1989 1907 stus
2033 1864 2163 1905 νει-ο
2206 1848 2413 1919 Spiritu
2464 1849 2578 1905 oris
2627 1847 2841 1903 Domini
2870 1848 3221 1918 percutietur,
3268 1856 3323 1904 et
3363 1847 3447 1906 sic

1867 1942 2224 2012 interemptus
2255 1939 2369 1998 Deo
2409 1941 2592 1996 minor
2626 1955 2751 1997 esse
2778 1948 3157 2012 cognoscetur.
3192 1939 3447 1997 Christus

1867 2043 2048 2090 antem
2075 2032 2274 2089 Filium
2302 2033 2397 2089 Dei
2426 2048 2487 2090 se
2522 2033 2841 2097 nominans,
2861 2039 2916 2087 et
2938 2032 3202 2103 gloriatus
3220 2032 3445 2089 Patrem

1868 2142 1929 2183 se
1982 2126 2183 2182 babere
2228 2124 2439 2193 Deum,
2496 2134 2659 2196 atque
2726 2124 2970 2195 seipsum
3032 2123 3274 2196 probans
3323 2138 3450 2181 esse

1868 2218 2039 2276 Deum
2083 2217 2264 2289 (loon.
2305 2235 2360 2286 x,
2407 2217 2521 2289 56),
2552 2217 2682 2289 quia
2715 2231 2904 2272 verum
2942 2221 3158 2273 locutus
3196 2223 3302 2282 est,
3343 2229 3451 2287 pro

1866 2310 2114 2366 veritatis
2151 2308 2463 2364 testimonio
2514 2304 2838 2363 interfectus
2883 2319 2950 2362 ex
2978 2304 3162 2361 divina
3197 2319 3298 2362 sna
3334 2303 3448 2358 vir·

1867 2410 1983 2458 tute
2023 2400 2341 2464 resurrexit,
2392 2409 2447 2455 et
2476 2396 2725 2455 aseendit
2758 2396 2830 2453 ad
2877 2395 3072 2462 coelos,
3096 2403 3152 2452 et
3194 2394 3349 2452 sedet
3375 2394 3449 2450 ad

1866 2492 2149 2548 dexteram
2179 2489 2276 2546 Dei
2305 2487 2484 2546 Patris
2510 2486 2926 2560 omnipotentis,
2955 2504 2979 2540 ι
3005 2486 3132 2543 data
3156 2485 3265 2542 sibi
3296 2485 3451 2542 omni

1867 2591 2136 2655 potestate
2181 2582 2238 2637 in
2287 2580 2429 2638 coelo
2474 2588 2529 2636 et
2566 2580 2622 2635 in
2661 2590 2826 2636 terra.
2870 2576 2940 2633 Et
2969 2577 3134 2649 hujus
3161 2576 3448 2648 potestatis

1867 2675 2040 2731 multa
2069 2672 2295 2730 offendit
2317 2671 2691 2743 experimenta
2725 2684 2824 2740 per
2854 2668 2939 2724 sui
2962 2667 3205 2724 nominis
3228 2665 3449 2724 confes-

1868 2779 2025 2820 sores
2046 2772 2194 2820 tanta
2227 2763 2285 2818 in
2323 2760 2530 2818 mundo
2567 2757 2779 2816 iaciens
2805 2757 3090 2825 miracula,
3114 2765 3178 2813 ut
3197 2755 3352 2811 valde
3374 2755 3450 2813 sit

1869 2854 2201 2921 mirandum,
2230 2853 2278 2910 si
2299 2853 2426 2925 quis
2464 2852 2617 2908 illum
2649 2866 2759 2906 non
2804 2850 2978 2907 credit
3016 2863 3140 2905 esse
3168 2845 3365 2913 Deum,
3392 2853 3459 2903 et

1870 2948 1917 3006 si
1947 2948 2071 3021 quis
2115 2949 2367 3020 insipiens
2414 2944 2548 3003 dicit
2584 2944 2642 3001 in
2672 2943 2828 3000 corde
2863 2957 2959 2996 suo
2980 2956 3001 2995 .·
3033 2938 3157 2995 Non
3179 2947 3258 2995 est
3283 2937 3459 2996 Deus..

1871 3038 2067 3108 Romo,
2097 3039 2192 3111 qni
2234 3047 2290 3095 et
2330 3039 2388 3094 in
2432 3052 2533 3094 sua
2563 3051 2797 3108 persona
2822 3035 3007 3091 divina
3034 3047 3198 3104 opera
3224 3029 3371 3099 iecit,
3392 3038 3467 3089 et.

1871 3151 1969 3207 per
1991 3149 2181 3191 servos
2208 3149 2339 3190 suos
2377 3132 2585 3204 majora
2621 3130 2771 3195 fecit,
2794 3130 2952 3201 juxta
2989 3127 3136 3200 qnod
3171 3127 3289 3198 ipse
3315 3143 3449 3199 pro-

1870 3227 2099 3284 miserat
2123 3226 2205 3282 sic
2231 3226 2458 3282 dicens:
2490 3243 2509 3276 t
2538 3222 2642 3291 Qui
2673 3222 2845 3279 credit
2878 3221 2935 3277 in
2967 3236 3075 3290 me,
3106 3235 3294 3291 opera,
3324 3235 3477 3291 qnae·

1870 3335 1973 3391 ego
2015 3319 2179 3384 facio,
2217 3328 2272 3375 et
2317 3319 2433 3390 ipse
2480 3315 2666 3384 faciet,
2689 3324 2745 3372 et
2790 3315 2997 3385 majora
3042 3314 3238 3370 borum
3285 3312 3462 3370 faciet

1872 3412 2056 3485 (Jocn.
2079 3426 2191 3479 xiv,
2228 3410 2339 3474 12).
2376 3429 2396 3463 ι
2423 3408 2579 3477 Quod
2609 3423 2734 3465 cum
2765 3408 2841 3463 ita
2869 3406 2944 3464 sit
2965 3403 3215 3472 evidens,
3243 3404 3449 3461 mirum

1870 3505 2129 3578 estquod
2170 3506 2312 3562 inter
2351 3503 2667 3574 insipientes
2692 3500 2913 3559 Judaeos
2963 3509 3021 3558 et
3048 3499 3299 3574 Paganos
3334 3513 3447 3555 non

1869 3608 1957 3657 est
1977 3597 2274 3670 intelliqens
2304 3612 2400 3668 per
2424 3611 2485 3651 se
2522 3596 2669 3651 bunc
2702 3593 2872 3650 Deum
2900 3608 3043 3661 esse,
3066 3601 3160 3648 attt
3181 3591 3453 3664 requirens

1871 3690 1943 3747 ab
1968 3691 2077 3747 alio
2104 3691 2335 3746 docente
2384 3688 2532 3743 bunc
2576 3685 2765 3752 Deum,
2809 3699 2974 3756 quem
3016 3683 3159 3740 dicta
3195 3692 3249 3738 et
3282 3696 3451 3753 opera

1871 3783 2199 3840 confirmant
2224 3798 2348 3840 esse
2380 3780 2572 3838 Deum.
2603 3778 2828 3850 Insuper
2855 3779 3020 3835 etiam
3055 3776 3354 3834 concordes
3390 3774 3450 3830 in

1871 3874 2194 4024 ‘²l‡::ffi⁸5,
2239 3964 2430 4021 omnes
2460 3973 2569 4019 tam
2592 3961 2766 4018 tudaei
2796 3975 2962 4032 <tuam
2999 3958 3253 4031 gentiles,
3278 3955 3449 4012 decli..

1872 4068 2128 4117 namnet
2153 4074 2184 4115 a
2198 4073 2329 4114 vero
2344 4055 2477 4124 Deo,
2490 4065 2541 4111 et
2558 4053 2719 4110 simul
2735 4053 2948 4108 inutiles
2967 4051 3099 4122 {acti
3126 4058 3249 4105 sunt
3273 4047 3343 4104 ad
3368 4047 3450 4105 si-

1873 4154 2116 4210 mulacra
2141 4152 2331 4218 multa,
2357 4158 2520 4221 prout
2535 4147 2895 4215 ducebantur,
2916 4153 3130 4202 euntes.
3153 4142 3212 4198 ln
3240 4147 3452 4198 tantum

1875 4249 2006 4320 [acti
2047 4255 2170 4302 sunt
2206 4244 2419 4300 inutiles
2459 4259 2657 4309 omnes,
2700 4241 2853 4312 quod
2885 4256 2989 4295 non
3022 4246 3122 4305 est,
3154 4237 3244 4308 qni
3283 4235 3453 4306 [aciat

1875 4340 2090 4405 bonum,
2110 4354 2212 4392 non
2241 4344 2318 4391 est
2344 4351 2508 4407 usque
2532 4334 2602 4388 od
2642 4348 2829 4400 unum,
2858 4330 3002 4388 sicut
3041 4343 3206 4400 supra
3236 4334 3321 4382 est
3353 4340 3453 4381 ex-

193 4435 341 4490 sicut
380 4431 647 4498 Creatori,
691 4428 912 4502 qnando
935 4445 1001 4484 ex
1032 4443 1175 4498 aqna
1216 4428 1402 4482 vinum
1442 4426 1590 4493 iecit,
1614 4435 1671 4482 et
1706 4427 1774 4482 de
1801 4437 1848 4492 1)
1875 4432 2137 4504 positum.
2160 4428 2259 4485 vel
2284 4443 2444 4498 uque
2472 4427 2541 4481 ad
2569 4440 2755 4493 mmm,
2779 4423 2833 4479 m
2860 4433 2945 4480 ρει
2974 4436 3148 4493 usque
3172 4420 3303 4476 dum
3329 4433 3452 4489 per.

193 4525 440 4596 qninque
480 4523 714 4595 panibus
748 4522 991 4593 quinque
1033 4520 1202 4576 millia
1244 4520 1529 4585 saturavit,
1556 4516 1776 4589 quando

194 4635 345 4676 cccco
379 4629 506 4674 nato
541 4619 722 4673 lumen
759 4616 927 4672 dedit.
961 4613 1205 4670 Habebat
1229 4614 1394 4684 igitur
1422 4614 1700 4684 geminum
1721 4621 1778 4669 et

196 4713 499 4785 legitimum
533 4710 932 4767 testimonium.
966 4728 985 4761 e
1034 4706 1170 4762 Nam
1200 4721 1301 4778 ego
1336 4721 1481 4772 sum,
1520 4724 1540 4758 ι
1576 4705 1773 4777 inquit,

202 4826 222 4859 ι
271 4807 365 4877 qui
391 4804 767 4861 testimonium
798 4802 1060 4873 perhibeo
1089 4801 1157 4856 dc
1189 4799 1416 4868 meipso,
1445 4806 1500 4853 et
1533 4798 1776 4853 testimo-

195 4900 350 4953 ninm
403 4897 649 4968 perbibet
693 4896 764 4952 de
811 4910 919 4961 me,
951 4894 1047 4964 qui
1092 4891 1241 4947 misit
1276 4905 1361 4945 me
1407 4888 1568 4944 Pater
1591 4888 1771 4959 (Ιοιιιι.

194 4989 462 5060 vttt,18),
506 5011 525 5042 ι
575 5000 635 5044 ιιι
685 4989 741 5043 in
776 5004 872 5044 ore
919 4987 1154 5043 duorum
1201 4983 1416 5038 testium
1461 4992 1630 5038 staret
1672 4982 1776 5038 hoc

193 5087 446 5152 verbnm,
478 5100 590 5156 quo
627 5083 926 5139 affirmatur
959 5097 1080 5137 esse
1128 5081 1294 5145 Dens,
1331 5078 1423 5148 qui
1474 5077 1638 5133 verba
1683 5075 1776 5132 Dei

195 5180 465 5249 loquitur,
496 5177 645 5249 quod
686 5186 772 5232 est
804 5191 974 5230 unum
1011 5183 1201 5230 testem
1231 5172 1462 5235 habere;
1488 5178 1543 5224 et
1577 5169 1631 5224 in
1667 5185 1777 5241 quo

195 5271 361 5326 Pater
387 5285 554 5341 opera
583 5269 767 5325 divina
804 5276 1089 5338 operatur,
1113 5265 1261 5337 quod
1287 5272 1391 5331 est,
1430 5262 1664 5318 alterum
1696 5271 1776 5318 te·

197 5375 338 5421 stem
375 5363 594 5418 habere.
632 5381 651 5414 t
687 5361 873 5428 Pater,
907 5381 925 5414 ι
958 5361 1128 5428 enim,
1163 5360 1259 5427 ait,
1293 5378 1311 5411 t
1350 5357 1406 5413 in
1431 5373 1519 5413 me
1550 5372 1779 5414 manens

196 5458 318 5527 ipse
346 5454 474 5510 facit
500 5470 666 5526 opera
705 5452 887 5523 (loun.
923 5469 1034 5521 xlv,
1063 5453 1176 5517 ¹⁰).
1224 5471 1244 5504 s
1275 5450 1340 5507 Et
1369 5451 1486 5521 ipsc
1514 5451 1567 5504 in
1597 5447 1782 5517 Patre,

196 5561 365 5621 atque
410 5565 534 5605 cum
574 5549 777 5614 Patre,
824 5547 988 5602 etiam
1032 5546 1210 5603 adbuc
1258 5545 1538 5611 mortalis,
1587 5542 1780 5600 claruit

271 5723 388 5798 (40)
427 5724 504 5781 Ex
529 5723 705 5797 symb.
735 5720 977 5779 Nicaeno.

1411 5830 1459 5840 κ».

1875 4524 2097 4582 veniant
2136 4522 2205 4580 ad
2246 4521 2531 4577 unitatem.
2577 4516 2889 4589 Sepulcrum
2927 4525 3112 4586 patens
3149 4522 3228 4569 est
3269 4519 3458 4584 qutun·

1874 4630 2079 4670 eornm.

1947 4705 2040 4766 lsti
2077 4715 2190 4764 tres
2225 4720 2417 4762 versus
2444 4719 2556 4760 non
2592 4709 2722 4756 sunt
2748 4699 2807 4755 in
2829 4697 3080 4763 Hebraeo,
3104 4710 3244 4767 quos
3268 4702 3459 4748 tamen

1875 4799 2168 4871 Apostolus
2210 4799 2266 4854 in
2310 4795 2547 4868 Epistola
2593 4793 2663 4851 ad
2704 4791 2984 4848 Romanos
3021 4788 3230 4845 inducit
3258 4794 3458 4843 contra

1876 4892 2092 4949 Judaeos
2125 4891 2194 4947 ad
2242 4904 2431 4946 eorum
2482 4885 2931 4952 confutationem,
2974 4898 3113 4955 quos
3158 4895 3313 4937 more
3350 4894 3452 4935 au-

1879 4985 2101 5042 thentici
2127 4982 2369 5039 doctoris
2396 4981 2465 5037 ad
2486 4977 2918 5037 confirmandam
2940 4972 3264 5032 sententiam
3290 4984 3455 5027 suam

1878 5093 1987 5135 non
2015 5093 2083 5133 ex
2109 5091 2241 5143 nno,
2271 5075 2366 5130 sed
2394 5091 2463 5129 ex
2497 5072 2728 5129 diversis
2774 5069 2912 5126 locis
2954 5066 3249 5138 Scripturae
3282 5060 3449 5118 colle-

1878 5170 2144 5242 git‚quem
2160 5166 2369 5222 imitata
2382 5163 2622 5222 Ecclesia
2638 5162 2817 5218 adbuc
2844 5159 3013 5217 utitur
3034 5156 3267 5230 psalmo,
3289 5158 3456 5225 prout

1880 5263 1997 5335 ipse
2019 5260 2312 5324 ordinavit,
2341 5258 2471 5330 qnia
2505 5257 2661 5314 illum
2686 5270 2797 5310 non
2829 5251 3060 5309 minoris
3085 5247 3461 5311 auctoritatis..

1879 5370 2045 5428 quam
2094 5351 2440 5410 psalmistam
2489 5364 2611 5407 esse
2650 5345 2922 5419 intelligit.
2968 5343 3216 5399 Psalmus
3269 5349 3464 5396 tamen.

1880 5449 1984 5507 iste
2011 5449 2066 5504 in
2094 5446 2448 5519 sequentibus
2484 5441 2765 5514 repetitus,
2793 5455 2890 5495 eos
2916 5453 3024 5494 non
3053 5435 3233 5492 babet.

1955 5541 2013 5599 ln
2041 5542 2128 5600 bis
2156 5549 2339 5598 autem
2370 5535 2690 5609 exponitur,
2709 5532 2942 5606 qualiter
2967 5530 3080 5600 itti,
3095 5528 3191 5602 qui
3215 5523 3470 5585 declina·—
