3817 6000
214 212 325 270 ΞΗ
1408 212 1936 291 GREGontANutt.
1973 245 2045 258 --
2085 215 2213 273 ΗΒ.
2235 217 2323 276 vt.
3398 224 3515 282 22!

215 327 450 394 transit,
486 335 544 382 et
595 325 750 390 illud,
783 324 929 396 qnod
977 326 1212 384 transire
1253 342 1362 385 non
1413 337 1648 398 poterat,
1684 330 1826 386 inte-
1854 335 1900 393 Α
1930 330 2143 400 hahuit,
2172 342 2295 404 post
2315 333 2438 406 igne
2466 334 2729 394 subversa
2770 347 2878 405 est,
2909 338 3169 408 quoniam
3217 337 3502 412 synagoga

217 422 349 477 rius
374 434 485 475 non
535 418 718 474 hahet.
753 416 910 474 Unde
937 426 1063 489 apte
1088 417 1340 475 subditur
1367 437 1386 474 ε
1415 419 1526 476 Nec
1567 422 1737 476 mittet
1764 422 1823 476 in

220 523 376 568 terra
430 510 665 565 redicem
711 526 887 565 suunt.
936 508 1080 577 Quid
1124 509 1272 567 enim
1306 526 1405 582 per
1463 520 1664 568 terram
1714 512 1822 570 uisi

217 603 356 659 vita
378 612 598 657 aeternae
644 602 1063 658 retributionem
1106 603 1450 675 accipimus?
1479 603 1656 660 Radix
1691 620 1823 662 vero

220 694 495 765 cogitatio
544 692 890 767 intelligitur.
919 691 1204 765 Superbus
1240 709 1373 766 ergo
1418 696 1474 751 in
1501 703 1648 757 terra
1674 696 1822 753 radi·

223 801 349 842 cem
394 799 552 842 suam
600 800 712 840 non
759 785 950 851 mittit,
998 787 1131 856 quia
1172 801 1458 859 nunquam
1489 786 1561 844 ad
1605 798 1825 846 aeternae

223 880 355 935 vita
374 877 713 934 desiderium
756 877 942 936 cordis
975 877 1063 935 sui
1099 877 1487 951 cogitationem
1515 879 1745 950 plantat.

299 969 458 1042 (586)
492 968 679 1026 Terrae
706 968 934 1027 nomine
972 978 1162 1028 sancta
1193 969 1440 1028 Ecclesia
1480 971 1819 1044 designatur,

223 1060 381 1119 sient
399 1062 666 1132 scriptum
697 1070 783 1117 est
815 1079 830 1117 ς
863 1059 1130 1117 Get-minet
1162 1072 1308 1119 terra
1335 1062 1549 1119 herbam
1572 1063 1824 1119 uirentem

222 1165 279 1210 et
294 1154 587 1226 [ocientem
600 1169 776 1209 semen
792 1167 814 1207 .·
829 1165 878 1210 et
894 1153 1099 1225 limium
1116 1155 1478 1226 fructiferum,
1492 1156 1693 1227 faeiem
1707 1156 1824 1227 [ru-

224 1250 551 1320 etumjnxta
573 1265 735 1321 qenm
746 1265 903 1304 suum
922 1247 1079 1321 (Gen.
1105 1249 1169 1319 t).
1190 1248 1348 1317 Quod
1366 1250 1724 1307 sieveraeiter
1738 1257 1824 1308 est

225 1342 467 1409 tactum,
489 1351 549 1398 ut
568 1341 887 1414 significans
918 1340 1249 1399 faciendum.
1274 1341 1378 1399 Per
1397 1351 1599 1401 tetram
1620 1343 1825 1415 quippe

225 1437 508 1508 figuratur
534 1432 803 1499 Ecclesia,
830 1448 957 1505 quae
985 1441 1044 1490 et
1070 1434 1223 1492 verbi
1256 1434 1458 1506 pabulo
1494 1449 1598 1494 nos
1624 1435 1820 1503 reiicit,

224 1537 285 1586 et
311 1527 612 1600 patrocinii
639 1526 965 1584 umbraculo
988 1526 1249 1587 custodit.
1277 1525 1412 1594 Quae
1452 1536 1509 1585 et
1550 1528 1823 1601 loquendo

225 1621 434 1692 pascit,
454 1628 511 1674 et
538 1617 861 1690 opitulando
883 1618 1138 1691 protegit,
1170 1627 1362 1675 utnon
1389 1618 1568 1676 solum
1597 1619 1823 1679 herbam

225 1711 553 1769 refectionis
565 1710 826 1782 proferat,
840 1710 936 1768 sed
952 1710 1261 1782 etiamlcum
1276 1708 1302 1765 s
1299 1719 1456 1768 ructu
1468 1709 1649 1783 operis
1659 1711 1824 1768 arbo-
1852 1683 1897 1742 B

227 1819 354 1860 rem
382 1801 763 1875 protectionis.
790 1799 930 1859 Hine
957 1801 1090 1859 item
1107 1802 1164 1858 in
1181 1803 1324 1859 libro
1342 1801 1486 1860 bmti
1502 1801 1606 1859 Job
1626 1801 1698 1860 de
1717 1801 1826 1858 Do-

226 1896 391 1952 mino
415 1895 618 1952 dicitur
641 1913 657 1951 ε
680 1895 787 1962 Qui
807 1895 1045 1951 extendit
1059 1895 1362 1967 aquilonem
1387 1911 1545 1966 super
1564 1909 1788 1950 vacuum
1802 1909 1822 1948 .·

225 1987 329 2058 qni
366 1985 714 2057 apprehendit
755 1993 953 2040 terrant
997 2000 1156 2055 cuper
1193 1984 1426 2041 nihilum
1477 1984 1601 2056 (lob
1645 1984 1822 2057 xxvt).

225 2077 525 2150 Aquilonis
553 2076 702 2134 enim
725 2077 948 2133 nomine
976 2075 1226 2134 diaboius
1258 2076 1522 2149 appellari
1546 2078 1706 2144 solet,
1728 2077 1824 2149 qui

231 2182 295 2227 ut
306 2168 554 2242 torporis
567 2169 768 2242 frigore
782 2170 1025 2242 gentium
1041 2170 1209 2227 corda
1219 2168 1637 2241 constringeret,
1654 2170 1791 2227 dixit
1806 2189 1820 2224 :

233 2263 562 2320 Testamenti
607 2263 663 2320 tu
703 2261 871 2318 latere
896 2262 1162 2335 aquilonis
1191 2260 1333 2331 (Isca.
1364 2262 1478 2333 xiv)
1506 2260 1679 2334 (587).
1716 2260 1824 2329 Qui

228 2368 645 2430 supervacuum
693 2354 1030 2424 extenditur,
1058 2354 1192 2426 quia
1230 2353 1322 2410 illa
1355 2353 1522 2410 eorda
1558 2353 1821 2425 possidet,

226 2464 361 2521 quae
386 2447 561 2505 divini
584 2447 793 2504 amoris
816 2446 991 2519 gratia
1033 2462 1144 2506 non
1176 2446 1478 2519 replentur.
1506 2443 1614 2502 Sed
1639 2454 1820 2502 tamen

225 2539 599 2611 omnipotenti
649 2537 885 2596 Domino
927 2536 1189 2609 suppetit,
1238 2536 1408 2594 etiam
1436 2553 1567 2595 vasa
1594 2537 1819 2604 diaboli,

226 2630 455 2690 cunctis
483 2630 783 2687 virtutibus
806 2644 1003 2697 vacua,
1038 2644 1156 2685 suae
1200 2627 1393 2702 gratiae
1437 2643 1667 2687 munere
1713 2630 1821 2685 im-

228 2725 403 2795 plere,
427 2724 562 2781 etin
604 2723 686 2780 eis
738 2721 911 2779 divini
958 2720 1176 2779 timoris
1229 2721 1562 2781 soliditatem
1590 2736 1818 2793 ponere,

223 2832 376 2888 qnos
404 2817 559 2872 nulla
596 2815 869 2888 conspicit
912 2812 1260 2872 rectitudinis
1302 2812 1518 2870 actione
1546 2813 1816 2870 roborari.

228 2907 390 2966 Uinde
410 2918 470 2964 et
503 2917 630 2980 apte
671 2907 926 2965 subditur
958 2925 974 2963 ε
1010 2905 1080 2962 Bt
1125 2907 1377 2977 appendit
1426 2916 1624 2961 terrem
1662 2923 1821 2977 super

1923 439 2048 496 quae
2071 426 2325 483 mandata
2346 425 2441 482 Dei
2471 443 2568 498 per
2599 429 2769 501 legem
2793 431 3042 502 protulit,
3061 441 3370 487 nascentem
3396 430 3472 487 Ec
3487 461 3503 472 ·

1923 517 2147 576 elesiam
2169 533 2526 591 persequens,
2565 521 2785 579 iuvidiae
2806 537 2867 580 se
2894 522 3012 579 face
3032 522 3396 593 consumpsit.
3421 523 3502 577 An

1921 625 2035 667 non
2096 611 2462 684 evigilationis
2510 630 2626 671 suae
2671 614 2886 672 facibus
2938 614 3181 679 ardebat,
3229 629 3356 670 cum
3392 606 3505 670 tte-

1923 699 2222 773 demptoris
2249 704 2422 761 nostri
2468 706 2625 779 signa
2673 708 3043 779 conspiciens,
3099 723 3195 780 per
3234 705 3502 779 quosdam

1922 808 2056 849 suos
2077 793 2284 851 diceret
2309 814 2321 851 ι
2348 796 2491 863 Quid
2536 800 2789 870 fecimus,
2831 801 2961 873 quia
3002 801 3088 856 liic
3134 800 3288 855 Ιιοιιιο
3331 798 3502 853 multa

1921 885 2078 957 siqua
2098 885 2231 957 [deit
2243 889 2269 942 ,⁹
2286 888 2472 961 (Joau.
2489 906 2567 959 xi,
2589 891 2705 964 47.)
2730 891 2826 948 Vel
2840 901 3013 949 certe:
3038 890 3238 949 Videtis
3252 892 3380 964 quia
3398 906 3504 946 non

1922 976 2254 1048 proficimus,
2326 997 2442 1037 ecce
2486 990 2627 1038 totus
2701 984 2930 1040 mundus
2989 993 3108 1056 post
3182 1000 3303 1040 eum
3357 983 3505 1040 ondit

1926 1065 2112 1136 (loen.
2144 1087 2247 1139 ιιι,
2278 1073 2393 1146 19).
2420 1073 2691 1133 videbant
2732 1076 2876 1134 unde
2908 1076 3154 1134 converti
3181 1075 3506 1142 debuerant,

1923 1168 2088 1231 atque
2118 1160 2245 1219 inde
2287 1166 2659 1235 perversiores
2692 1167 2912 1224 fiebant.
2946 1168 3273 1235 Quaerebant
3299 1167 3507 1224 exstin-

1924 1267 2091 1324 guere
2119 1269 2285 1325 quem
2309 1256 2525 1314 videbat
2554 1270 2804 1317 mortuos
2841 1260 3138 1317 vivificare.
3174 1257 3234 1316 ln
3280 1273 3379 1315 ore
3419 1267 3505 1316 te·

1924 1345 2129 1403 nebant
2152 1345 2348 1419 legem,
2391 1351 2486 1407 sed
2519 1351 2654 1423 legis
2687 1353 3157 1423 persequebantur
3200 1360 3502 1408 auctorem.

1929 1434 2094 1493 Terra
2118 1453 2269 1512 ergo,
2301 1441 2367 1497 de
2386 1459 2491 1513 qua
2513 1444 2790 1501 oriebatur
2807 1446 2987 1516 pauit,
3016 1446 3074 1500 in
3127 1445 3242 1501 loeo
3265 1460 3364 1499 suo
3388 1445 3508 1514 iane

1923 1528 2175 1587 subversa
2198 1543 2299 1600 est,
2326 1534 2454 1604 quia
2482 1533 2671 1592 Judaea
2712 1535 2767 1591 in
2795 1536 3089 1607 semetipsa
3116 1536 3270 1607 prius
3317 1535 3510 1592 habuit

1925 1620 2123 1694 legem,
2152 1638 2276 1695 quae
2304 1623 2570 1693 reticeret,
2605 1635 2661 1682 et
2696 1634 2819 1698 post
2849 1626 3111 1685 invidiam
3136 1641 3245 1697 qua
3276 1640 3337 1684 se
3368 1641 3510 1684 eon·

1925 1727 2218 1773 cremaret.

1999 1808 2153 1883 (589)
2184 1808 2369 1867 Terrae
2394 1809 2618 1866 nomine
2653 1811 2933 1882 gentilitas
2973 1811 3315 1882 designatur,
3363 1809 3508 1868 sicut

1923 1901 1980 1958 in
2021 1901 2162 1958 libro
2202 1902 2347 1960 beati
2391 1901 2497 1960 tot»
2545 1903 2915 1975 interrogante
2965 1902 3202 1960 Domino
3257 1903 3505 1962 dieitur:

1924 1990 2059 2059 Quis
2086 1993 2233 2050 dedit
2284 1995 2735 2053 vehementissimo
2779 1996 2941 2051 imbri
2990 2013 3224 2063 curcum,
3269 2007 3320 2055 et
3368 1996 3509 2052 viam

1922 2087 2164 2142 ammittis
2189 2088 2433 2156 tonitrui,
2459 2097 2515 2143 ut
2545 2088 2749 2159 plueret
2778 2103 2938 2158 super
2960 2096 3154 2145 terrent
3178 2087 3371 2159 absque
3409 2088 3506 2143 Ιιο-

1909 2177 2064 2238 ,ηιίιιε
2086 2178 2143 2232 in
2164 2176 2391 2245 deserto,
2410 2180 2502 2236 ubi
2521 2178 2702 2235 »tullus
2718 2179 2992 2235 hominum
3013 2189 3375 2234 commoratur
3400 2194 3419 2233 .·
3448 2187 3513 2235 ut

1922 2266 2165 2338 impleret
2205 2269 2404 2323 inviam
2430 2280 2481 2324 et
2536 2269 2856 2335 desolatam,
2903 2267 3071 2340 327
3097 2279 3148 2327 et
3194 2268 3509 2339 produceret

1923 2359 2112 2416 herbas
2132 2360 2356 2414 virentes
2398 2359 2520 2432 (Iob
2551 2374 2781 2426 xxxvut,
2813 2358 3028 2428 25-27).
3067 2356 3208 2425 Quid
3241 2360 3388 2415 enim
3422 2365 3511 2414 est

1924 2452 2102 2509 imber
2125 2451 2662 2519 vehementissimus,
2695 2451 2803 2509 nisi
2834 2451 2916 2509 vis
2945 2452 3213 2509 immensa
3242 2451 3507 2522 praedica-

1923 2542 2132 2601 tionis?
2186 2541 2493 2601 Vehemens
2539 2543 2714 2598 imber
2759 2551 2878 2611 est,
2923 2558 3051 2599 cum
3121 2542 3510 2614 praedicatores

1922 2635 2098 2693 saneti
2127 2636 2354 2693 credere
2396 2634 2595 2707 gaudia
2637 2645 2842 2691 aeterna
2871 2634 3122 2692 suadent.
3157 2633 3336 2690 Imber
3377 2649 3510 2689 vet-o

1922 2724 2437 2784 vehementissimus
2483 2740 2612 2782 cum
2662 2734 2882 2798 propter
2939 2740 3092 2796 spem
3143 2741 3258 2782 rem
3301 2726 3506 2790 deseri,

1921 2825 2121 2874 cuncta
2179 2816 2417 2874 visibilia
2459 2826 2683 2889 propter
2743 2816 3039 2874 invisibilia
3104 2817 3404 2885 contemni,
3453 2827 3510 2875 et

1920 2919 2144 2983 propter
2199 2909 2386 2967 audita
2433 2910 2656 2982 gaudia,
2694 2910 2980 2982 praesentis
3049 2909 3237 2965 saeculi
3291 2926 3505 2981 poenas,

224 3003 482 3059 niltilutn.
511 3001 659 3071 Quid
685 3002 833 3058 enim
881 3011 1041 3058 terrae
1077 3000 1325 3067 nomine,
1368 2999 1476 3058 nisi
1504 3008 1694 3057 sancta
1718 2999 1821 3056 Ec·
1845 3032 1889 3091 c
1925 3000 2312 3074 cruciatusque
2348 3002 2569 3060 tolerari
2599 3001 2916 3059 admonent.
2955 2999 3098 3070 Quid
3129 3018 3260 3059 vero
3289 3019 3385 3073 per
3417 3012 3505 3059 to-

225 3096 400 3155 etesia
450 3094 792 3167 designatur,
828 3109 954 3165 quae
1007 3092 1140 3149 dum
1183 3092 1352 3149 verba
1414 3090 1821 3163 prredieationis
1926 3094 2141 3151 nituum
2183 3094 2291 3151 nisi
2334 3094 2652 3166 praedicatio
2689 3094 2912 3167 superni
2947 3094 3176 3151 terroris
3206 3095 3509 3166 accipitur?

225 3188 486 3260 mscipit,
530 3186 770 3245 fructum
817 3187 950 3246 boni
1002 3185 1186 3258 operis
1233 3184 1451 3243 reddit?
1479 3183 1556 3242 De
1582 3199 1693 3257 qua
1725 3200 1821 3256 per

228 3280 477 3355 uoyaem
505 3280 710 3338 dicitur
759 3297 774 3336 ε
830 3279 1033 3335 Audiat
1061 3288 1206 3334 terra
1223 3276 1381 3335 verba
1426 3277 1538 3332 oris
1577 3276 1702 3344 mei,
1722 3290 1820 3330 ex·

223 3386 496 3446 spectetur
519 3373 664 3429 sicut
682 3372 863 3444 pluvia
882 3371 1149 3443 eloquium
1177 3386 1351 3426 meum
1388 3368 1572 3441 (Dent.
1620 3368 1817 3439 xxxtt).

225 3465 300 3522 Et
330 3465 461 3535 quid
495 3479 595 3536 per
633 3463 869 3521 nihilum
903 3464 1012 3520 nisi
1065 3462 1298 3535 gentiles
1318 3461 1485 3534 326
1516 3460 1703 3532 populi
1726 3460 1822 3516 de·

225 3556 561 3629 signantur?
593 3553 892 3628 Dequibus
941 3569 1037 3625 per
1067 3552 1389 3625 prophetam
1412 3552 1655 3610 dieitur:
1687 3549 1818 3608 Om-

228 3666 322 3706 nes
365 3660 546 3721 gentes
592 3648 736 3704 velut
774 3647 1020 3716 nihilum,
1071 3656 1123 3703 et
1177 3647 1335 3702 inane
1382 3654 1643 3717 reputatoe
1694 3655 1817 3702 runt

225 3740 378 3814 (lsai
414 3758 505 3807 ιι,
536 3741 649 3812 17).
681 3738 740 3797 ln
769 3755 838 3797 eo
864 3754 998 3812 ergo
1046 3738 1220 3795 nihilo
1254 3746 1401 3795 terra
1439 3737 1816 3809 suspenditur,

224 3835 380 3906 qnod
409 3834 567 3906 prius
587 3849 824 3890 vacuum
854 3833 927 3889 ab
955 3832 1210 3903 aquilone
1238 3831 1545 3899 tenebatur,
1568 3830 1699 3901 quia
1726 3830 1817 3886 illa

223 3927 398 3987 eorda
467 3927 755 3999 gentilium
802 3925 1008 3996 repleta
1051 3934 1181 3982 sunt
1218 3923 1490 3982 charitate
1531 3922 1648 3991 Dei,
1694 3936 1819 3993 quae

223 4034 425 4092 pressa
453 4019 609 4091 prius
631 4016 853 4075 fuerant
878 4026 1099 4089 torpore
1123 4016 1349 4074 diaboli.
1458 4023 1462 4028 '

297 4110 459 4181 (388)
485 4110 669 4168 Terrae
704 4110 927 4166 nomine
959 4108 1245 4181 synagoga
1292 4107 1633 4181 intelligitur,
1674 4106 1819 4163 sicut

222 4205 283 4261 in
309 4204 459 4260 libro
477 4202 624 4259 beati
650 4200 755 4259 tob
782 4202 1051 4273 scriptum
1072 4211 1159 4259 est
1190 4220 1205 4256 z
1246 4199 1411 4257 Terra
1437 4201 1502 4257 de
1535 4216 1642 4272 qua
1678 4201 1817 4256 orie-

223 4298 392 4351 betur
411 4295 569 4365 partie
588 4294 645 4349 in
671 4293 789 4349 loco
813 4310 931 4361 tuo,
961 4297 1082 4365 ique
1107 4293 1354 4350 subversa
1374 4301 1453 4349 eet
1472 4290 1596 4362 (lob
1620 4308 1814 4360 xxvtn,

1924 3182 2099 3253 Quem
2141 3197 2403 3243 terrorem
2460 3186 2590 3243 dum
2640 3187 2970 3258 percipiunt,
3031 3187 3270 3243 humana
3338 3187 3504 3244 cot-da

1922 3276 2268 3348 quatiuntur.
2296 3275 2403 3335 Sed
2423 3278 2554 3350 quia
2577 3277 2808 3349 quilibet
2833 3278 3159 3348 praedicator
3188 3277 3353 3338 verba
3373 3277 3507 3333 dare

1923 3373 2153 3429 auribus
2181 3379 2380 3444 potest,
2413 3372 2580 3430 corda
2626 3387 2758 3428 vero
2790 3372 3004 3444 aperire
3057 3388 3167 3429 non
3221 3380 3421 3444 potest,
3446 3386 3507 3428 se

1923 3463 2190 3523 Dominus
2211 3473 2269 3523 et
2299 3465 2490 3523 imbris
2526 3481 2774 3534 cursum,
2801 3472 2857 3521 et
2882 3465 3026 3521 viam
3071 3466 3319 3522 sonantis
3362 3464 3505 3521 toni-

1923 3558 2032 3613 trui
2056 3558 2188 3614 dare
2214 3558 2436 3625 asserit,
2478 3557 2725 3629 quicum
2756 3558 3164 3628 praedicationis
3211 3557 3376 3614 vet-ha
3408 3556 3506 3612 tri·

1921 3650 2061 3717 buit,
2084 3665 2181 3720 per
2210 3660 2474 3707 terrorem
2504 3651 2673 3707 corda
2720 3651 3060 3720 compungit.
3089 3650 3324 3722 Acci-pta
3375 3664 3507 3705 vero

1920 3739 2032 3807 via,
2057 3738 2317 3811 quidiste
2355 3740 2530 3796 imber
2560 3756 2626 3796 ae
2670 3741 2945 3796 tonitruus
2996 3750 3142 3811 agat,
3200 3739 3501 3798 subditur:

1926 3830 1996 3887 Ut
2017 3831 2219 3902 plueret
2243 3846 2401 3901 super
2446 3839 2645 3885 terram
2669 3830 2863 3901 absque
2909 3830 3115 3884 Ιιοηιίιιε
3163 3831 3221 3886 in
3271 3830 3500 3887 deserto.

1919 3924 2063 3994 Quid
2089 3915 2337 3996 namque'
2363 3932 2562 3979 terram
2619 3921 2724 3978 nisi
2765 3921 3122 3993 gentilitatem
3166 3920 3512 3991 accipimus?

1922 4014 2229 4088 (590)Quae
2255 4015 2386 4072 dum
2431 4014 2642 4070 nullum
2693 4013 2902 4070 cultum
2952 4012 3262 4069 Divinitatis
3308 4014 3507 4080 tenuit,

1920 4109 2239 4181 nullamque
2257 4109 2314 4163 in
2343 4124 2405 4165 se
2433 4107 2670 4179 speciem
2703 4106 2829 4163 boni
2855 4106 3035 4177 operis
3062 4107 3322 4173 ostendit,
3349 4106 3500 4160 vide-

1920 4200 2047 4258 licet
2065 4201 2342 4257 desertum
2365 4198 2487 4255 suit.
2512 4197 2572 4255 In
2605 4212 2712 4269 qua
2734 4197 2864 4269 quia
2895 4196 3176 4270 legislator
3221 4211 3331 4252 non
3377 4196 3500 4264 fuit,

1919 4304 1975 4350 et
1998 4294 2092 4366 qui
2113 4292 2513 4350 annuntiatum-
2541 4292 2706 4344 [lcunt
2754 4298 3025 4360 quaereret
3049 4306 3157 4345 non
3188 4289 3313 4352 suit,
3341 4291 3498 4363 quasi

224 4393 312 4458 5).
336 4390 486 4459 Quid
511 4391 661 4448 enim
688 4402 849 4447 terrae
886 4391 1108 4448 nomine
1137 4390 1247 4448 nisi
1277 4387 1466 4447 Judaea
1504 4388 1812 4461 accipitur:
1845 4367 1892 4426 l)
1920 4386 2205 4441 hominum
2257 4388 2437 4440 nullus
2485 4384 2606 4448 tuit,
2662 4396 2714 4436 ct
2758 4384 2898 4436 sicut
2938 4382 3070 4438 wtis
3117 4382 3308 4439 bestiis
3337 4398 3505 4437 occu·

227 4482 359 4540 ssaee
382 4491 553 4549 terra,
600 4482 653 4539 id
674 4488 762 4539 est
779 4481 966 4539 Judaea
995 4497 1188 4554 panem
1237 4482 1370 4539 dare
1434 4488 1815 4549 consueverat,

226 4594 355 4651 quae
382 4576 522 4649 tegis
546 4575 713 4633 verba
740 4574 1073 4647 proferebat.
1122 4574 1300 4643 Quam
1329 4574 1580 4633 videlieet
1619 4575 1815 4647 legem,

226 4670 360 4741 qnia
398 4667 707 4741 intelligere
757 4667 873 4739 jam
904 4667 1124 4739 reprobi
1148 4675 1313 4739 atque
1365 4667 1661 4738 explanare
1707 4682 1816 4723 non

227 4769 507 4832 poterant,
570 4759 835 4832 propbeta
894 4758 1163 4817 ieremias
1214 4759 1270 4816 in
1334 4758 1817 4817 lamentationibus

228 4851 481 4924 deplorat
528 4854 769 4911 dicens:
808 4851 1032 4908 Parvuli
1083 4854 1345 4924 petierunt
1377 4868 1587 4924 panem,
1630 4862 1679 4907 et
1727 4852 1818 4923 qui

228 4944 498 5017 frangeret
521 4947 598 5000 eis
623 4961 732 4999 non
759 4952 876 5000 erat
905 4943 1124 5015 (Thren.
1169 4960 1245 5010 tv,
1270 4943 1348 5015 t).
1378 4942 1484 4998 Sed
1507 4942 1623 4998 haec
1676 4951 1816 4997 tert-a

227 5035 288 5093 in
313 5037 437 5094 loco
458 5052 562 5094 suo
591 5036 721 5108 igne
743 5035 1007 5093 subversa
1050 5043 1156 5103 est,
1186 5035 1317 5106 quia
1373 5033 1614 5090 fidelium
1662 5031 1817 5104 signa

226 5129 578 5201 conspiciens
599 5126 821 5185 invidiae
842 5127 960 5185 face
986 5143 1047 5185 se
1078 5126 1469 5186 concremavit.
1500 5124 1639 5193 Quia
1668 5124 1818 5180 enim

226 5224 297 5279 de
317 5221 581 5292 superbia
609 5235 827 5292 semper
848 5220 1054 5278 invidia
1086 5219 1238 5278 nasei
1288 5219 1448 5288 solet,
1484 5220 1539 5275 in
1565 5218 1685 5275 loco
1714 5232 1822 5275 suo

227 5314 356 5387 igne
394 5314 597 5385 periit:
630 5329 756 5385 qua·¹
782 5313 990 5371 idcirco
1022 5313 1159 5370 arsit
1212 5311 1438 5378 invidia,
1466 5310 1594 5383 quia
1624 5326 1817 5384 super-

226 5407 379 5466 biam
440 5422 554 5463 non
599 5406 842 5479 reliquit.
900 5404 1070 5463 Terra
1102 5422 1234 5476 ergo
1262 5421 1386 5477 quae
1441 5405 1593 5475 prius
1620 5421 1813 5475 panem

298 5541 454 5613 (386)
485 5539 565 5598 Ex
597 5541 635 5596 l.
664 5557 756 5596 ιιι
779 5540 833 5595 in
858 5538 981 5607 tob,
1009 5556 1060 5595 c.
1093 5554 1190 5594 xtt.

298 5611 434 5677 (38¹1
482 5611 559 5667 Ex
599 5612 638 5667 l.
666 5627 779 5666 xvtt
807 5613 858 5665 in
883 5608 1006 5674 lob,
1035 5626 1084 5665 c.
1111 5626 1230 5664 xnt.

298 5616 456 5755 (5883
481 5680 560 5738 Ex
600 5683 637 5738 Ι.
670 5696 802 5737 xvttt
829 5682 883 5737 in
909 5678 1036 5749 tots,
1057 5698 1107 5737 c.
1140 5695 1237 5735 ιιι

1919 4487 2265 4551 patmum-:t
2313 4496 2337 4528 :t
2393 4480 2718 4532 tttt.n·t.··tlihns
2778 4476 3006 4528 exstitit.
3057 4473 3233 4546 Super
3298 4484 3498 4530 terrant

1919 4579 2102 4627 autem
2130 4570 2185 4625 in
2221 4572 2437 4625 tlffinrtn
2473 4572 2678 4641 pluere,
2706 4580 2790 4621 vat
2838 4568 3058 4622 tet-hum
3091 4567 3185 4622 Dei
3214 4566 3502 4638 gentilitati

1919 4664 2234 4736 praedicare.
2289 4665 2357 4717 [le
2397 4665 2493 4717 hut·
2521 4665 2718 4717 defietti
2758 4673 2894 4717 turra
2922 4665 3059 4717 ulios
3092 4659 3295 4716 dicitur
3329 4678 3343 4714 ε
3392 4658 3497 4712 Po·

1919 4759 2025 4813 sttt'l
2051 4758 2106 4812 t‘tt
2138 4761 2341 4809 desert-:t
2369 4757 2498 4805 rt‘mn
2541 4753 2698 4821 Heni.
2734 4769 2882 4813 ,ιη-ιιι,
2934 4753 3040 4813 ill).
3085 4750 3162 4806 De
3184 4750 3287 4806 bac
3313 4748 3499 4822 praetli·

1920 4851 2136 4907 catione
2172 4849 2450 4918 gtfit'tltlituti
2489 4861 2746 4901 tt„tllsst“··33··³.1
2794 4845 3085 4900 Pentntista
3122 4850 3373 4911 testatur,
3419 4841 3499 4896 di·

1919 4957 2095 4999 cens:
2129 4939 2321 4995 Posuit
2371 4938 2595 5008 flumina
2632 4937 2689 4991 in
2732 4934 2936 4991 deserto
2985 4933 3155 5006 (Psoi,
3229 4949 3337 4998 cvl,
3377 4933 3492 5004 53).

1921 5033 2077 5091 Dedit
2103 5047 2233 5103 ergo
2264 5028 2531 5085 Dominus
2567 5026 3053 5084 vehementissimo
3076 5024 3239 5081 imbri
3270 5039 3497 5081 cursum

1919 5137 1973 5184 et
2004 5125 2148 5181 viam
2203 5121 2452 5179 sonantis
2479 5119 2729 5187 tonitrui,
2775 5129 2836 5175 ut
2875 5132 3040 5189 super
3086 5126 3286 5173 terram
3312 5116 3367 5169 in
3397 5115 3496 5168 ‹le-

1921 5225 2068 5276 serto
2091 5216 2327 5286 plueret,
2359 5221 2416 5269 et
2440 5212 2692 5284 impleret
2736 5211 2940 5267 inviam
2973 5220 3028 5266 et
3087 5209 3408 5271 desolatam,
3440 5213 3500 5259 et

1919 5311 2248 5385 produceret
2278 5306 2476 5363 herbas
2511 5306 2773 5372 virentes,
2821 5303 2876 5360 id
2911 5313 2995 5361 est
3013 5301 3268 5359 exteriori
3300 5298 3494 5371 praedi-

1919 5402 2120 5459 cationi
2168 5403 2442 5458 internam
2491 5399 2878 5470 aspirationem
2929 5395 3179 5459 eontulit,
3220 5400 3277 5448 ut
3324 5389 3492 5447 corda

1991 5537 2142 5605 (589)
2170 5535 2247 5589 Ex
2278 5535 2315 5590 l.
2346 5549 2472 5589 xxtx
2505 5535 2557 5589 in
2594 5534 2717 5599 tob,
2744 5550 2793 5589 c.
2824 5546 2920 5587 xttt
2982 5529 3071 5586 [6.

1993 5607 2143 5679 (590)
2174 5607 2254 5663 Ex
2289 5621 2408 5675 cup.
2440 5620 2551 5659 nv.
