<?xml version="1.0" encoding="UTF-8"?>
<!DOCTYPE html PUBLIC "-//W3C//DTD XHTML 1.0 Transitional//EN"
    "http://www.w3.org/TR/xhtml1/DTD/xhtml1-transitional.dtd">
<html xmlns="http://www.w3.org/1999/xhtml" xml:lang="en" lang="en">
 <head>
  <title>
</title>
<meta http-equiv="Content-Type" content="text/html;charset=utf-8" />
  <meta name='ocr-system' content='tesseract 3.04.00' />
  <meta name='ocr-capabilities' content='ocr_page ocr_carea ocr_par ocr_line ocrx_word'/>
</head>
<body>
  <div class='ocr_page' id='page_1' title='image "./patrologiaecurs169unkngoog_0743.png"; bbox 0 0 3817 6000; ppageno 0'>
   <div class='ocr_carea' id='block_1_1' title="bbox 72 204 1691 273">
    <p class='ocr_par' dir='ltr' id='par_1_1' title="bbox 72 204 1691 273">
     <span class='ocr_line' id='line_1_1' title="bbox 72 204 1691 273; baseline 0.002 -7"><span class='ocrx_word' id='word_1_1' title='bbox 72 206 143 268; x_wconf 72' lang='lat' dir='ltr'><strong><em>titt</em></strong></span> <span class='ocrx_word' id='word_1_2' title='bbox 384 205 665 265; x_wconf 75' lang='lat' dir='ltr'><strong><em>conuenturum!</em></strong></span> <span class='ocrx_word' id='word_1_3' title='bbox 685 205 718 262; x_wconf 84' lang='grc' dir='ltr'><strong><em>ΙΝ</em></strong></span> <span class='ocrx_word' id='word_1_4' title='bbox 737 204 907 263; x_wconf 71' lang='lat' dir='ltr'><strong><em>ustinus.</em></strong></span> <span class='ocrx_word' id='word_1_5' title='bbox 925 238 962 249; x_wconf 90' lang='lat'>-</span> <span class='ocrx_word' id='word_1_6' title='bbox 979 206 1070 263; x_wconf 71' lang='lat' dir='ltr'><strong>PARS</strong></span> <span class='ocrx_word' id='word_1_7' title='bbox 1088 206 1133 263; x_wconf 74' lang='lat' dir='ltr'><strong><em>li.</em></strong></span> <span class='ocrx_word' id='word_1_8' title='bbox 1153 237 1187 248; x_wconf 92' lang='lat'><em>-</em></span> <span class='ocrx_word' id='word_1_9' title='bbox 1205 205 1303 263; x_wconf 75' lang='lat' dir='ltr'>PSAL.</span> <span class='ocrx_word' id='word_1_10' title='bbox 1323 207 1381 265; x_wconf 79' lang='lat' dir='ltr'><strong><em>iil..</em></strong></span> <span class='ocrx_word' id='word_1_11' title='bbox 1620 214 1691 273; x_wconf 77' lang='lat' dir='ltr'><strong><em>lits</em></strong></span> 
     </span>
    </p>
   </div>
   <div class='ocr_carea' id='block_1_2' title="bbox 66 324 1695 2612">
    <p class='ocr_par' dir='ltr' id='par_1_2' title="bbox 66 324 1695 2427">
     <span class='ocr_line' id='line_1_2' title="bbox 70 324 1691 396; baseline 0 -10"><span class='ocrx_word' id='word_1_12' title='bbox 70 333 110 387; x_wconf 84' lang='lat' dir='ltr'><strong><em>cic</em></strong></span> <span class='ocrx_word' id='word_1_13' title='bbox 132 345 149 382; x_wconf 95' lang='lat' dir='ltr'><strong><em>a</em></strong></span> <span class='ocrx_word' id='word_1_14' title='bbox 172 327 274 382; x_wconf 80' lang='lat' dir='ltr'><strong><em>cunctis</em></strong></span> <span class='ocrx_word' id='word_1_15' title='bbox 302 325 436 380; x_wconf 76' lang='lat' dir='ltr'><strong><em>laboribus</em></strong></span> <span class='ocrx_word' id='word_1_16' title='bbox 460 325 614 381; x_wconf 74' lang='lat' dir='ltr'><strong><em>curationis</em></strong></span> <span class='ocrx_word' id='word_1_17' title='bbox 635 326 722 381; x_wconf 90' lang='lat' dir='ltr'><strong><em>locum</em></strong></span> <span class='ocrx_word' id='word_1_18' title='bbox 740 326 892 389; x_wconf 76' lang='lat' dir='ltr'><strong><em>inuenircA</em></strong></span> <span class='ocrx_word' id='word_1_19' title='bbox 908 324 982 380; x_wconf 89' lang='lat' dir='ltr'><strong><em>tione</em></strong></span> <span class='ocrx_word' id='word_1_20' title='bbox 1005 340 1038 380; x_wconf 91' lang='lat' dir='ltr'><strong><em>ac</em></strong></span> <span class='ocrx_word' id='word_1_21' title='bbox 1060 334 1233 396; x_wconf 88' lang='lat' dir='ltr'><strong><em>peccatorum</em></strong></span> <span class='ocrx_word' id='word_1_22' title='bbox 1258 340 1372 380; x_wconf 82' lang='lat' dir='ltr'><strong><em>suorum</em></strong></span> <span class='ocrx_word' id='word_1_23' title='bbox 1393 324 1567 383; x_wconf 84' lang='lat' dir='ltr'><strong><em>canlcssione</em></strong></span> <span class='ocrx_word' id='word_1_24' title='bbox 1588 327 1691 387; x_wconf 82' lang='lat' dir='ltr'><strong><em>diceret</em></strong></span> 
     </span>
     <span class='ocr_line' id='line_1_3' title="bbox 69 414 1687 491; baseline 0.001 -16"><span class='ocrx_word' id='word_1_25' title='bbox 69 418 242 488; x_wconf 76' lang='lat' dir='ltr'><strong><em>concupiscit.</em></strong></span> <span class='ocrx_word' id='word_1_26' title='bbox 260 414 311 471; x_wconf 87' lang='lat' dir='ltr'><strong><em>Sed</em></strong></span> <span class='ocrx_word' id='word_1_27' title='bbox 323 416 385 488; x_wconf 88' lang='lat' dir='ltr'><strong><em>quia</em></strong></span> <span class='ocrx_word' id='word_1_28' title='bbox 396 415 424 469; x_wconf 93' lang='lat' dir='ltr'><strong><em>in</em></strong></span> <span class='ocrx_word' id='word_1_29' title='bbox 435 416 483 470; x_wconf 90' lang='lat' dir='ltr'><strong><em>bac</em></strong></span> <span class='ocrx_word' id='word_1_30' title='bbox 495 416 551 470; x_wconf 90' lang='lat' dir='ltr'><strong><em>oita</em></strong></span> <span class='ocrx_word' id='word_1_31' title='bbox 564 415 650 470; x_wconf 88' lang='lat' dir='ltr'><strong><em>adlrnc</em></strong></span> <span class='ocrx_word' id='word_1_32' title='bbox 663 417 764 487; x_wconf 83' lang='lat' dir='ltr'><strong><em>positus</em></strong></span> <span class='ocrx_word' id='word_1_33' title='bbox 774 417 802 470; x_wconf 92' lang='lat' dir='ltr'><strong><em>in</em></strong></span> <span class='ocrx_word' id='word_1_34' title='bbox 813 433 857 471; x_wconf 86' lang='lat' dir='ltr'><strong><em>cu·</em></strong></span> <span class='ocrx_word' id='word_1_35' title='bbox 904 418 1014 474; x_wconf 78' lang='lat' dir='ltr'><strong><em>assidue</em></strong></span> <span class='ocrx_word' id='word_1_36' title='bbox 1036 417 1090 472; x_wconf 90' lang='lat' dir='ltr'><strong><em>tale</em></strong></span> <span class='ocrx_word' id='word_1_37' title='bbox 1113 417 1226 488; x_wconf 89' lang='lat' dir='ltr'><strong><em>aliquid,</em></strong></span> <span class='ocrx_word' id='word_1_38' title='bbox 1243 419 1325 488; x_wconf 89' lang='lat' dir='ltr'><strong><em>quale</em></strong></span> <span class='ocrx_word' id='word_1_39' title='bbox 1344 417 1388 473; x_wconf 90' lang='lat' dir='ltr'><strong><em>his</em></strong></span> <span class='ocrx_word' id='word_1_40' title='bbox 1398 418 1490 473; x_wconf 83' lang='lat' dir='ltr'><strong><em>verbis</em></strong></span> <span class='ocrx_word' id='word_1_41' title='bbox 1501 421 1664 491; x_wconf 73' lang='lat' dir='ltr'><strong><em>exprimitur</em></strong></span> <span class='ocrx_word' id='word_1_42' title='bbox 1680 442 1687 477; x_wconf 73' lang='grc' dir='ltr'>ε</span> 
     </span>
     <span class='ocr_line' id='line_1_4' title="bbox 66 509 1689 581; baseline -0.001 -15"><span class='ocrx_word' id='word_1_43' title='bbox 66 512 178 581; x_wconf 78' lang='lat' dir='ltr'><strong><em>inslibet</em></strong></span> <span class='ocrx_word' id='word_1_44' title='bbox 199 510 300 565; x_wconf 87' lang='lat' dir='ltr'><strong><em>ordinis</em></strong></span> <span class='ocrx_word' id='word_1_45' title='bbox 315 516 412 564; x_wconf 80' lang='lat' dir='ltr'><strong><em>secreto</em></strong></span> <span class='ocrx_word' id='word_1_46' title='bbox 424 524 526 564; x_wconf 76' lang='lat' dir='ltr'><strong><em>rectem</em></strong></span> <span class='ocrx_word' id='word_1_47' title='bbox 551 509 635 564; x_wconf 81' lang='lat' dir='ltr'><strong><em>nitere</em></strong></span> <span class='ocrx_word' id='word_1_48' title='bbox 656 510 713 564; x_wconf 87' lang='lat' dir='ltr'><strong><em>sine</em></strong></span> <span class='ocrx_word' id='word_1_49' title='bbox 731 509 856 564; x_wconf 89' lang='lat' dir='ltr'><strong><em>tentatio·</em></strong></span> <span class='ocrx_word' id='word_1_50' title='bbox 905 509 1173 581; x_wconf 64' lang='lat' dir='ltr'><strong><em>lipodisidlominc,</em></strong></span> <span class='ocrx_word' id='word_1_51' title='bbox 1186 512 1308 564; x_wconf 80' lang='lat' dir='ltr'><strong><em>mirerere</em></strong></span> <span class='ocrx_word' id='word_1_52' title='bbox 1322 511 1582 578; x_wconf 84' lang='lat' dir='ltr'><strong><em>arei,sanaanimnm</em></strong></span> <span class='ocrx_word' id='word_1_53' title='bbox 1594 529 1689 579; x_wconf 88' lang='lat' dir='ltr'><strong><em>meam,</em></strong></span> 
     </span>
     <span class='ocr_line' id='line_1_5' title="bbox 70 597 1688 676; baseline 0.002 -19"><span class='ocrx_word' id='word_1_54' title='bbox 70 602 149 657; x_wconf 83' lang='lat' dir='ltr'><strong><em>nibus</em></strong></span> <span class='ocrx_word' id='word_1_55' title='bbox 168 600 318 655; x_wconf 76' lang='lat' dir='ltr'><strong><em>nullatenus</em></strong></span> <span class='ocrx_word' id='word_1_56' title='bbox 339 607 434 670; x_wconf 87' lang='lat' dir='ltr'><strong><em>potest,</em></strong></span> <span class='ocrx_word' id='word_1_57' title='bbox 448 597 601 670; x_wconf 80' lang='lat' dir='ltr'><strong><em>plerumque</em></strong></span> <span class='ocrx_word' id='word_1_58' title='bbox 623 600 653 655; x_wconf 89' lang='lat' dir='ltr'><strong><em>in</em></strong></span> <span class='ocrx_word' id='word_1_59' title='bbox 677 616 718 668; x_wconf 87' lang='lat' dir='ltr'><strong><em>eo,</em></strong></span> <span class='ocrx_word' id='word_1_60' title='bbox 738 599 806 671; x_wconf 88' lang='lat' dir='ltr'><strong><em>quod</em></strong></span> <span class='ocrx_word' id='word_1_61' title='bbox 820 599 854 655; x_wconf 91' lang='lat' dir='ltr'><strong><em>ad</em></strong></span> <span class='ocrx_word' id='word_1_62' title='bbox 904 605 967 676; x_wconf 86' lang='lat' dir='ltr'><strong><em>quin</em></strong></span> <span class='ocrx_word' id='word_1_63' title='bbox 982 603 1087 674; x_wconf 86' lang='lat' dir='ltr'><strong><em>peccori</em></strong></span> <span class='ocrx_word' id='word_1_64' title='bbox 1100 602 1159 657; x_wconf 89' lang='lat' dir='ltr'><strong><em>tibi.</em></strong></span> <span class='ocrx_word' id='word_1_65' title='bbox 1176 601 1254 659; x_wconf 83' lang='lat' dir='ltr'><strong>Unde</strong></span> <span class='ocrx_word' id='word_1_66' title='bbox 1265 618 1319 657; x_wconf 91' lang='lat' dir='ltr'><strong><em>uon</em></strong></span> <span class='ocrx_word' id='word_1_67' title='bbox 1332 602 1483 674; x_wconf 77' lang='lat' dir='ltr'><strong><em>incongrue</em></strong></span> <span class='ocrx_word' id='word_1_68' title='bbox 1497 603 1524 657; x_wconf 90' lang='lat' dir='ltr'><strong><em>iu</em></strong></span> <span class='ocrx_word' id='word_1_69' title='bbox 1537 603 1688 670; x_wconf 73' lang='lat' dir='ltr'><strong><em>flaminica,</em></strong></span> 
     </span>
     <span class='ocr_line' id='line_1_6' title="bbox 70 689 1688 768; baseline 0.003 -21"><span class='ocrx_word' id='word_1_70' title='bbox 70 694 186 763; x_wconf 85' lang='lat' dir='ltr'><strong><em>requiem</em></strong></span> <span class='ocrx_word' id='word_1_71' title='bbox 193 692 365 758; x_wconf 86' lang='lat' dir='ltr'><strong><em>construitur,</em></strong></span> <span class='ocrx_word' id='word_1_72' title='bbox 374 690 460 762; x_wconf 79' lang='lat' dir='ltr'><strong><em>orojor</em></strong></span> <span class='ocrx_word' id='word_1_73' title='bbox 470 689 546 745; x_wconf 89' lang='lat' dir='ltr'><strong><em>dolor</em></strong></span> <span class='ocrx_word' id='word_1_74' title='bbox 554 692 707 747; x_wconf 88' lang='lat' dir='ltr'><strong><em>tentationis</em></strong></span> <span class='ocrx_word' id='word_1_75' title='bbox 713 693 853 747; x_wconf 84' lang='lat' dir='ltr'><strong><em>inuenitur.</em></strong></span> <span class='ocrx_word' id='word_1_76' title='bbox 905 712 959 765; x_wconf 87' lang='lat' dir='ltr'><strong><em>qua</em></strong></span> <span class='ocrx_word' id='word_1_77' title='bbox 970 696 1069 768; x_wconf 88' lang='lat' dir='ltr'><strong><em>legitur</em></strong></span> <span class='ocrx_word' id='word_1_78' title='bbox 1080 694 1255 766; x_wconf 84' lang='lat' dir='ltr'><strong><em>Euangelium</em></strong></span> <span class='ocrx_word' id='word_1_79' title='bbox 1265 694 1386 751; x_wconf 83' lang='lat' dir='ltr'><strong><em>dedivitc</em></strong></span> <span class='ocrx_word' id='word_1_80' title='bbox 1400 711 1432 752; x_wconf 92' lang='lat' dir='ltr'><strong><em>ac</em></strong></span> <span class='ocrx_word' id='word_1_81' title='bbox 1443 695 1548 752; x_wconf 80' lang='lat' dir='ltr'><strong><em>Lazaro</em></strong></span> <span class='ocrx_word' id='word_1_82' title='bbox 1560 712 1688 767; x_wconf 89' lang='lat' dir='ltr'><strong><em>paupere,</em></strong></span> 
     </span>
     <span class='ocr_line' id='line_1_7' title="bbox 72 781 1690 857; baseline 0.001 -18"><span class='ocrx_word' id='word_1_83' title='bbox 72 782 148 839; x_wconf 87' lang='lat' dir='ltr'><strong><em>llnde</em></strong></span> <span class='ocrx_word' id='word_1_84' title='bbox 157 794 181 839; x_wconf 86' lang='lat' dir='ltr'><strong><em>ct</em></strong></span> <span class='ocrx_word' id='word_1_85' title='bbox 193 793 259 838; x_wconf 89' lang='lat' dir='ltr'><strong><em>recte</em></strong></span> <span class='ocrx_word' id='word_1_86' title='bbox 267 800 313 854; x_wconf 91' lang='lat' dir='ltr'><strong><em>per</em></strong></span> <span class='ocrx_word' id='word_1_87' title='bbox 319 782 475 854; x_wconf 83' lang='lat' dir='ltr'><strong><em>Propbetam</em></strong></span> <span class='ocrx_word' id='word_1_88' title='bbox 485 781 772 841; x_wconf 77' lang='lat' dir='ltr'><strong><em>dicitursllniuersum</em></strong></span> <span class='ocrx_word' id='word_1_89' title='bbox 786 793 856 841; x_wconf 89' lang='lat' dir='ltr'><strong><em>stra·</em></strong></span> <span class='ocrx_word' id='word_1_90' title='bbox 905 786 1050 844; x_wconf 86' lang='lat' dir='ltr'><strong><em>Gradualis</em></strong></span> <span class='ocrx_word' id='word_1_91' title='bbox 1063 794 1161 842; x_wconf 76' lang='lat' dir='ltr'><strong><em>mutus</em></strong></span> <span class='ocrx_word' id='word_1_92' title='bbox 1175 783 1210 840; x_wconf 86' lang='lat' dir='ltr'><strong><em>de</em></strong></span> <span class='ocrx_word' id='word_1_93' title='bbox 1220 784 1272 840; x_wconf 87' lang='lat' dir='ltr'><strong><em>hue</em></strong></span> <span class='ocrx_word' id='word_1_94' title='bbox 1284 786 1390 856; x_wconf 89' lang='lat' dir='ltr'><strong><em>psalmo</em></strong></span> <span class='ocrx_word' id='word_1_95' title='bbox 1401 796 1527 857; x_wconf 87' lang='lat' dir='ltr'><strong><em>sumptus</em></strong></span> <span class='ocrx_word' id='word_1_96' title='bbox 1545 794 1586 842; x_wconf 89' lang='lat' dir='ltr'><strong><em>est</em></strong></span> <span class='ocrx_word' id='word_1_97' title='bbox 1607 805 1613 841; x_wconf 96' lang='lat'><strong>:</strong></span> <span class='ocrx_word' id='word_1_98' title='bbox 1633 786 1690 857; x_wconf 81' lang='lat' dir='ltr'><strong><em>Epo</em></strong></span> 
     </span>
     <span class='ocr_line' id='line_1_8' title="bbox 70 873 1689 945; baseline 0.002 -16"><span class='ocrx_word' id='word_1_99' title='bbox 70 882 129 930; x_wconf 88' lang='lat' dir='ltr'><strong><em>lum</em></strong></span> <span class='ocrx_word' id='word_1_100' title='bbox 141 874 201 944; x_wconf 83' lang='lat' dir='ltr'><strong><em>ejus</em></strong></span> <span class='ocrx_word' id='word_1_101' title='bbox 213 874 329 930; x_wconf 78' lang='lat' dir='ltr'><strong><em>versasti</em></strong></span> <span class='ocrx_word' id='word_1_102' title='bbox 347 874 376 929; x_wconf 91' lang='lat' dir='ltr'><strong><em>in</em></strong></span> <span class='ocrx_word' id='word_1_103' title='bbox 390 873 548 930; x_wconf 88' lang='lat' dir='ltr'><strong><em>iulirmilale</em></strong></span> <span class='ocrx_word' id='word_1_104' title='bbox 564 874 635 945; x_wconf 84' lang='lat' dir='ltr'><strong><em>ejus.</em></strong></span> <span class='ocrx_word' id='word_1_105' title='bbox 647 875 686 929; x_wconf 79' lang='lat' dir='ltr'><strong><em>ar</em></strong></span> <span class='ocrx_word' id='word_1_106' title='bbox 698 876 722 930; x_wconf 88' lang='lat' dir='ltr'><strong><em>si</em></strong></span> <span class='ocrx_word' id='word_1_107' title='bbox 732 876 829 931; x_wconf 88' lang='lat' dir='ltr'><strong><em>diceret</em></strong></span> <span class='ocrx_word' id='word_1_108' title='bbox 845 892 855 930; x_wconf 89' lang='lat'>:</span> <span class='ocrx_word' id='word_1_109' title='bbox 905 878 963 932; x_wconf 80' lang='lat' dir='ltr'><strong><em>dici</em></strong></span> <span class='ocrx_word' id='word_1_110' title='bbox 975 892 986 932; x_wconf 90' lang='lat'><strong><em>.·</em></strong></span> <span class='ocrx_word' id='word_1_111' title='bbox 996 875 1118 942; x_wconf 87' lang='lat' dir='ltr'><strong><em>Domine,</em></strong></span> <span class='ocrx_word' id='word_1_112' title='bbox 1134 877 1255 931; x_wconf 81' lang='lat' dir='ltr'><strong><em>miserere</em></strong></span> <span class='ocrx_word' id='word_1_113' title='bbox 1273 878 1334 944; x_wconf 91' lang='lat' dir='ltr'><strong><em>mei,</em></strong></span> <span class='ocrx_word' id='word_1_114' title='bbox 1359 894 1426 931; x_wconf 80' lang='lat' dir='ltr'><strong><em>rana</em></strong></span> <span class='ocrx_word' id='word_1_115' title='bbox 1449 878 1567 931; x_wconf 88' lang='lat' dir='ltr'><strong><em>animam</em></strong></span> <span class='ocrx_word' id='word_1_116' title='bbox 1593 894 1689 944; x_wconf 85' lang='lat' dir='ltr'><strong><em>meant,</em></strong></span> 
     </span>
     <span class='ocr_line' id='line_1_9' title="bbox 72 965 1691 1041; baseline 0.001 -19"><span class='ocrx_word' id='word_1_117' title='bbox 72 965 157 1023; x_wconf 83' lang='lat' dir='ltr'><strong><em>Omne</em></strong></span> <span class='ocrx_word' id='word_1_118' title='bbox 180 966 249 1038; x_wconf 84' lang='lat' dir='ltr'><strong><em>quod</em></strong></span> <span class='ocrx_word' id='word_1_119' title='bbox 265 966 316 1020; x_wconf 82' lang='lat' dir='ltr'><strong><em>sibi</em></strong></span> <span class='ocrx_word' id='word_1_120' title='bbox 335 966 377 1020; x_wconf 81' lang='lat' dir='ltr'><strong><em>loia</em></strong></span> <span class='ocrx_word' id='word_1_121' title='bbox 390 967 494 1037; x_wconf 88' lang='lat' dir='ltr'><strong><em>parauit</em></strong></span> <span class='ocrx_word' id='word_1_122' title='bbox 513 966 548 1020; x_wconf 88' lang='lat' dir='ltr'><strong><em>od</em></strong></span> <span class='ocrx_word' id='word_1_123' title='bbox 564 966 748 1037; x_wconf 72' lang='lat' dir='ltr'><strong><em>requiemnon</em></strong></span> <span class='ocrx_word' id='word_1_124' title='bbox 760 969 784 1022; x_wconf 93' lang='lat' dir='ltr'><strong><em>ei</em></strong></span> <span class='ocrx_word' id='word_1_125' title='bbox 798 984 856 1021; x_wconf 88' lang='lat' dir='ltr'><strong><em>mu-</em></strong></span> <span class='ocrx_word' id='word_1_126' title='bbox 905 970 1028 1038; x_wconf 86' lang='lat' dir='ltr'><strong><em>qnaniam</em></strong></span> <span class='ocrx_word' id='word_1_127' title='bbox 1041 970 1144 1038; x_wconf 85' lang='lat' dir='ltr'><strong><em>percari</em></strong></span> <span class='ocrx_word' id='word_1_128' title='bbox 1156 967 1214 1022; x_wconf 88' lang='lat' dir='ltr'><strong><em>tibi.</em></strong></span> <span class='ocrx_word' id='word_1_129' title='bbox 1230 966 1330 1022; x_wconf 83' lang='lat' dir='ltr'><strong><em>dicatas</em></strong></span> <span class='ocrx_word' id='word_1_130' title='bbox 1342 968 1386 1039; x_wconf 86' lang='lat' dir='ltr'><strong><em>qui</em></strong></span> <span class='ocrx_word' id='word_1_131' title='bbox 1401 966 1524 1039; x_wconf 83' lang='lat' dir='ltr'><strong><em>intelligit</em></strong></span> <span class='ocrx_word' id='word_1_132' title='bbox 1539 984 1616 1038; x_wconf 69' lang='lat' dir='ltr'><strong><em>cumr</em></strong></span> <span class='ocrx_word' id='word_1_133' title='bbox 1632 984 1691 1041; x_wconf 84' lang='lat' dir='ltr'><strong><em>egc-</em></strong></span> 
     </span>
     <span class='ocr_line' id='line_1_10' title="bbox 69 1058 1689 1132; baseline 0.001 -19"><span class='ocrx_word' id='word_1_134' title='bbox 69 1060 136 1114; x_wconf 86' lang='lat' dir='ltr'><strong><em>lasti</em></strong></span> <span class='ocrx_word' id='word_1_135' title='bbox 148 1058 250 1114; x_wconf 77' lang='lat' dir='ltr'><strong><em>occuito</em></strong></span> <span class='ocrx_word' id='word_1_136' title='bbox 257 1059 360 1130; x_wconf 78' lang='lat' dir='ltr'><strong><em>judicio</em></strong></span> <span class='ocrx_word' id='word_1_137' title='bbox 372 1058 407 1112; x_wconf 91' lang='lat' dir='ltr'><strong><em>ad</em></strong></span> <span class='ocrx_word' id='word_1_138' title='bbox 417 1058 650 1130; x_wconf 78' lang='lat' dir='ltr'><strong><em>perturbationem.</em></strong></span> <span class='ocrx_word' id='word_1_139' title='bbox 658 1058 734 1125; x_wconf 86' lang='lat' dir='ltr'><strong><em>Quod</em></strong></span> <span class='ocrx_word' id='word_1_140' title='bbox 746 1061 789 1131; x_wconf 93' lang='lat' dir='ltr'><strong><em>pio</em></strong></span> <span class='ocrx_word' id='word_1_141' title='bbox 797 1060 855 1131; x_wconf 87' lang='lat' dir='ltr'><strong><em>qni·</em></strong></span> <span class='ocrx_word' id='word_1_142' title='bbox 905 1077 968 1115; x_wconf 86' lang='lat' dir='ltr'><strong><em>num</em></strong></span> <span class='ocrx_word' id='word_1_143' title='bbox 980 1070 1005 1114; x_wconf 90' lang='lat' dir='ltr'><strong><em>et</em></strong></span> <span class='ocrx_word' id='word_1_144' title='bbox 1018 1060 1203 1132; x_wconf 90' lang='lat' dir='ltr'><strong><em>pauperem,in</em></strong></span> <span class='ocrx_word' id='word_1_145' title='bbox 1217 1060 1259 1115; x_wconf 85' lang='lat' dir='ltr'><strong><em>dit</em></strong></span> <span class='ocrx_word' id='word_1_146' title='bbox 1268 1060 1339 1114; x_wconf 92' lang='lat' dir='ltr'><strong><em>mala</em></strong></span> <span class='ocrx_word' id='word_1_147' title='bbox 1352 1059 1472 1114; x_wconf 79' lang='lat' dir='ltr'><strong><em>liberabit</em></strong></span> <span class='ocrx_word' id='word_1_148' title='bbox 1484 1059 1689 1115; x_wconf 78' lang='lat' dir='ltr'><strong><em>cuntDomintts.</em></strong></span> 
     </span>
     <span class='ocr_line' id='line_1_11' title="bbox 68 1149 1689 1224; baseline 0.002 -20"><span class='ocrx_word' id='word_1_149' title='bbox 68 1151 131 1205; x_wconf 87' lang='lat' dir='ltr'><strong><em>dem</em></strong></span> <span class='ocrx_word' id='word_1_150' title='bbox 143 1149 254 1205; x_wconf 84' lang='lat' dir='ltr'><strong><em>consilia</em></strong></span> <span class='ocrx_word' id='word_1_151' title='bbox 267 1151 367 1221; x_wconf 79' lang='lat' dir='ltr'><strong><em>agitur,</em></strong></span> <span class='ocrx_word' id='word_1_152' title='bbox 379 1161 407 1205; x_wconf 92' lang='lat' dir='ltr'><strong><em>ut</em></strong></span> <span class='ocrx_word' id='word_1_153' title='bbox 423 1149 502 1220; x_wconf 74' lang='lat' dir='ltr'><strong><em>buius</em></strong></span> <span class='ocrx_word' id='word_1_154' title='bbox 515 1152 732 1223; x_wconf 80' lang='lat' dir='ltr'><strong><em>peregrinationis</em></strong></span> <span class='ocrx_word' id='word_1_155' title='bbox 743 1163 856 1223; x_wconf 89' lang='lat' dir='ltr'><strong><em>tempore</em></strong></span> <span class='ocrx_word' id='word_1_156' title='bbox 905 1151 946 1209; x_wconf 76' lang='lat' dir='ltr'><strong><em>Ad</em></strong></span> <span class='ocrx_word' id='word_1_157' title='bbox 965 1152 1107 1209; x_wconf 89' lang='lat' dir='ltr'><strong><em>introitum</em></strong></span> <span class='ocrx_word' id='word_1_158' title='bbox 1123 1167 1232 1224; x_wconf 90' lang='lat' dir='ltr'><strong><em>quoque</em></strong></span> <span class='ocrx_word' id='word_1_159' title='bbox 1253 1151 1327 1207; x_wconf 86' lang='lat' dir='ltr'><strong><em>illius</em></strong></span> <span class='ocrx_word' id='word_1_160' title='bbox 1343 1152 1434 1218; x_wconf 88' lang='lat' dir='ltr'><strong><em>officii,</em></strong></span> <span class='ocrx_word' id='word_1_161' title='bbox 1452 1152 1516 1207; x_wconf 89' lang='lat' dir='ltr'><strong><em>dum</em></strong></span> <span class='ocrx_word' id='word_1_162' title='bbox 1540 1161 1689 1208; x_wconf 88' lang='lat' dir='ltr'><strong><em>cantatur:</em></strong></span> 
     </span>
     <span class='ocr_line' id='line_1_12' title="bbox 68 1242 1692 1316; baseline 0.005 -20"><span class='ocrx_word' id='word_1_163' title='bbox 68 1242 213 1297; x_wconf 88' lang='lat' dir='ltr'><strong><em>electorum</em></strong></span> <span class='ocrx_word' id='word_1_164' title='bbox 224 1243 279 1297; x_wconf 88' lang='lat' dir='ltr'><strong><em>uita</em></strong></span> <span class='ocrx_word' id='word_1_165' title='bbox 297 1243 425 1298; x_wconf 86' lang='lat' dir='ltr'><strong><em>turbetur.</em></strong></span> <span class='ocrx_word' id='word_1_166' title='bbox 444 1242 495 1298; x_wconf 82' lang='lat' dir='ltr'><strong><em>i&#39;ia</em></strong></span> <span class='ocrx_word' id='word_1_167' title='bbox 510 1245 603 1315; x_wconf 85' lang='lat' dir='ltr'><strong><em>qnippe</em></strong></span> <span class='ocrx_word' id='word_1_168' title='bbox 613 1254 651 1300; x_wconf 85' lang='lat' dir='ltr'><strong><em>ccl</em></strong></span> <span class='ocrx_word' id='word_1_169' title='bbox 666 1246 720 1300; x_wconf 87' lang='lat' dir='ltr'><strong><em>uita</em></strong></span> <span class='ocrx_word' id='word_1_170' title='bbox 730 1262 854 1316; x_wconf 70' lang='lat' dir='ltr'><strong><em>masena,</em></strong></span> <span class='ocrx_word' id='word_1_171' title='bbox 907 1243 1026 1311; x_wconf 85' lang='lat' dir='ltr'><strong><em>Domine,</em></strong></span> <span class='ocrx_word' id='word_1_172' title='bbox 1042 1246 1069 1300; x_wconf 90' lang='lat' dir='ltr'><strong><em>in</em></strong></span> <span class='ocrx_word' id='word_1_173' title='bbox 1086 1255 1132 1299; x_wconf 91' lang='lat' dir='ltr'><strong><em>tua</em></strong></span> <span class='ocrx_word' id='word_1_174' title='bbox 1145 1246 1327 1299; x_wconf 70' lang='lat' dir='ltr'><strong><em>misericordia</em></strong></span> <span class='ocrx_word' id='word_1_175' title='bbox 1339 1245 1451 1315; x_wconf 82' lang='lat' dir='ltr'><strong><em>sperari,</em></strong></span> <span class='ocrx_word' id='word_1_176' title='bbox 1461 1260 1513 1301; x_wconf 84' lang='grc' dir='ltr'><strong><em>ιοι</em></strong></span> <span class='ocrx_word' id='word_1_177' title='bbox 1525 1245 1692 1316; x_wconf 81' lang='lat' dir='ltr'><strong><em>pauperisel</em></strong></span> 
     </span>
     <span class='ocr_line' id='line_1_13' title="bbox 68 1335 1692 1409; baseline 0.002 -20"><span class='ocrx_word' id='word_1_178' title='bbox 68 1353 123 1407; x_wconf 87' lang='lat' dir='ltr'><strong><em>qua</em></strong></span> <span class='ocrx_word' id='word_1_179' title='bbox 138 1337 173 1390; x_wconf 96' lang='lat' dir='ltr'><strong><em>ad</em></strong></span> <span class='ocrx_word' id='word_1_180' title='bbox 183 1337 299 1406; x_wconf 89' lang='lat' dir='ltr'><strong><em>patriam</em></strong></span> <span class='ocrx_word' id='word_1_181' title='bbox 313 1337 442 1391; x_wconf 86' lang='lat' dir='ltr'><strong><em>tendimus</em></strong></span> <span class='ocrx_word' id='word_1_182' title='bbox 457 1352 467 1389; x_wconf 90' lang='lat'><strong><em>.·</em></strong></span> <span class='ocrx_word' id='word_1_183' title='bbox 482 1346 508 1392; x_wconf 90' lang='lat' dir='ltr'><strong><em>ct</em></strong></span> <span class='ocrx_word' id='word_1_184' title='bbox 526 1338 624 1391; x_wconf 86' lang='lat' dir='ltr'><strong><em>idcirco</em></strong></span> <span class='ocrx_word' id='word_1_185' title='bbox 637 1338 679 1392; x_wconf 80' lang='lat' dir='ltr'><strong><em>liic</em></strong></span> <span class='ocrx_word' id='word_1_186' title='bbox 698 1338 800 1393; x_wconf 91' lang='lat' dir='ltr'><strong><em>occulta</em></strong></span> <span class='ocrx_word' id='word_1_187' title='bbox 809 1339 856 1409; x_wconf 76' lang='lat' dir='ltr'><strong><em>ju·</em></strong></span> <span class='ocrx_word' id='word_1_188' title='bbox 904 1335 982 1404; x_wconf 85' lang='lat' dir='ltr'><strong><em>egeni</em></strong></span> <span class='ocrx_word' id='word_1_189' title='bbox 1004 1343 1225 1406; x_wconf 74' lang='lat' dir='ltr'><strong><em>representatur,</em></strong></span> <span class='ocrx_word' id='word_1_190' title='bbox 1241 1336 1287 1407; x_wconf 94' lang='lat' dir='ltr'><strong><em>qui</em></strong></span> <span class='ocrx_word' id='word_1_191' title='bbox 1310 1351 1364 1391; x_wconf 89' lang='lat' dir='ltr'><strong><em>non</em></strong></span> <span class='ocrx_word' id='word_1_192' title='bbox 1377 1338 1538 1408; x_wconf 85' lang='lat' dir='ltr'><strong><em>respiciente</em></strong></span> <span class='ocrx_word' id='word_1_193' title='bbox 1549 1337 1624 1392; x_wconf 91' lang='lat' dir='ltr'><strong><em>illum</em></strong></span> <span class='ocrx_word' id='word_1_194' title='bbox 1648 1335 1692 1393; x_wconf 83' lang='lat' dir='ltr'><strong><em>di·</em></strong></span> 
     </span>
     <span class='ocr_line' id='line_1_14' title="bbox 69 1425 1690 1500; baseline -0.001 -16"><span class='ocrx_word' id='word_1_195' title='bbox 69 1429 142 1484; x_wconf 87' lang='lat' dir='ltr'><strong><em>dicio</em></strong></span> <span class='ocrx_word' id='word_1_196' title='bbox 167 1430 296 1500; x_wconf 67' lang='lat' dir='ltr'><strong><em>frequenti</em></strong></span> <span class='ocrx_word' id='word_1_197' title='bbox 317 1427 513 1499; x_wconf 87' lang='lat' dir='ltr'><strong><em>perturbatione</em></strong></span> <span class='ocrx_word' id='word_1_198' title='bbox 536 1430 707 1496; x_wconf 86' lang='lat' dir='ltr'><strong><em>conterimur,</em></strong></span> <span class='ocrx_word' id='word_1_199' title='bbox 730 1447 762 1485; x_wconf 89' lang='lat' dir='ltr'><strong><em>ac</em></strong></span> <span class='ocrx_word' id='word_1_200' title='bbox 785 1431 856 1485; x_wconf 89' lang='lat' dir='ltr'><strong><em>aiam</em></strong></span> <span class='ocrx_word' id='word_1_201' title='bbox 905 1425 961 1482; x_wconf 81' lang='lat' dir='ltr'><strong><em>rite</em></strong></span> <span class='ocrx_word' id='word_1_202' title='bbox 975 1440 1022 1496; x_wconf 87' lang='lat' dir='ltr'><strong><em>per</em></strong></span> <span class='ocrx_word' id='word_1_203' title='bbox 1033 1426 1250 1483; x_wconf 87' lang='lat' dir='ltr'><strong><em>misericordiam</em></strong></span> <span class='ocrx_word' id='word_1_204' title='bbox 1269 1426 1366 1493; x_wconf 89' lang='lat' dir='ltr'><strong><em>ullam,</em></strong></span> <span class='ocrx_word' id='word_1_205' title='bbox 1380 1427 1501 1483; x_wconf 88' lang='lat' dir='ltr'><strong><em>divinam</em></strong></span> <span class='ocrx_word' id='word_1_206' title='bbox 1513 1437 1589 1483; x_wconf 90' lang='lat' dir='ltr'><strong><em>tauto</em></strong></span> <span class='ocrx_word' id='word_1_207' title='bbox 1603 1426 1690 1500; x_wconf 81' lang='lat' dir='ltr'><strong><em>magis</em></strong></span> 
     </span>
     <span class='ocr_line' id='line_1_15' title="bbox 68 1516 1690 1593; baseline -0.001 -18"><span class='ocrx_word' id='word_1_208' title='bbox 68 1538 119 1593; x_wconf 88' lang='lat' dir='ltr'><strong><em>pro</em></strong></span> <span class='ocrx_word' id='word_1_209' title='bbox 138 1522 227 1592; x_wconf 88' lang='lat' dir='ltr'><strong><em>patrio</em></strong></span> <span class='ocrx_word' id='word_1_210' title='bbox 243 1521 397 1593; x_wconf 79' lang='lat' dir='ltr'><strong><em>diligamus.</em></strong></span> <span class='ocrx_word' id='word_1_211' title='bbox 411 1520 501 1577; x_wconf 81' lang='lat' dir='ltr'><strong><em>Solent</em></strong></span> <span class='ocrx_word' id='word_1_212' title='bbox 520 1523 589 1576; x_wconf 81' lang='lat' dir='ltr'><strong><em>naim</em></strong></span> <span class='ocrx_word' id='word_1_213' title='bbox 601 1521 720 1577; x_wconf 90' lang='lat' dir='ltr'><strong><em>nonnulli</em></strong></span> <span class='ocrx_word' id='word_1_214' title='bbox 732 1523 854 1585; x_wconf 84' lang='lat' dir='ltr'><strong><em>uiatores,</em></strong></span> <span class='ocrx_word' id='word_1_215' title='bbox 905 1516 1121 1573; x_wconf 86' lang='lat' dir='ltr'><strong><em>misericordiam</em></strong></span> <span class='ocrx_word' id='word_1_216' title='bbox 1134 1517 1263 1587; x_wconf 83' lang='lat' dir='ltr'><strong><em>sperarit,</em></strong></span> <span class='ocrx_word' id='word_1_217' title='bbox 1274 1525 1377 1588; x_wconf 89' lang='lat' dir='ltr'><strong><em>quantu</em></strong></span> <span class='ocrx_word' id='word_1_218' title='bbox 1391 1518 1426 1572; x_wconf 90' lang='lat' dir='ltr'><strong><em>ab</em></strong></span> <span class='ocrx_word' id='word_1_219' title='bbox 1444 1518 1563 1573; x_wconf 85' lang='lat' dir='ltr'><strong><em>bumana</em></strong></span> <span class='ocrx_word' id='word_1_220' title='bbox 1576 1518 1690 1574; x_wconf 88' lang='lat' dir='ltr'><strong><em>destitu-</em></strong></span> 
     </span>
     <span class='ocr_line' id='line_1_16' title="bbox 70 1610 1689 1684; baseline -0.001 -16"><span class='ocrx_word' id='word_1_221' title='bbox 70 1630 133 1668; x_wconf 88' lang='lat' dir='ltr'><strong><em>cnm</em></strong></span> <span class='ocrx_word' id='word_1_222' title='bbox 156 1629 259 1669; x_wconf 81' lang='lat' dir='ltr'><strong><em>amaria</em></strong></span> <span class='ocrx_word' id='word_1_223' title='bbox 284 1613 396 1684; x_wconf 66' lang='lat' dir='ltr'><strong><em>parturn</em></strong></span> <span class='ocrx_word' id='word_1_224' title='bbox 414 1613 441 1668; x_wconf 90' lang='lat' dir='ltr'><strong><em>in</em></strong></span> <span class='ocrx_word' id='word_1_225' title='bbox 464 1613 557 1669; x_wconf 88' lang='lat' dir='ltr'><strong><em>itinere</em></strong></span> <span class='ocrx_word' id='word_1_226' title='bbox 581 1622 658 1684; x_wconf 90' lang='lat' dir='ltr'><strong><em>prato</em></strong></span> <span class='ocrx_word' id='word_1_227' title='bbox 681 1614 854 1684; x_wconf 61' lang='lat' dir='ltr'><strong><em>conspuunt,</em></strong></span> <span class='ocrx_word' id='word_1_228' title='bbox 907 1616 961 1678; x_wconf 89' lang='lat' dir='ltr'><strong><em>lus,</em></strong></span> <span class='ocrx_word' id='word_1_229' title='bbox 978 1611 1060 1666; x_wconf 87' lang='lat' dir='ltr'><strong><em>etiam</em></strong></span> <span class='ocrx_word' id='word_1_230' title='bbox 1077 1611 1193 1667; x_wconf 87' lang='lat' dir='ltr'><strong><em>canibus</em></strong></span> <span class='ocrx_word' id='word_1_231' title='bbox 1214 1627 1275 1667; x_wconf 90' lang='lat' dir='ltr'><strong><em>eum</em></strong></span> <span class='ocrx_word' id='word_1_232' title='bbox 1295 1611 1460 1682; x_wconf 87' lang='lat' dir='ltr'><strong><em>lingentibus</em></strong></span> <span class='ocrx_word' id='word_1_233' title='bbox 1475 1610 1527 1667; x_wconf 87' lang='lat' dir='ltr'><strong><em>luit</em></strong></span> <span class='ocrx_word' id='word_1_234' title='bbox 1539 1612 1689 1682; x_wconf 83' lang='lat' dir='ltr'><strong><em>expositus.</em></strong></span> 
     </span>
     <span class='ocr_line' id='line_1_17' title="bbox 68 1701 1691 1776; baseline -0.001 -17"><span class='ocrx_word' id='word_1_235' title='bbox 68 1715 203 1776; x_wconf 80' lang='lat' dir='ltr'><strong><em>pergentes</em></strong></span> <span class='ocrx_word' id='word_1_236' title='bbox 223 1721 311 1760; x_wconf 80' lang='lat' dir='ltr'><strong><em>onorat</em></strong></span> <span class='ocrx_word' id='word_1_237' title='bbox 324 1706 463 1768; x_wconf 85' lang='lat' dir='ltr'><strong><em>innectere,</em></strong></span> <span class='ocrx_word' id='word_1_238' title='bbox 476 1712 527 1758; x_wconf 88' lang='lat' dir='ltr'><strong><em>cta</em></strong></span> <span class='ocrx_word' id='word_1_239' title='bbox 541 1705 617 1775; x_wconf 88' lang='lat' dir='ltr'><strong><em>coepti</em></strong></span> <span class='ocrx_word' id='word_1_240' title='bbox 630 1704 733 1759; x_wconf 80' lang='lat' dir='ltr'><strong><em>itineris</em></strong></span> <span class='ocrx_word' id='word_1_241' title='bbox 747 1703 857 1757; x_wconf 89' lang='lat' dir='ltr'><strong><em>rectitu·</em></strong></span> <span class='ocrx_word' id='word_1_242' title='bbox 870 1717 892 1771; x_wconf 81' lang='lat' dir='ltr'><strong><em>p</em></strong></span> <span class='ocrx_word' id='word_1_243' title='bbox 940 1701 1080 1773; x_wconf 77' lang='lat' dir='ltr'><strong><em>Contingit</em></strong></span> <span class='ocrx_word' id='word_1_244' title='bbox 1095 1717 1305 1774; x_wconf 88' lang='lat' dir='ltr'><strong><em>nonnunquam,</em></strong></span> <span class='ocrx_word' id='word_1_245' title='bbox 1320 1711 1351 1757; x_wconf 90' lang='lat' dir='ltr'><strong><em>ul</em></strong></span> <span class='ocrx_word' id='word_1_246' title='bbox 1365 1703 1444 1773; x_wconf 89' lang='lat' dir='ltr'><strong><em>quasi</em></strong></span> <span class='ocrx_word' id='word_1_247' title='bbox 1468 1704 1560 1759; x_wconf 85' lang='lat' dir='ltr'><strong><em>ulcera</em></strong></span> <span class='ocrx_word' id='word_1_248' title='bbox 1582 1703 1609 1758; x_wconf 90' lang='lat' dir='ltr'><strong><em>iu</em></strong></span> <span class='ocrx_word' id='word_1_249' title='bbox 1629 1712 1691 1759; x_wconf 88' lang='lat' dir='ltr'><strong><em>cute</em></strong></span> 
     </span>
     <span class='ocr_line' id='line_1_18' title="bbox 70 1794 1691 1871; baseline -0.001 -19"><span class='ocrx_word' id='word_1_250' title='bbox 70 1799 133 1854; x_wconf 91' lang='lat' dir='ltr'><strong><em>dine</em></strong></span> <span class='ocrx_word' id='word_1_251' title='bbox 153 1799 295 1865; x_wconf 72' lang='lat' dir='ltr'><strong><em>inalienare,</em></strong></span> <span class='ocrx_word' id='word_1_252' title='bbox 307 1815 447 1870; x_wconf 86' lang='lat' dir='ltr'><strong><em>corumque</em></strong></span> <span class='ocrx_word' id='word_1_253' title='bbox 466 1815 569 1871; x_wconf 83' lang='lat' dir='ltr'><strong><em>pressas</em></strong></span> <span class='ocrx_word' id='word_1_254' title='bbox 583 1798 672 1852; x_wconf 90' lang='lat' dir='ltr'><strong><em>tardat</em></strong></span> <span class='ocrx_word' id='word_1_255' title='bbox 687 1797 856 1869; x_wconf 76' lang='lat' dir='ltr'><strong><em>pulchritudo</em></strong></span> <span class='ocrx_word' id='word_1_256' title='bbox 906 1801 1065 1865; x_wconf 85' lang='lat' dir='ltr'><strong><em>appareant,</em></strong></span> <span class='ocrx_word' id='word_1_257' title='bbox 1080 1810 1142 1850; x_wconf 90' lang='lat' dir='ltr'><strong><em>cum</em></strong></span> <span class='ocrx_word' id='word_1_258' title='bbox 1166 1804 1275 1864; x_wconf 88' lang='lat' dir='ltr'><strong><em>peccata</em></strong></span> <span class='ocrx_word' id='word_1_259' title='bbox 1295 1795 1429 1866; x_wconf 88' lang='lat' dir='ltr'><strong><em>cujusque</em></strong></span> <span class='ocrx_word' id='word_1_260' title='bbox 1442 1795 1569 1866; x_wconf 88' lang='lat' dir='ltr'><strong><em>pauperis</em></strong></span> <span class='ocrx_word' id='word_1_261' title='bbox 1581 1794 1609 1850; x_wconf 90' lang='lat' dir='ltr'><strong><em>in</em></strong></span> <span class='ocrx_word' id='word_1_262' title='bbox 1622 1810 1691 1851; x_wconf 84' lang='lat' dir='ltr'><strong><em>con-</em></strong></span> 
     </span>
     <span class='ocr_line' id='line_1_19' title="bbox 69 1886 1691 1960; baseline -0.002 -13"><span class='ocrx_word' id='word_1_263' title='bbox 69 1891 256 1959; x_wconf 85' lang='lat' dir='ltr'><strong><em>itineris,dum</em></strong></span> <span class='ocrx_word' id='word_1_264' title='bbox 267 1890 389 1946; x_wconf 90' lang='lat' dir='ltr'><strong><em>delectat.</em></strong></span> <span class='ocrx_word' id='word_1_265' title='bbox 408 1889 647 1946; x_wconf 80' lang='lat' dir='ltr'><strong><em>Undeelectirsuis</em></strong></span> <span class='ocrx_word' id='word_1_266' title='bbox 660 1891 733 1944; x_wconf 87' lang='lat' dir='ltr'><strong><em>adse</em></strong></span> <span class='ocrx_word' id='word_1_267' title='bbox 749 1905 857 1960; x_wconf 79' lang='lat' dir='ltr'><strong><em>perpen-</em></strong></span> <span class='ocrx_word' id='word_1_268' title='bbox 905 1886 1025 1943; x_wconf 88' lang='lat' dir='ltr'><strong><em>lessinne</em></strong></span> <span class='ocrx_word' id='word_1_269' title='bbox 1039 1902 1068 1943; x_wconf 88' lang='lat' dir='ltr'><strong><em>se</em></strong></span> <span class='ocrx_word' id='word_1_270' title='bbox 1079 1886 1279 1943; x_wconf 78' lang='lat' dir='ltr'><strong><em>manifestantis</em></strong></span> <span class='ocrx_word' id='word_1_271' title='bbox 1304 1888 1377 1943; x_wconf 85' lang='lat' dir='ltr'><strong><em>trudo</em></strong></span> <span class='ocrx_word' id='word_1_272' title='bbox 1397 1898 1461 1943; x_wconf 90' lang='lat' dir='ltr'><strong><em>sunt</em></strong></span> <span class='ocrx_word' id='word_1_273' title='bbox 1476 1895 1504 1944; x_wconf 89' lang='lat' dir='ltr'><strong><em>et</em></strong></span> <span class='ocrx_word' id='word_1_274' title='bbox 1522 1888 1607 1943; x_wconf 89' lang='lat' dir='ltr'><strong><em>libere</em></strong></span> <span class='ocrx_word' id='word_1_275' title='bbox 1629 1895 1691 1943; x_wconf 81' lang='lat' dir='ltr'><strong><em>tan·</em></strong></span> 
     </span>
     <span class='ocr_line' id='line_1_20' title="bbox 72 1979 1693 2055; baseline -0.001 -17"><span class='ocrx_word' id='word_1_276' title='bbox 72 1983 142 2039; x_wconf 86' lang='lat' dir='ltr'><strong><em>tibus</em></strong></span> <span class='ocrx_word' id='word_1_277' title='bbox 155 1983 284 2039; x_wconf 83' lang='lat' dir='ltr'><strong><em>llominnr</em></strong></span> <span class='ocrx_word' id='word_1_278' title='bbox 299 1984 360 2039; x_wconf 83' lang='lat' dir='ltr'><strong><em>uita</em></strong></span> <span class='ocrx_word' id='word_1_279' title='bbox 370 1984 447 2054; x_wconf 76' lang='lat' dir='ltr'><strong><em>bajus</em></strong></span> <span class='ocrx_word' id='word_1_280' title='bbox 470 1982 563 2037; x_wconf 87' lang='lat' dir='ltr'><strong><em>mundi</em></strong></span> <span class='ocrx_word' id='word_1_281' title='bbox 574 1983 624 2037; x_wconf 88' lang='lat' dir='ltr'><strong><em>iter</em></strong></span> <span class='ocrx_word' id='word_1_282' title='bbox 636 1998 758 2052; x_wconf 83' lang='lat' dir='ltr'><strong><em>asperum</em></strong></span> <span class='ocrx_word' id='word_1_283' title='bbox 780 1980 854 2051; x_wconf 71' lang='lat' dir='ltr'><strong><em>lacit,</em></strong></span> <span class='ocrx_word' id='word_1_284' title='bbox 906 1988 1007 2050; x_wconf 88' lang='lat' dir='ltr'><strong><em>guntur</em></strong></span> <span class='ocrx_word' id='word_1_285' title='bbox 1020 1979 1119 2052; x_wconf 87' lang='lat' dir='ltr'><strong><em>linguis</em></strong></span> <span class='ocrx_word' id='word_1_286' title='bbox 1131 1982 1331 2038; x_wconf 85' lang='lat' dir='ltr'><strong><em>detrahentium</em></strong></span> <span class='ocrx_word' id='word_1_287' title='bbox 1342 1998 1391 2039; x_wconf 88' lang='lat' dir='ltr'><strong><em>seu</em></strong></span> <span class='ocrx_word' id='word_1_288' title='bbox 1401 1983 1633 2055; x_wconf 75' lang='lat' dir='ltr'><strong><em>redarguentium,</em></strong></span> <span class='ocrx_word' id='word_1_289' title='bbox 1644 1998 1693 2054; x_wconf 85' lang='lat' dir='ltr'><strong><em>per</em></strong></span> 
     </span>
     <span class='ocr_line' id='line_1_21' title="bbox 70 2071 1695 2149; baseline -0.002 -15"><span class='ocrx_word' id='word_1_290' title='bbox 70 2093 115 2146; x_wconf 85' lang='lat' dir='ltr'><strong><em>rte,</em></strong></span> <span class='ocrx_word' id='word_1_291' title='bbox 124 2076 187 2132; x_wconf 90' lang='lat' dir='ltr'><strong><em>dum</em></strong></span> <span class='ocrx_word' id='word_1_292' title='bbox 201 2077 309 2149; x_wconf 88' lang='lat' dir='ltr'><strong><em>quisque</em></strong></span> <span class='ocrx_word' id='word_1_293' title='bbox 321 2077 383 2133; x_wconf 82' lang='lat' dir='ltr'><strong><em>ritae</em></strong></span> <span class='ocrx_word' id='word_1_294' title='bbox 394 2076 530 2148; x_wconf 82' lang='lat' dir='ltr'><strong><em>presentis</em></strong></span> <span class='ocrx_word' id='word_1_295' title='bbox 546 2077 596 2131; x_wconf 81' lang='lat' dir='ltr'><strong><em>uiae</em></strong></span> <span class='ocrx_word' id='word_1_296' title='bbox 608 2076 759 2130; x_wconf 84' lang='lat' dir='ltr'><strong><em>amenitate</em></strong></span> <span class='ocrx_word' id='word_1_297' title='bbox 769 2074 857 2146; x_wconf 84' lang='lat' dir='ltr'><strong><em>pasci·</em></strong></span> <span class='ocrx_word' id='word_1_298' title='bbox 906 2071 979 2142; x_wconf 89' lang='lat' dir='ltr'><strong><em>quad</em></strong></span> <span class='ocrx_word' id='word_1_299' title='bbox 991 2072 1129 2130; x_wconf 88' lang='lat' dir='ltr'><strong><em>interioris</em></strong></span> <span class='ocrx_word' id='word_1_300' title='bbox 1139 2074 1259 2130; x_wconf 89' lang='lat' dir='ltr'><strong><em>hominis</em></strong></span> <span class='ocrx_word' id='word_1_301' title='bbox 1271 2075 1375 2131; x_wconf 85' lang='lat' dir='ltr'><strong><em>sanitas</em></strong></span> <span class='ocrx_word' id='word_1_302' title='bbox 1386 2074 1547 2146; x_wconf 88' lang='lat' dir='ltr'><strong><em>acquiritur.</em></strong></span> <span class='ocrx_word' id='word_1_303' title='bbox 1558 2073 1695 2131; x_wconf 86' lang='lat' dir='ltr'><strong><em>Seddives</em></strong></span> 
     </span>
     <span class='ocr_line' id='line_1_22' title="bbox 70 2160 1694 2241; baseline -0.004 -14"><span class='ocrx_word' id='word_1_304' title='bbox 70 2181 117 2227; x_wconf 89' lang='lat' dir='ltr'><strong><em>tur</em></strong></span> <span class='ocrx_word' id='word_1_305' title='bbox 128 2169 221 2241; x_wconf 73' lang='lat' dir='ltr'><strong><em>mapa,</em></strong></span> <span class='ocrx_word' id='word_1_306' title='bbox 233 2185 291 2224; x_wconf 86' lang='lat' dir='ltr'><strong><em>eum</em></strong></span> <span class='ocrx_word' id='word_1_307' title='bbox 311 2168 651 2240; x_wconf 81' lang='lat' dir='ltr'><strong><em>diuperpereqnamcitiar</em></strong></span> <span class='ocrx_word' id='word_1_308' title='bbox 671 2168 804 2237; x_wconf 89' lang='lat' dir='ltr'><strong><em>peruenire</em></strong></span> <span class='ocrx_word' id='word_1_309' title='bbox 814 2165 857 2219; x_wconf 91' lang='lat' dir='ltr'><strong><em>dc·</em></strong></span> <span class='ocrx_word' id='word_1_310' title='bbox 906 2160 1055 2219; x_wconf 87' lang='lat' dir='ltr'><strong><em>introrsum</em></strong></span> <span class='ocrx_word' id='word_1_311' title='bbox 1081 2165 1179 2235; x_wconf 89' lang='lat' dir='ltr'><strong><em>turpis,</em></strong></span> <span class='ocrx_word' id='word_1_312' title='bbox 1196 2165 1317 2222; x_wconf 82' lang='lat' dir='ltr'><strong><em>exterius</em></strong></span> <span class='ocrx_word' id='word_1_313' title='bbox 1336 2165 1416 2237; x_wconf 86' lang='lat' dir='ltr'><strong><em>quasi</em></strong></span> <span class='ocrx_word' id='word_1_314' title='bbox 1431 2181 1551 2235; x_wconf 85' lang='lat' dir='ltr'><strong><em>purpura</em></strong></span> <span class='ocrx_word' id='word_1_315' title='bbox 1568 2172 1595 2221; x_wconf 89' lang='lat' dir='ltr'><strong><em>el</em></strong></span> <span class='ocrx_word' id='word_1_316' title='bbox 1609 2166 1694 2237; x_wconf 82' lang='lat' dir='ltr'><strong><em>bysso</em></strong></span> 
     </span>
     <span class='ocr_line' id='line_1_23' title="bbox 70 2253 1693 2330; baseline -0.006 -10"><span class='ocrx_word' id='word_1_317' title='bbox 70 2264 156 2330; x_wconf 88' lang='lat' dir='ltr'><strong><em>lectet,</em></strong></span> <span class='ocrx_word' id='word_1_318' title='bbox 172 2263 265 2318; x_wconf 87' lang='lat' dir='ltr'><strong><em>nedum</em></strong></span> <span class='ocrx_word' id='word_1_319' title='bbox 281 2261 425 2318; x_wconf 89' lang='lat' dir='ltr'><strong><em>oblectatur</em></strong></span> <span class='ocrx_word' id='word_1_320' title='bbox 435 2263 462 2316; x_wconf 90' lang='lat' dir='ltr'><strong><em>in</em></strong></span> <span class='ocrx_word' id='word_1_321' title='bbox 473 2262 526 2326; x_wconf 89' lang='lat' dir='ltr'><strong><em>uia,</em></strong></span> <span class='ocrx_word' id='word_1_322' title='bbox 537 2260 716 2326; x_wconf 77' lang='lat' dir='ltr'><strong><em>obliuiscetur,</em></strong></span> <span class='ocrx_word' id='word_1_323' title='bbox 728 2258 797 2330; x_wconf 86' lang='lat' dir='ltr'><strong><em>quod</em></strong></span> <span class='ocrx_word' id='word_1_324' title='bbox 811 2258 857 2313; x_wconf 92' lang='lat' dir='ltr'><strong><em>de·</em></strong></span> <span class='ocrx_word' id='word_1_325' title='bbox 907 2253 1022 2309; x_wconf 82' lang='lat' dir='ltr'><strong><em>restitus</em></strong></span> <span class='ocrx_word' id='word_1_326' title='bbox 1036 2255 1155 2311; x_wconf 89' lang='lat' dir='ltr'><strong><em>molliter</em></strong></span> <span class='ocrx_word' id='word_1_327' title='bbox 1171 2256 1254 2312; x_wconf 86' lang='lat' dir='ltr'><strong><em>cubat</em></strong></span> <span class='ocrx_word' id='word_1_328' title='bbox 1268 2256 1296 2311; x_wconf 90' lang='lat' dir='ltr'><strong><em>in</em></strong></span> <span class='ocrx_word' id='word_1_329' title='bbox 1318 2256 1388 2312; x_wconf 88' lang='lat' dir='ltr'><strong><em>lecto</em></strong></span> <span class='ocrx_word' id='word_1_330' title='bbox 1402 2256 1511 2326; x_wconf 87' lang='lat' dir='ltr'><strong><em>quietis,</em></strong></span> <span class='ocrx_word' id='word_1_331' title='bbox 1528 2270 1646 2326; x_wconf 88' lang='lat' dir='ltr'><strong><em>paupere</em></strong></span> <span class='ocrx_word' id='word_1_332' title='bbox 1663 2271 1693 2311; x_wconf 86' lang='lat' dir='ltr'><strong><em>se</em></strong></span> 
     </span>
     <span class='ocr_line' id='line_1_24' title="bbox 70 2343 1692 2427; baseline -0.007 -16"><span class='ocrx_word' id='word_1_333' title='bbox 70 2356 241 2411; x_wconf 85' lang='lat' dir='ltr'><strong><em>siderabatin</em></strong></span> <span class='ocrx_word' id='word_1_334' title='bbox 252 2356 353 2427; x_wconf 89' lang='lat' dir='ltr'><strong><em>patrio.</em></strong></span> <span class='ocrx_word' id='word_1_335' title='bbox 907 2346 959 2401; x_wconf 88' lang='lat' dir='ltr'><strong><em>hac</em></strong></span> <span class='ocrx_word' id='word_1_336' title='bbox 973 2354 999 2400; x_wconf 90' lang='lat' dir='ltr'><strong><em>et</em></strong></span> <span class='ocrx_word' id='word_1_337' title='bbox 1009 2344 1072 2401; x_wconf 90' lang='lat' dir='ltr'><strong><em>illac</em></strong></span> <span class='ocrx_word' id='word_1_338' title='bbox 1085 2355 1210 2401; x_wconf 83' lang='lat' dir='ltr'><strong><em>versante</em></strong></span> <span class='ocrx_word' id='word_1_339' title='bbox 1222 2345 1249 2400; x_wconf 89' lang='lat' dir='ltr'><strong><em>in</em></strong></span> <span class='ocrx_word' id='word_1_340' title='bbox 1264 2346 1334 2401; x_wconf 90' lang='lat' dir='ltr'><strong><em>lecto</em></strong></span> <span class='ocrx_word' id='word_1_341' title='bbox 1343 2345 1458 2412; x_wconf 86' lang='lat' dir='ltr'><strong><em>doloris,</em></strong></span> <span class='ocrx_word' id='word_1_342' title='bbox 1469 2345 1596 2416; x_wconf 88' lang='lat' dir='ltr'><strong><em>cujustu,</em></strong></span> <span class='ocrx_word' id='word_1_343' title='bbox 1608 2343 1692 2412; x_wconf 82' lang='lat' dir='ltr'><strong><em>Deus,</em></strong></span> 
     </span>
    </p>

    <p class='ocr_par' dir='ltr' id='par_1_3' title="bbox 70 2433 1693 2612">
     <span class='ocr_line' id='line_1_25' title="bbox 106 2433 1693 2522; baseline -0.001 -33"><span class='ocrx_word' id='word_1_344' title='bbox 106 2448 134 2512; x_wconf 64' lang='grc' dir='ltr'><strong><em>[ῃ</em></strong></span> <span class='ocrx_word' id='word_1_345' title='bbox 155 2447 268 2505; x_wconf 55' lang='lat' dir='ltr'><strong><em>flegma,</em></strong></span> <span class='ocrx_word' id='word_1_346' title='bbox 283 2449 395 2522; x_wconf 52' lang='lat' dir='ltr'><strong><em>legun„</em></strong></span> <span class='ocrx_word' id='word_1_347' title='bbox 412 2445 506 2503; x_wconf 65' lang='lat' dir='ltr'><strong><em>Torum</em></strong></span> <span class='ocrx_word' id='word_1_348' title='bbox 518 2456 632 2502; x_wconf 64' lang='lat' dir='ltr'><strong><em>gerarum</em></strong></span> <span class='ocrx_word' id='word_1_349' title='bbox 647 2444 704 2516; x_wconf 63' lang='lat' dir='ltr'><strong><em>eju,</em></strong></span> <span class='ocrx_word' id='word_1_350' title='bbox 716 2445 816 2502; x_wconf 61' lang='lat' dir='ltr'><strong><em>„errem</em></strong></span> <span class='ocrx_word' id='word_1_351' title='bbox 828 2447 858 2501; x_wconf 66' lang='grc' dir='ltr'><strong><em>ιη</em></strong></span> <span class='ocrx_word' id='word_1_352' title='bbox 906 2438 1056 2491; x_wconf 81' lang='lat' dir='ltr'><strong><em>unibertum</em></strong></span> <span class='ocrx_word' id='word_1_353' title='bbox 1066 2445 1181 2491; x_wconf 83' lang='lat' dir='ltr'><strong><em>stratum</em></strong></span> <span class='ocrx_word' id='word_1_354' title='bbox 1190 2436 1301 2491; x_wconf 78' lang='lat' dir='ltr'><strong><em>retracti</em></strong></span> <span class='ocrx_word' id='word_1_355' title='bbox 1314 2436 1343 2489; x_wconf 90' lang='lat' dir='ltr'><strong><em>in</em></strong></span> <span class='ocrx_word' id='word_1_356' title='bbox 1358 2436 1511 2504; x_wconf 73' lang='lat' dir='ltr'><strong><em>infirmitate</em></strong></span> <span class='ocrx_word' id='word_1_357' title='bbox 1521 2433 1577 2505; x_wconf 81' lang='lat' dir='ltr'><strong><em>ejus</em></strong></span> <span class='ocrx_word' id='word_1_358' title='bbox 1591 2433 1693 2488; x_wconf 88' lang='lat' dir='ltr'><strong><em>immil-</em></strong></span> 
     </span>
     <span class='ocr_line' id='line_1_26' title="bbox 70 2525 1691 2612; baseline 0.001 -32"><span class='ocrx_word' id='word_1_359' title='bbox 70 2539 382 2612; x_wconf 56' lang='lat' dir='ltr'><strong><em>00p20150m3„0‚q„0g</em></strong></span> <span class='ocrx_word' id='word_1_360' title='bbox 394 2540 431 2596; x_wconf 63' lang='lat' dir='ltr'><strong><em>pa</em></strong></span> <span class='ocrx_word' id='word_1_361' title='bbox 443 2539 555 2611; x_wconf 57' lang='lat' dir='ltr'><strong><em>impingi</em></strong></span> <span class='ocrx_word' id='word_1_362' title='bbox 570 2548 674 2610; x_wconf 87' lang='lat' dir='ltr'><strong><em>potest:</em></strong></span> <span class='ocrx_word' id='word_1_363' title='bbox 685 2537 858 2595; x_wconf 58' lang='lat' dir='ltr'><strong><em>potamum.</em></strong></span> <span class='ocrx_word' id='word_1_364' title='bbox 907 2525 990 2582; x_wconf 86' lang='lat' dir='ltr'><strong><em>tendo</em></strong></span> <span class='ocrx_word' id='word_1_365' title='bbox 1003 2527 1090 2598; x_wconf 86' lang='lat' dir='ltr'><strong><em>ipsam</em></strong></span> <span class='ocrx_word' id='word_1_366' title='bbox 1116 2526 1315 2594; x_wconf 76' lang='lat' dir='ltr'><strong><em>infirmitatem,</em></strong></span> <span class='ocrx_word' id='word_1_367' title='bbox 1329 2527 1373 2581; x_wconf 82' lang='lat' dir='ltr'><strong><em>nel</em></strong></span> <span class='ocrx_word' id='word_1_368' title='bbox 1390 2526 1452 2582; x_wconf 91' lang='lat' dir='ltr'><strong><em>inde</em></strong></span> <span class='ocrx_word' id='word_1_369' title='bbox 1468 2541 1523 2581; x_wconf 89' lang='lat' dir='ltr'><strong><em>nun</em></strong></span> <span class='ocrx_word' id='word_1_370' title='bbox 1539 2526 1691 2583; x_wconf 89' lang='lat' dir='ltr'><strong><em>liberando.</em></strong></span> 
     </span>
    </p>
   </div>
   <div class='ocr_carea' id='block_1_3' title="bbox 69 2615 1693 2800">
    <p class='ocr_par' dir='ltr' id='par_1_4' title="bbox 69 2615 1693 2800">
     <span class='ocr_line' id='line_1_27' title="bbox 71 2615 1692 2705; baseline -0.004 -27"><span class='ocrx_word' id='word_1_371' title='bbox 71 2642 138 2699; x_wconf 89' lang='lat' dir='ltr'><strong><em>tum,</em></strong></span> <span class='ocrx_word' id='word_1_372' title='bbox 152 2634 771 2705; x_wconf 78' lang='lat' dir='ltr'><strong><em>quodsibidisposueratadrequiem,rertisti</em></strong></span> <span class='ocrx_word' id='word_1_373' title='bbox 784 2635 809 2690; x_wconf 65' lang='lat'><strong><em>05</em></strong></span> <span class='ocrx_word' id='word_1_374' title='bbox 823 2633 857 2690; x_wconf 61' lang='lat' dir='ltr'><strong><em>ag</em></strong></span> <span class='ocrx_word' id='word_1_375' title='bbox 908 2615 985 2673; x_wconf 86' lang='lat' dir='ltr'><strong><em>Siout</em></strong></span> <span class='ocrx_word' id='word_1_376' title='bbox 1006 2617 1078 2673; x_wconf 89' lang='lat' dir='ltr'><strong><em>enim</em></strong></span> <span class='ocrx_word' id='word_1_377' title='bbox 1099 2617 1200 2673; x_wconf 89' lang='lat' dir='ltr'><strong><em>diceris</em></strong></span> <span class='ocrx_word' id='word_1_378' title='bbox 1225 2617 1369 2673; x_wconf 83' lang='lat' dir='ltr'><strong><em>indurasse</em></strong></span> <span class='ocrx_word' id='word_1_379' title='bbox 1391 2632 1440 2674; x_wconf 90' lang='lat' dir='ltr'><strong><em>cor</em></strong></span> <span class='ocrx_word' id='word_1_380' title='bbox 1463 2616 1615 2673; x_wconf 88' lang='lat' dir='ltr'><strong><em>Pharaonis</em></strong></span> <span class='ocrx_word' id='word_1_381' title='bbox 1636 2633 1692 2673; x_wconf 87' lang='lat' dir='ltr'><strong><em>nun</em></strong></span> 
     </span>
     <span class='ocr_line' id='line_1_28' title="bbox 69 2706 1693 2800; baseline -0.006 -20"><span class='ocrx_word' id='word_1_382' title='bbox 69 2726 202 2795; x_wconf 86' lang='lat' dir='ltr'><strong><em>laborem,</em></strong></span> <span class='ocrx_word' id='word_1_383' title='bbox 213 2742 268 2783; x_wconf 90' lang='lat' dir='ltr'><strong><em>uon</em></strong></span> <span class='ocrx_word' id='word_1_384' title='bbox 279 2727 533 2800; x_wconf 80' lang='lat' dir='ltr'><strong><em>incogitationetaa,</em></strong></span> <span class='ocrx_word' id='word_1_385' title='bbox 543 2727 589 2783; x_wconf 88' lang='lat' dir='ltr'><strong><em>sed</em></strong></span> <span class='ocrx_word' id='word_1_386' title='bbox 599 2727 855 2798; x_wconf 79' lang='lat' dir='ltr'><strong><em>incogitationeruo.</em></strong></span> <span class='ocrx_word' id='word_1_387' title='bbox 907 2706 1036 2764; x_wconf 59' lang='grc' dir='ltr'><strong><em>(Ῑΰΐῑῑῑθΰῑ</em></strong></span> <span class='ocrx_word' id='word_1_388' title='bbox 1051 2708 1233 2775; x_wconf 88' lang='lat' dir='ltr'><strong><em>immittendo,</em></strong></span> <span class='ocrx_word' id='word_1_389' title='bbox 1248 2708 1326 2764; x_wconf 63' lang='lat' dir='ltr'><strong><em>Sidi</em></strong></span> <span class='ocrx_word' id='word_1_390' title='bbox 1343 2709 1445 2766; x_wconf 63' lang='lat' dir='ltr'><strong><em>(imilla</em></strong></span> <span class='ocrx_word' id='word_1_391' title='bbox 1466 2724 1521 2764; x_wconf 68' lang='lat'>¹¹0¹!</span> <span class='ocrx_word' id='word_1_392' title='bbox 1540 2708 1693 2770; x_wconf 67' lang='lat' dir='ltr'><strong><em>liberando.</em></strong></span> 
     </span>
    </p>
   </div>
   <div class='ocr_carea' id='block_1_4' title="bbox 72 2801 1693 2892">
    <p class='ocr_par' dir='ltr' id='par_1_5' title="bbox 72 2801 1693 2892">
     <span class='ocr_line' id='line_1_29' title="bbox 72 2801 1693 2892; baseline -0.003 -29"><span class='ocrx_word' id='word_1_393' title='bbox 72 2818 101 2874; x_wconf 70' lang='lat' dir='ltr'><strong><em>si</em></strong></span> <span class='ocrx_word' id='word_1_394' title='bbox 111 2820 183 2876; x_wconf 65' lang='lat' dir='ltr'><strong><em>enim</em></strong></span> <span class='ocrx_word' id='word_1_395' title='bbox 202 2828 258 2888; x_wconf 63' lang='lat' dir='ltr'><strong><em>qua,</em></strong></span> <span class='ocrx_word' id='word_1_396' title='bbox 271 2834 326 2876; x_wconf 66' lang='lat'><strong><em>110„</em></strong></span> <span class='ocrx_word' id='word_1_397' title='bbox 340 2836 390 2877; x_wconf 62' lang='lat' dir='ltr'><strong><em>sua</em></strong></span> <span class='ocrx_word' id='word_1_398' title='bbox 414 2820 577 2892; x_wconf 43' lang='lat' dir='ltr'><strong><em>0052ng</em></strong></span> <span class='ocrx_word' id='word_1_399' title='bbox 600 2836 631 2877; x_wconf 64' lang='lat' dir='ltr'><strong><em>ge</em></strong></span> <span class='ocrx_word' id='word_1_400' title='bbox 648 2821 730 2876; x_wconf 66' lang='lat' dir='ltr'><strong>homo</strong></span> <span class='ocrx_word' id='word_1_401' title='bbox 741 2826 856 2891; x_wconf 55' lang='lat' dir='ltr'><strong><em>regem,</em></strong></span> <span class='ocrx_word' id='word_1_402' title='bbox 906 2802 949 2857; x_wconf 83' lang='lat' dir='ltr'><strong><em>uel</em></strong></span> <span class='ocrx_word' id='word_1_403' title='bbox 963 2801 1132 2858; x_wconf 84' lang='lat' dir='ltr'><strong><em>deleniendo</em></strong></span> <span class='ocrx_word' id='word_1_404' title='bbox 1147 2821 1154 2856; x_wconf 76' lang='grc' dir='ltr'>ε</span> <span class='ocrx_word' id='word_1_405' title='bbox 1170 2810 1197 2856; x_wconf 90' lang='lat' dir='ltr'><strong><em>et</em></strong></span> <span class='ocrx_word' id='word_1_406' title='bbox 1218 2801 1290 2857; x_wconf 85' lang='lat' dir='ltr'><strong><em>sieut</em></strong></span> <span class='ocrx_word' id='word_1_407' title='bbox 1304 2802 1405 2858; x_wconf 86' lang='lat' dir='ltr'><strong><em>diceris</em></strong></span> <span class='ocrx_word' id='word_1_408' title='bbox 1427 2802 1554 2858; x_wconf 84' lang='lat' dir='ltr'><strong><em>iuducere</em></strong></span> <span class='ocrx_word' id='word_1_409' title='bbox 1565 2802 1591 2857; x_wconf 91' lang='lat' dir='ltr'><strong><em>iu</em></strong></span> <span class='ocrx_word' id='word_1_410' title='bbox 1605 2809 1693 2858; x_wconf 61' lang='lat' dir='ltr'><strong><em>teuta:</em></strong></span> 
     </span>
    </p>
   </div>
   <div class='ocr_carea' id='block_1_5' title="bbox 70 2892 1692 2981">
    <p class='ocr_par' dir='ltr' id='par_1_6' title="bbox 70 2892 1692 2981">
     <span class='ocr_line' id='line_1_30' title="bbox 70 2892 1692 2981; baseline -0.003 -16"><span class='ocrx_word' id='word_1_411' title='bbox 70 2909 130 2965; x_wconf 89' lang='lat' dir='ltr'><strong><em>siue</em></strong></span> <span class='ocrx_word' id='word_1_412' title='bbox 140 2909 224 2966; x_wconf 88' lang='lat' dir='ltr'><strong><em>dubio</em></strong></span> <span class='ocrx_word' id='word_1_413' title='bbox 236 2911 359 2981; x_wconf 88' lang='lat' dir='ltr'><strong><em>requiem</em></strong></span> <span class='ocrx_word' id='word_1_414' title='bbox 371 2927 427 2967; x_wconf 76' lang='lat' dir='ltr'><strong><em>suae</em></strong></span> <span class='ocrx_word' id='word_1_415' title='bbox 441 2912 538 2968; x_wconf 71' lang='lat' dir='ltr'><strong><em>animae</em></strong></span> <span class='ocrx_word' id='word_1_416' title='bbox 552 2911 695 2975; x_wconf 87' lang='lat' dir='ltr'><strong><em>inveniret,</em></strong></span> <span class='ocrx_word' id='word_1_417' title='bbox 708 2910 857 2968; x_wconf 87' lang='lat' dir='ltr'><strong><em>seeundum</em></strong></span> <span class='ocrx_word' id='word_1_418' title='bbox 908 2893 1109 2965; x_wconf 57' lang='lat' dir='ltr'><strong><em>‘immobilem</em></strong></span> <span class='ocrx_word' id='word_1_419' title='bbox 1126 2909 1179 2949; x_wconf 78' lang='lat'>¹¹⁰⁰</span> <span class='ocrx_word' id='word_1_420' title='bbox 1195 2893 1305 2963; x_wconf 60' lang='lat' dir='ltr'><strong><em>libelis,</em></strong></span> <span class='ocrx_word' id='word_1_421' title='bbox 1315 2893 1355 2949; x_wconf 65' lang='lat' dir='ltr'><strong><em>iel</em></strong></span> <span class='ocrx_word' id='word_1_422' title='bbox 1370 2892 1493 2950; x_wconf 64' lang='lat' dir='ltr'><strong><em>defendis</em></strong></span> <span class='ocrx_word' id='word_1_423' title='bbox 1503 2909 1518 2949; x_wconf 71' lang='lat'>²</span> <span class='ocrx_word' id='word_1_424' title='bbox 1530 2894 1692 2951; x_wconf 66' lang='lat' dir='ltr'><strong><em>leubilifflle:</em></strong></span> 
     </span>
    </p>
   </div>
   <div class='ocr_carea' id='block_1_6' title="bbox 68 2984 1694 3164">
    <p class='ocr_par' dir='ltr' id='par_1_7' title="bbox 68 2984 1694 3164">
     <span class='ocr_line' id='line_1_31' title="bbox 68 2984 1694 3079; baseline 0.002 -24"><span class='ocrx_word' id='word_1_425' title='bbox 68 3002 143 3073; x_wconf 90' lang='lat' dir='ltr'><strong><em>qnod</em></strong></span> <span class='ocrx_word' id='word_1_426' title='bbox 166 3012 195 3060; x_wconf 92' lang='lat' dir='ltr'><strong><em>tu</em></strong></span> <span class='ocrx_word' id='word_1_427' title='bbox 214 3004 283 3060; x_wconf 89' lang='lat' dir='ltr'><strong><em>dicis</em></strong></span> <span class='ocrx_word' id='word_1_428' title='bbox 303 3024 310 3060; x_wconf 79' lang='lat' dir='ltr'>z</span> <span class='ocrx_word' id='word_1_429' title='bbox 336 3004 432 3060; x_wconf 88' lang='lat' dir='ltr'><strong><em>Tollite</em></strong></span> <span class='ocrx_word' id='word_1_430' title='bbox 446 3005 542 3079; x_wconf 76' lang='lat' dir='ltr'><strong><em>jupam</em></strong></span> <span class='ocrx_word' id='word_1_431' title='bbox 562 3022 650 3061; x_wconf 87' lang='lat' dir='ltr'><strong><em>areum</em></strong></span> <span class='ocrx_word' id='word_1_432' title='bbox 665 3022 743 3075; x_wconf 85' lang='lat' dir='ltr'><strong><em>super</em></strong></span> <span class='ocrx_word' id='word_1_433' title='bbox 763 3021 818 3069; x_wconf 78' lang='lat' dir='ltr'><strong><em>uos,</em></strong></span> <span class='ocrx_word' id='word_1_434' title='bbox 832 3011 857 3058; x_wconf 89' lang='lat' dir='ltr'><strong><em>el</em></strong></span> <span class='ocrx_word' id='word_1_435' title='bbox 907 2985 948 3042; x_wconf 61' lang='lat'><strong><em>⁸5⁰</em></strong></span> <span class='ocrx_word' id='word_1_436' title='bbox 970 3001 1023 3042; x_wconf 77' lang='lat'>&#39;¹⁰¹¹</span> <span class='ocrx_word' id='word_1_437' title='bbox 1047 2986 1196 3058; x_wconf 62' lang='lat' dir='ltr'><strong><em>3⁰⁰⁰¹¹i¹¹¹⁶</em></strong></span> <span class='ocrx_word' id='word_1_438' title='bbox 1211 2984 1311 3043; x_wconf 54' lang='lat' dir='ltr'><strong><em>⁶10⁰?ss</em></strong></span> <span class='ocrx_word' id='word_1_439' title='bbox 1329 3003 1431 3042; x_wconf 65' lang='lat' dir='ltr'><strong><em>”mm</em></strong></span> <span class='ocrx_word' id='word_1_440' title='bbox 1446 2995 1562 3041; x_wconf 60' lang='lat' dir='ltr'><strong><em>“mlum</em></strong></span> <span class='ocrx_word' id='word_1_441' title='bbox 1575 2986 1602 3041; x_wconf 66' lang='lat'><strong><em>5¹¹</em></strong></span> <span class='ocrx_word' id='word_1_442' title='bbox 1616 2987 1694 3058; x_wconf 55' lang='lat' dir='ltr'><strong><em>infir·</em></strong></span> 
     </span>
     <span class='ocr_line' id='line_1_32' title="bbox 69 3077 1692 3164; baseline -0.004 -22"><span class='ocrx_word' id='word_1_443' title='bbox 69 3092 163 3146; x_wconf 75' lang='lat' dir='ltr'><strong><em>dircite</em></strong></span> <span class='ocrx_word' id='word_1_444' title='bbox 174 3109 191 3145; x_wconf 85' lang='lat' dir='ltr'><strong><em>a</em></strong></span> <span class='ocrx_word' id='word_1_445' title='bbox 203 3109 254 3158; x_wconf 82' lang='lat' dir='ltr'><strong><em>me,</em></strong></span> <span class='ocrx_word' id='word_1_446' title='bbox 269 3093 331 3164; x_wconf 75' lang='lat' dir='ltr'><strong><em>quio</em></strong></span> <span class='ocrx_word' id='word_1_447' title='bbox 345 3095 417 3150; x_wconf 65' lang='lat' dir='ltr'><strong><em>mere,</em></strong></span> <span class='ocrx_word' id='word_1_448' title='bbox 428 3111 486 3150; x_wconf 65' lang='lat' dir='ltr'><strong><em>sem</em></strong></span> <span class='ocrx_word' id='word_1_449' title='bbox 503 3103 527 3149; x_wconf 69' lang='lat'><strong><em>22</em></strong></span> <span class='ocrx_word' id='word_1_450' title='bbox 545 3095 652 3149; x_wconf 63' lang='lat' dir='ltr'><strong><em>numere,</em></strong></span> <span class='ocrx_word' id='word_1_451' title='bbox 664 3094 751 3159; x_wconf 63' lang='lat' dir='ltr'><strong><em>corpe,</em></strong></span> <span class='ocrx_word' id='word_1_452' title='bbox 766 3102 791 3148; x_wconf 63' lang='lat' dir='ltr'><strong><em>er</em></strong></span> <span class='ocrx_word' id='word_1_453' title='bbox 812 3077 891 3147; x_wconf 50' lang='lat' dir='ltr'><strong><em>qni)</em></strong></span> <span class='ocrx_word' id='word_1_454' title='bbox 908 3080 1000 3134; x_wconf 88' lang='lat' dir='ltr'><strong><em>mitate</em></strong></span> <span class='ocrx_word' id='word_1_455' title='bbox 1013 3080 1122 3150; x_wconf 82' lang='lat' dir='ltr'><strong><em>privans</em></strong></span> <span class='ocrx_word' id='word_1_456' title='bbox 1136 3079 1274 3136; x_wconf 89' lang='lat' dir='ltr'><strong><em>iniirmum</em></strong></span> <span class='ocrx_word' id='word_1_457' title='bbox 1286 3081 1402 3136; x_wconf 77' lang='lat' dir='ltr'><strong><em>sanimte</em></strong></span> <span class='ocrx_word' id='word_1_458' title='bbox 1417 3079 1460 3137; x_wconf 83' lang='lat' dir='ltr'><strong><em>nel</em></strong></span> <span class='ocrx_word' id='word_1_459' title='bbox 1481 3080 1584 3151; x_wconf 89' lang='lat' dir='ltr'><strong><em>quiete,</em></strong></span> <span class='ocrx_word' id='word_1_460' title='bbox 1596 3088 1625 3136; x_wconf 92' lang='lat' dir='ltr'><strong><em>ut</em></strong></span> <span class='ocrx_word' id='word_1_461' title='bbox 1636 3094 1692 3136; x_wconf 89' lang='lat' dir='ltr'><strong><em>non</em></strong></span> 
     </span>
    </p>
   </div>
   <div class='ocr_carea' id='block_1_7' title="bbox 70 3172 1695 4728">
    <p class='ocr_par' dir='ltr' id='par_1_8' title="bbox 70 3172 1695 4088">
     <span class='ocr_line' id='line_1_33' title="bbox 71 3172 1691 3256; baseline -0.008 -16"><span class='ocrx_word' id='word_1_462' title='bbox 71 3186 177 3240; x_wconf 81' lang='lat' dir='ltr'><strong><em>venietis</em></strong></span> <span class='ocrx_word' id='word_1_463' title='bbox 193 3185 307 3256; x_wconf 88' lang='lat' dir='ltr'><strong><em>requiem</em></strong></span> <span class='ocrx_word' id='word_1_464' title='bbox 316 3185 455 3240; x_wconf 79' lang='lat' dir='ltr'><strong><em>animabus</em></strong></span> <span class='ocrx_word' id='word_1_465' title='bbox 466 3186 568 3242; x_wconf 85' lang='lat' dir='ltr'><strong><em>uestris.</em></strong></span> <span class='ocrx_word' id='word_1_466' title='bbox 578 3183 678 3256; x_wconf 78' lang='lat' dir='ltr'><strong><em>lupum</em></strong></span> <span class='ocrx_word' id='word_1_467' title='bbox 687 3185 757 3240; x_wconf 83' lang='lat' dir='ltr'><strong><em>entim</em></strong></span> <span class='ocrx_word' id='word_1_468' title='bbox 772 3199 856 3238; x_wconf 89' lang='lat' dir='ltr'><strong><em>mcum</em></strong></span> <span class='ocrx_word' id='word_1_469' title='bbox 906 3175 993 3244; x_wconf 79' lang='lat' dir='ltr'><strong><em>possib</em></strong></span> <span class='ocrx_word' id='word_1_470' title='bbox 1004 3174 1096 3245; x_wconf 74' lang='lat' dir='ltr'><strong><em>iaoere</em></strong></span> <span class='ocrx_word' id='word_1_471' title='bbox 1110 3177 1138 3229; x_wconf 87' lang='lat' dir='ltr'><strong><em>in</em></strong></span> <span class='ocrx_word' id='word_1_472' title='bbox 1155 3190 1210 3230; x_wconf 83' lang='lat' dir='ltr'><strong><em>uno</em></strong></span> <span class='ocrx_word' id='word_1_473' title='bbox 1221 3174 1316 3240; x_wconf 84' lang='lat' dir='ltr'><strong><em>latere,</em></strong></span> <span class='ocrx_word' id='word_1_474' title='bbox 1328 3172 1376 3229; x_wconf 89' lang='lat' dir='ltr'><strong><em>sed</em></strong></span> <span class='ocrx_word' id='word_1_475' title='bbox 1397 3189 1454 3244; x_wconf 82' lang='lat' dir='ltr'><strong><em>prae</em></strong></span> <span class='ocrx_word' id='word_1_476' title='bbox 1466 3173 1569 3230; x_wconf 85' lang='lat' dir='ltr'><strong><em>doloris</em></strong></span> <span class='ocrx_word' id='word_1_477' title='bbox 1584 3172 1691 3245; x_wconf 88' lang='lat' dir='ltr'><strong><em>magni·</em></strong></span> 
     </span>
     <span class='ocr_line' id='line_1_34' title="bbox 71 3266 1695 3350; baseline -0.007 -16"><span class='ocrx_word' id='word_1_478' title='bbox 71 3296 149 3335; x_wconf 84' lang='lat' dir='ltr'><strong><em>ruane</em></strong></span> <span class='ocrx_word' id='word_1_479' title='bbox 159 3288 207 3344; x_wconf 87' lang='lat' dir='ltr'><strong><em>est,</em></strong></span> <span class='ocrx_word' id='word_1_480' title='bbox 215 3287 241 3332; x_wconf 89' lang='lat' dir='ltr'><strong><em>et</em></strong></span> <span class='ocrx_word' id='word_1_481' title='bbox 253 3294 318 3333; x_wconf 88' lang='lat' dir='ltr'><strong><em>onus</em></strong></span> <span class='ocrx_word' id='word_1_482' title='bbox 333 3293 417 3333; x_wconf 74' lang='lat' dir='ltr'><strong><em>mum</em></strong></span> <span class='ocrx_word' id='word_1_483' title='bbox 428 3277 481 3332; x_wconf 89' lang='lat' dir='ltr'><strong><em>leue</em></strong></span> <span class='ocrx_word' id='word_1_484' title='bbox 493 3267 644 3350; x_wconf 75' lang='lat' dir='ltr'><strong><em>(blattinis,</em></strong></span> <span class='ocrx_word' id='word_1_485' title='bbox 655 3277 712 3347; x_wconf 73' lang='lat' dir='ltr'><strong><em>aa).</em></strong></span> <span class='ocrx_word' id='word_1_486' title='bbox 726 3275 777 3344; x_wconf 83' lang='lat' dir='ltr'><strong><em>Qui</em></strong></span> <span class='ocrx_word' id='word_1_487' title='bbox 791 3291 856 3347; x_wconf 75' lang='lat' dir='ltr'><strong><em>ergo</em></strong></span> <span class='ocrx_word' id='word_1_488' title='bbox 907 3266 1000 3322; x_wconf 90' lang='lat' dir='ltr'><strong><em>tudine</em></strong></span> <span class='ocrx_word' id='word_1_489' title='bbox 1010 3276 1134 3323; x_wconf 83' lang='lat' dir='ltr'><strong><em>versetur</em></strong></span> <span class='ocrx_word' id='word_1_490' title='bbox 1146 3266 1256 3324; x_wconf 87' lang='lat' dir='ltr'><strong><em>assidue</em></strong></span> <span class='ocrx_word' id='word_1_491' title='bbox 1267 3284 1283 3322; x_wconf 94' lang='lat' dir='ltr'><strong><em>a</em></strong></span> <span class='ocrx_word' id='word_1_492' title='bbox 1294 3267 1378 3323; x_wconf 87' lang='lat' dir='ltr'><strong><em>latere</em></strong></span> <span class='ocrx_word' id='word_1_493' title='bbox 1389 3266 1417 3321; x_wconf 91' lang='lat' dir='ltr'><strong><em>in</em></strong></span> <span class='ocrx_word' id='word_1_494' title='bbox 1429 3267 1509 3334; x_wconf 87' lang='lat' dir='ltr'><strong><em>latus,</em></strong></span> <span class='ocrx_word' id='word_1_495' title='bbox 1518 3266 1555 3321; x_wconf 89' lang='lat' dir='ltr'><strong><em>ita</em></strong></span> <span class='ocrx_word' id='word_1_496' title='bbox 1567 3274 1596 3321; x_wconf 92' lang='lat' dir='ltr'><strong><em>ut</em></strong></span> <span class='ocrx_word' id='word_1_497' title='bbox 1608 3266 1695 3322; x_wconf 85' lang='lat' dir='ltr'><strong><em>lectus</em></strong></span> 
     </span>
     <span class='ocr_line' id='line_1_35' title="bbox 71 3355 1694 3444; baseline -0.008 -16"><span class='ocrx_word' id='word_1_498' title='bbox 71 3373 123 3429; x_wconf 88' lang='lat' dir='ltr'><strong><em>sub</em></strong></span> <span class='ocrx_word' id='word_1_499' title='bbox 142 3372 210 3444; x_wconf 86' lang='lat' dir='ltr'><strong><em>jugo</em></strong></span> <span class='ocrx_word' id='word_1_500' title='bbox 231 3380 279 3427; x_wconf 88' lang='lat' dir='ltr'><strong><em>tuo</em></strong></span> <span class='ocrx_word' id='word_1_501' title='bbox 303 3388 359 3427; x_wconf 85' lang='lat' dir='ltr'><strong><em>rrun</em></strong></span> <span class='ocrx_word' id='word_1_502' title='bbox 377 3372 506 3428; x_wconf 81' lang='lat' dir='ltr'><strong><em>rullesse</em></strong></span> <span class='ocrx_word' id='word_1_503' title='bbox 517 3370 591 3426; x_wconf 88' lang='lat' dir='ltr'><strong><em>mitis</em></strong></span> <span class='ocrx_word' id='word_1_504' title='bbox 603 3378 630 3426; x_wconf 90' lang='lat' dir='ltr'><strong><em>et</em></strong></span> <span class='ocrx_word' id='word_1_505' title='bbox 642 3370 753 3425; x_wconf 90' lang='lat' dir='ltr'><strong><em>humilis</em></strong></span> <span class='ocrx_word' id='word_1_506' title='bbox 764 3369 855 3436; x_wconf 89' lang='lat' dir='ltr'><strong><em>corde,</em></strong></span> <span class='ocrx_word' id='word_1_507' title='bbox 906 3360 966 3431; x_wconf 77' lang='lat' dir='ltr'><strong><em>ejus</em></strong></span> <span class='ocrx_word' id='word_1_508' title='bbox 983 3370 1057 3417; x_wconf 83' lang='lat' dir='ltr'><strong><em>totus</em></strong></span> <span class='ocrx_word' id='word_1_509' title='bbox 1071 3369 1196 3418; x_wconf 73' lang='lat' dir='ltr'><strong><em>uersatus</em></strong></span> <span class='ocrx_word' id='word_1_510' title='bbox 1213 3377 1268 3417; x_wconf 89' lang='lat' dir='ltr'><strong><em>non</em></strong></span> <span class='ocrx_word' id='word_1_511' title='bbox 1289 3362 1325 3418; x_wconf 90' lang='lat' dir='ltr'><strong><em>sit</em></strong></span> <span class='ocrx_word' id='word_1_512' title='bbox 1338 3359 1423 3431; x_wconf 87' lang='lat' dir='ltr'><strong><em>quieti</em></strong></span> <span class='ocrx_word' id='word_1_513' title='bbox 1450 3366 1538 3428; x_wconf 85' lang='lat' dir='ltr'><strong><em>aptus.</em></strong></span> <span class='ocrx_word' id='word_1_514' title='bbox 1550 3355 1620 3412; x_wconf 88' lang='lat' dir='ltr'><strong><em>Cum</em></strong></span> <span class='ocrx_word' id='word_1_515' title='bbox 1635 3357 1694 3415; x_wconf 73' lang='lat' dir='ltr'><strong><em>baec</em></strong></span> 
     </span>
     <span class='ocr_line' id='line_1_36' title="bbox 71 3451 1693 3533; baseline -0.01 -12"><span class='ocrx_word' id='word_1_516' title='bbox 71 3463 120 3521; x_wconf 85' lang='lat' dir='ltr'><strong><em>sed</em></strong></span> <span class='ocrx_word' id='word_1_517' title='bbox 146 3463 305 3518; x_wconf 85' lang='lat' dir='ltr'><strong><em>intumescit</em></strong></span> <span class='ocrx_word' id='word_1_518' title='bbox 326 3464 355 3519; x_wconf 88' lang='lat' dir='ltr'><strong><em>in</em></strong></span> <span class='ocrx_word' id='word_1_519' title='bbox 375 3478 425 3518; x_wconf 90' lang='lat' dir='ltr'><strong><em>sua</em></strong></span> <span class='ocrx_word' id='word_1_520' title='bbox 446 3462 615 3533; x_wconf 83' lang='lat' dir='ltr'><strong><em>capitatione,</em></strong></span> <span class='ocrx_word' id='word_1_521' title='bbox 629 3470 657 3515; x_wconf 93' lang='grc' dir='ltr'><strong><em>ιιι</em></strong></span> <span class='ocrx_word' id='word_1_522' title='bbox 670 3469 785 3516; x_wconf 85' lang='lat' dir='ltr'><strong><em>stratum</em></strong></span> <span class='ocrx_word' id='word_1_523' title='bbox 799 3459 856 3530; x_wconf 80' lang='lat' dir='ltr'><strong><em>ejus</em></strong></span> <span class='ocrx_word' id='word_1_524' title='bbox 906 3463 1025 3528; x_wconf 86' lang='lat' dir='ltr'><strong><em>aguntur</em></strong></span> <span class='ocrx_word' id='word_1_525' title='bbox 1049 3470 1112 3510; x_wconf 75' lang='lat' dir='ltr'><strong><em>rere</em></strong></span> <span class='ocrx_word' id='word_1_526' title='bbox 1132 3452 1223 3510; x_wconf 84' lang='lat' dir='ltr'><strong><em>beatus</em></strong></span> <span class='ocrx_word' id='word_1_527' title='bbox 1242 3463 1283 3511; x_wconf 88' lang='lat' dir='ltr'><strong><em>est</em></strong></span> <span class='ocrx_word' id='word_1_528' title='bbox 1298 3453 1344 3525; x_wconf 87' lang='lat' dir='ltr'><strong><em>qni</em></strong></span> <span class='ocrx_word' id='word_1_529' title='bbox 1357 3451 1482 3522; x_wconf 77' lang='lat' dir='ltr'><strong><em>intelligit</em></strong></span> <span class='ocrx_word' id='word_1_530' title='bbox 1496 3465 1693 3521; x_wconf 81' lang='lat' dir='ltr'><strong><em>supcrepcnum</em></strong></span> 
     </span>
     <span class='ocr_line' id='line_1_37' title="bbox 70 3542 1693 3626; baseline -0.007 -14"><span class='ocrx_word' id='word_1_531' title='bbox 70 3554 106 3612; x_wconf 87' lang='lat' dir='ltr'><strong><em>ad</em></strong></span> <span class='ocrx_word' id='word_1_532' title='bbox 123 3554 243 3626; x_wconf 87' lang='lat' dir='ltr'><strong><em>requiem</em></strong></span> <span class='ocrx_word' id='word_1_533' title='bbox 257 3554 308 3609; x_wconf 89' lang='lat' dir='ltr'><strong><em>sibi</em></strong></span> <span class='ocrx_word' id='word_1_534' title='bbox 321 3554 504 3626; x_wconf 80' lang='lat' dir='ltr'><strong><em>excogitatum</em></strong></span> <span class='ocrx_word' id='word_1_535' title='bbox 521 3553 620 3608; x_wconf 81' lang='lat' dir='ltr'><strong><em>vertisti</em></strong></span> <span class='ocrx_word' id='word_1_536' title='bbox 634 3552 661 3608; x_wconf 90' lang='lat' dir='ltr'><strong><em>in</em></strong></span> <span class='ocrx_word' id='word_1_537' title='bbox 676 3551 855 3618; x_wconf 88' lang='lat' dir='ltr'><strong><em>contrarium,</em></strong></span> <span class='ocrx_word' id='word_1_538' title='bbox 906 3559 930 3603; x_wconf 89' lang='lat' dir='ltr'><strong><em>et</em></strong></span> <span class='ocrx_word' id='word_1_539' title='bbox 946 3564 1096 3620; x_wconf 89' lang='lat' dir='ltr'><strong><em>pauperem,</em></strong></span> <span class='ocrx_word' id='word_1_540' title='bbox 1109 3548 1328 3619; x_wconf 82' lang='lat' dir='ltr'><strong><em>qualemcunque</em></strong></span> <span class='ocrx_word' id='word_1_541' title='bbox 1342 3563 1392 3618; x_wconf 86' lang='lat' dir='ltr'><strong><em>pro</em></strong></span> <span class='ocrx_word' id='word_1_542' title='bbox 1405 3560 1486 3616; x_wconf 90' lang='lat' dir='ltr'><strong><em>posse</em></strong></span> <span class='ocrx_word' id='word_1_543' title='bbox 1497 3546 1536 3599; x_wconf 87' lang='lat' dir='ltr'><strong><em>illi</em></strong></span> <span class='ocrx_word' id='word_1_544' title='bbox 1547 3542 1693 3600; x_wconf 86' lang='lat' dir='ltr'><strong><em>coniereus</em></strong></span> 
     </span>
     <span class='ocr_line' id='line_1_38' title="bbox 71 3638 1692 3717; baseline -0.004 -16"><span class='ocrx_word' id='word_1_545' title='bbox 71 3653 102 3701; x_wconf 91' lang='lat' dir='ltr'><strong><em>ut</em></strong></span> <span class='ocrx_word' id='word_1_546' title='bbox 119 3644 229 3701; x_wconf 91' lang='lat' dir='ltr'><strong><em>tandem</em></strong></span> <span class='ocrx_word' id='word_1_547' title='bbox 244 3645 302 3700; x_wconf 88' lang='lat' dir='ltr'><strong><em>suis</em></strong></span> <span class='ocrx_word' id='word_1_548' title='bbox 320 3643 529 3717; x_wconf 75' lang='lat' dir='ltr'><strong><em>cogitationibus</em></strong></span> <span class='ocrx_word' id='word_1_549' title='bbox 544 3653 570 3698; x_wconf 91' lang='lat' dir='ltr'><strong><em>et</em></strong></span> <span class='ocrx_word' id='word_1_550' title='bbox 593 3642 797 3698; x_wconf 81' lang='lat' dir='ltr'><strong><em>infirmitatibus</em></strong></span> <span class='ocrx_word' id='word_1_551' title='bbox 808 3642 856 3698; x_wconf 87' lang='lat' dir='ltr'><strong><em>de-</em></strong></span> <span class='ocrx_word' id='word_1_552' title='bbox 906 3640 1122 3698; x_wconf 88' lang='lat' dir='ltr'><strong><em>consolationem</em></strong></span> <span class='ocrx_word' id='word_1_553' title='bbox 1146 3649 1174 3695; x_wconf 88' lang='lat' dir='ltr'><strong><em>et</em></strong></span> <span class='ocrx_word' id='word_1_554' title='bbox 1200 3655 1279 3712; x_wconf 89' lang='lat' dir='ltr'><strong><em>opem</em></strong></span> <span class='ocrx_word' id='word_1_555' title='bbox 1299 3655 1382 3710; x_wconf 89' lang='lat' dir='ltr'><strong><em>super</em></strong></span> <span class='ocrx_word' id='word_1_556' title='bbox 1396 3639 1494 3695; x_wconf 87' lang='lat' dir='ltr'><strong><em>lectum</em></strong></span> <span class='ocrx_word' id='word_1_557' title='bbox 1508 3638 1612 3694; x_wconf 88' lang='lat' dir='ltr'><strong><em>doloris</em></strong></span> <span class='ocrx_word' id='word_1_558' title='bbox 1621 3638 1692 3709; x_wconf 82' lang='lat' dir='ltr'><strong><em>ojus.</em></strong></span> 
     </span>
     <span class='ocr_line' id='line_1_39' title="bbox 70 3728 1692 3810; baseline -0.008 -17"><span class='ocrx_word' id='word_1_559' title='bbox 70 3736 211 3810; x_wconf 83' lang='lat' dir='ltr'><strong><em>inligatus,</em></strong></span> <span class='ocrx_word' id='word_1_560' title='bbox 224 3734 645 3793; x_wconf 77' lang='lat' dir='ltr'><strong><em>cumsalavexatiointelleeturu</em></strong></span> <span class='ocrx_word' id='word_1_561' title='bbox 658 3732 855 3800; x_wconf 85' lang='lat' dir='ltr'><strong><em>dubitanditui,</em></strong></span> <span class='ocrx_word' id='word_1_562' title='bbox 905 3729 974 3786; x_wconf 88' lang='lat' dir='ltr'><strong><em>Nam</em></strong></span> <span class='ocrx_word' id='word_1_563' title='bbox 992 3730 1061 3784; x_wconf 88' lang='lat' dir='ltr'><strong><em>beati</em></strong></span> <span class='ocrx_word' id='word_1_564' title='bbox 1085 3729 1275 3796; x_wconf 82' lang='lat' dir='ltr'><strong><em>misericorder,</em></strong></span> <span class='ocrx_word' id='word_1_565' title='bbox 1295 3729 1421 3802; x_wconf 89' lang='lat' dir='ltr'><strong><em>quoniam</em></strong></span> <span class='ocrx_word' id='word_1_566' title='bbox 1434 3738 1458 3781; x_wconf 87' lang='lat' dir='ltr'><strong><em>et</em></strong></span> <span class='ocrx_word' id='word_1_567' title='bbox 1473 3728 1524 3799; x_wconf 85' lang='lat' dir='ltr'><strong><em>ipsi</em></strong></span> <span class='ocrx_word' id='word_1_568' title='bbox 1541 3728 1692 3782; x_wconf 82' lang='lat' dir='ltr'><strong><em>misericor-</em></strong></span> 
     </span>
     <span class='ocr_line' id='line_1_40' title="bbox 70 3817 1694 3904; baseline -0.009 -16"><span class='ocrx_word' id='word_1_569' title='bbox 70 3847 126 3904; x_wconf 94' lang='lat' dir='ltr'><strong><em>quo</em></strong></span> <span class='ocrx_word' id='word_1_570' title='bbox 136 3831 268 3903; x_wconf 85' lang='lat' dir='ltr'><strong><em>intelligat</em></strong></span> <span class='ocrx_word' id='word_1_571' title='bbox 275 3818 305 3887; x_wconf 80' lang='lat' dir='ltr'><strong><em>se</em></strong></span> <span class='ocrx_word' id='word_1_572' title='bbox 313 3830 340 3885; x_wconf 93' lang='lat' dir='ltr'><strong><em>in</em></strong></span> <span class='ocrx_word' id='word_1_573' title='bbox 354 3846 403 3886; x_wconf 86' lang='lat' dir='ltr'><strong><em>sua</em></strong></span> <span class='ocrx_word' id='word_1_574' title='bbox 414 3829 493 3900; x_wconf 91' lang='lat' dir='ltr'><strong><em>culpa</em></strong></span> <span class='ocrx_word' id='word_1_575' title='bbox 508 3827 653 3891; x_wconf 82' lang='lat' dir='ltr'><strong><em>irrlirmari,</em></strong></span> <span class='ocrx_word' id='word_1_576' title='bbox 665 3827 773 3883; x_wconf 89' lang='lat' dir='ltr'><strong><em>desinat</em></strong></span> <span class='ocrx_word' id='word_1_577' title='bbox 785 3840 855 3882; x_wconf 81' lang='lat' dir='ltr'><strong><em>narra</em></strong></span> <span class='ocrx_word' id='word_1_578' title='bbox 906 3823 979 3877; x_wconf 87' lang='lat' dir='ltr'><strong><em>diam</em></strong></span> <span class='ocrx_word' id='word_1_579' title='bbox 1004 3830 1193 3892; x_wconf 83' lang='lat' dir='ltr'><strong><em>corrrcqacntur</em></strong></span> <span class='ocrx_word' id='word_1_580' title='bbox 1205 3820 1315 3892; x_wconf 80' lang='lat' dir='ltr'><strong><em>(llattlr.</em></strong></span> <span class='ocrx_word' id='word_1_581' title='bbox 1328 3836 1355 3886; x_wconf 85' lang='grc' dir='ltr'>ι,</span> <span class='ocrx_word' id='word_1_582' title='bbox 1365 3819 1403 3890; x_wconf 82' lang='lat' dir='ltr'><strong><em>i).</em></strong></span> <span class='ocrx_word' id='word_1_583' title='bbox 1415 3818 1467 3885; x_wconf 83' lang='lat' dir='ltr'><strong><em>Qui</em></strong></span> <span class='ocrx_word' id='word_1_584' title='bbox 1483 3827 1574 3874; x_wconf 88' lang='lat' dir='ltr'><strong><em>autem</em></strong></span> <span class='ocrx_word' id='word_1_585' title='bbox 1592 3817 1694 3874; x_wconf 88' lang='lat' dir='ltr'><strong><em>talibus</em></strong></span> 
     </span>
     <span class='ocr_line' id='line_1_41' title="bbox 70 3910 1692 3995; baseline -0.01 -14"><span class='ocrx_word' id='word_1_586' title='bbox 70 3933 98 3981; x_wconf 88' lang='lat' dir='ltr'><strong><em>ct</em></strong></span> <span class='ocrx_word' id='word_1_587' title='bbox 120 3924 345 3995; x_wconf 60' lang='lat' dir='ltr'><strong><em>praesumptuosa:</em></strong></span> <span class='ocrx_word' id='word_1_588' title='bbox 356 3922 486 3993; x_wconf 88' lang='lat' dir='ltr'><strong><em>cogitare,</em></strong></span> <span class='ocrx_word' id='word_1_589' title='bbox 506 3920 648 3990; x_wconf 83' lang='lat' dir='ltr'><strong><em>discatque</em></strong></span> <span class='ocrx_word' id='word_1_590' title='bbox 672 3926 782 3989; x_wconf 88' lang='lat' dir='ltr'><strong><em>peccata</em></strong></span> <span class='ocrx_word' id='word_1_591' title='bbox 806 3931 855 3973; x_wconf 88' lang='lat' dir='ltr'><strong><em>sua</em></strong></span> <span class='ocrx_word' id='word_1_592' title='bbox 905 3915 992 3972; x_wconf 83' lang='lat' dir='ltr'><strong><em>micas</em></strong></span> <span class='ocrx_word' id='word_1_593' title='bbox 1018 3913 1237 3970; x_wconf 85' lang='lat' dir='ltr'><strong><em>consolationum</em></strong></span> <span class='ocrx_word' id='word_1_594' title='bbox 1257 3912 1403 3984; x_wconf 86' lang='lat' dir='ltr'><strong><em>denegant,</em></strong></span> <span class='ocrx_word' id='word_1_595' title='bbox 1428 3911 1457 3965; x_wconf 85' lang='lat' dir='ltr'><strong><em>in</em></strong></span> <span class='ocrx_word' id='word_1_596' title='bbox 1477 3912 1521 3965; x_wconf 88' lang='lat' dir='ltr'><strong><em>die</em></strong></span> <span class='ocrx_word' id='word_1_597' title='bbox 1542 3910 1614 3964; x_wconf 92' lang='lat' dir='ltr'><strong><em>mala</em></strong></span> <span class='ocrx_word' id='word_1_598' title='bbox 1636 3925 1692 3966; x_wconf 86' lang='lat' dir='ltr'><strong><em>rron</em></strong></span> 
     </span>
     <span class='ocr_line' id='line_1_42' title="bbox 70 4003 1693 4088; baseline -0.009 -15"><span class='ocrx_word' id='word_1_599' title='bbox 70 4003 229 4075; x_wconf 69' lang='lat' dir='ltr'><strong><em>condendo</em></strong></span> <span class='ocrx_word' id='word_1_600' title='bbox 237 4015 396 4088; x_wconf 78' lang='lat' dir='ltr'><strong><em>frequenter</em></strong></span> <span class='ocrx_word' id='word_1_601' title='bbox 407 4028 496 4080; x_wconf 88' lang='lat' dir='ltr'><strong><em>orare,</em></strong></span> <span class='ocrx_word' id='word_1_602' title='bbox 512 4027 545 4068; x_wconf 88' lang='lat' dir='ltr'><strong><em>ac</em></strong></span> <span class='ocrx_word' id='word_1_603' title='bbox 555 4011 646 4068; x_wconf 88' lang='lat' dir='ltr'><strong><em>dicere</em></strong></span> <span class='ocrx_word' id='word_1_604' title='bbox 905 4008 1103 4073; x_wconf 88' lang='lat' dir='ltr'><strong><em>liberabuntur,</em></strong></span> <span class='ocrx_word' id='word_1_605' title='bbox 1127 4006 1174 4062; x_wconf 87' lang='lat' dir='ltr'><strong><em>sed</em></strong></span> <span class='ocrx_word' id='word_1_606' title='bbox 1198 4004 1259 4062; x_wconf 88' lang='lat' dir='ltr'><strong><em>istis</em></strong></span> <span class='ocrx_word' id='word_1_607' title='bbox 1279 4003 1554 4074; x_wconf 85' lang='lat' dir='ltr'><strong><em>cotrsolationempro</em></strong></span> <span class='ocrx_word' id='word_1_608' title='bbox 1574 4018 1693 4060; x_wconf 86' lang='lat' dir='ltr'><strong><em>moerore</em></strong></span> 
     </span>
    </p>

    <p class='ocr_par' dir='ltr' id='par_1_9' title="bbox 70 4093 1693 4273">
     <span class='ocr_line' id='line_1_43' title="bbox 108 4093 1693 4180; baseline -0.008 -19"><span class='ocrx_word' id='word_1_609' title='bbox 108 4108 188 4166; x_wconf 71' lang='lat' dir='ltr'><strong><em>inas.</em></strong></span> <span class='ocrx_word' id='word_1_610' title='bbox 201 4109 229 4166; x_wconf 81' lang='grc'><strong><em>5.</em></strong></span> <span class='ocrx_word' id='word_1_611' title='bbox 242 4105 300 4180; x_wconf 79' lang='lat' dir='ltr'><strong><em>Epo</em></strong></span> <span class='ocrx_word' id='word_1_612' title='bbox 323 4108 406 4162; x_wconf 85' lang='lat' dir='ltr'><strong><em>disi:</em></strong></span> <span class='ocrx_word' id='word_1_613' title='bbox 424 4106 547 4173; x_wconf 83' lang='lat' dir='ltr'><strong><em>Domine,</em></strong></span> <span class='ocrx_word' id='word_1_614' title='bbox 562 4105 683 4160; x_wconf 86' lang='lat' dir='ltr'><strong><em>miserere</em></strong></span> <span class='ocrx_word' id='word_1_615' title='bbox 705 4102 765 4170; x_wconf 88' lang='lat' dir='ltr'><strong><em>mei,</em></strong></span> <span class='ocrx_word' id='word_1_616' title='bbox 790 4119 856 4158; x_wconf 83' lang='lat' dir='ltr'><strong><em>sana</em></strong></span> <span class='ocrx_word' id='word_1_617' title='bbox 905 4105 1048 4154; x_wconf 83' lang='lat' dir='ltr'><strong><em>transactae</em></strong></span> <span class='ocrx_word' id='word_1_618' title='bbox 1066 4095 1233 4167; x_wconf 82' lang='lat' dir='ltr'><strong><em>poeuiteutiae</em></strong></span> <span class='ocrx_word' id='word_1_619' title='bbox 1246 4093 1439 4165; x_wconf 84' lang='lat' dir='ltr'><strong><em>recipientibus</em></strong></span> <span class='ocrx_word' id='word_1_620' title='bbox 1458 4093 1510 4165; x_wconf 89' lang='lat' dir='ltr'><strong><em>ipsi</em></strong></span> <span class='ocrx_word' id='word_1_621' title='bbox 1526 4094 1693 4151; x_wconf 87' lang='lat' dir='ltr'><strong><em>cruciabun-</em></strong></span> 
     </span>
     <span class='ocr_line' id='line_1_44' title="bbox 70 4184 1693 4273; baseline -0.011 -15"><span class='ocrx_word' id='word_1_622' title='bbox 70 4203 187 4258; x_wconf 85' lang='lat' dir='ltr'><strong><em>animarn</em></strong></span> <span class='ocrx_word' id='word_1_623' title='bbox 200 4218 296 4267; x_wconf 79' lang='lat' dir='ltr'><strong><em>ineam,</em></strong></span> <span class='ocrx_word' id='word_1_624' title='bbox 312 4201 376 4273; x_wconf 87' lang='lat' dir='ltr'><strong><em>puio</em></strong></span> <span class='ocrx_word' id='word_1_625' title='bbox 387 4200 492 4270; x_wconf 88' lang='lat' dir='ltr'><strong><em>peccaui</em></strong></span> <span class='ocrx_word' id='word_1_626' title='bbox 504 4198 564 4254; x_wconf 89' lang='lat' dir='ltr'><strong><em>tibi.</em></strong></span> <span class='ocrx_word' id='word_1_627' title='bbox 905 4199 960 4256; x_wconf 90' lang='lat' dir='ltr'><strong><em>tur,</em></strong></span> <span class='ocrx_word' id='word_1_628' title='bbox 973 4188 1104 4260; x_wconf 86' lang='lat' dir='ltr'><strong><em>quoniam</em></strong></span> <span class='ocrx_word' id='word_1_629' title='bbox 1114 4194 1143 4244; x_wconf 90' lang='lat' dir='ltr'><strong><em>el</em></strong></span> <span class='ocrx_word' id='word_1_630' title='bbox 1156 4188 1179 4245; x_wconf 90' lang='lat' dir='ltr'><strong><em>si</em></strong></span> <span class='ocrx_word' id='word_1_631' title='bbox 1193 4202 1248 4259; x_wconf 87' lang='lat' dir='ltr'><strong><em>qua</em></strong></span> <span class='ocrx_word' id='word_1_632' title='bbox 1262 4201 1358 4242; x_wconf 90' lang='lat' dir='ltr'><strong><em>eurum</em></strong></span> <span class='ocrx_word' id='word_1_633' title='bbox 1369 4184 1482 4242; x_wconf 90' lang='lat' dir='ltr'><strong><em>luerunt</em></strong></span> <span class='ocrx_word' id='word_1_634' title='bbox 1497 4186 1569 4242; x_wconf 89' lang='lat' dir='ltr'><strong><em>bona</em></strong></span> <span class='ocrx_word' id='word_1_635' title='bbox 1582 4186 1693 4252; x_wconf 87' lang='lat' dir='ltr'><strong><em>merita,</em></strong></span> 
     </span>
    </p>

    <p class='ocr_par' dir='ltr' id='par_1_10' title="bbox 70 4278 1693 4728">
     <span class='ocr_line' id='line_1_45' title="bbox 105 4278 1693 4364; baseline -0.011 -14"><span class='ocrx_word' id='word_1_636' title='bbox 105 4293 259 4351; x_wconf 85' lang='lat' dir='ltr'><strong><em>Notandum</em></strong></span> <span class='ocrx_word' id='word_1_637' title='bbox 282 4308 349 4350; x_wconf 86' lang='lat' dir='ltr'><strong><em>sane</em></strong></span> <span class='ocrx_word' id='word_1_638' title='bbox 373 4292 446 4364; x_wconf 92' lang='lat' dir='ltr'><strong><em>quod</em></strong></span> <span class='ocrx_word' id='word_1_639' title='bbox 474 4291 564 4347; x_wconf 82' lang='lat' dir='ltr'><strong><em>bearna</em></strong></span> <span class='ocrx_word' id='word_1_640' title='bbox 590 4290 639 4353; x_wconf 88' lang='lat' dir='ltr'><strong><em>rir,</em></strong></span> <span class='ocrx_word' id='word_1_641' title='bbox 665 4288 709 4359; x_wconf 88' lang='lat' dir='ltr'><strong><em>qui</em></strong></span> <span class='ocrx_word' id='word_1_642' title='bbox 730 4286 854 4359; x_wconf 82' lang='lat' dir='ltr'><strong><em>intelligit</em></strong></span> <span class='ocrx_word' id='word_1_643' title='bbox 904 4295 955 4353; x_wconf 88' lang='lat' dir='ltr'><strong><em>pro</em></strong></span> <span class='ocrx_word' id='word_1_644' title='bbox 967 4281 1006 4337; x_wconf 90' lang='lat' dir='ltr'><strong><em>eis</em></strong></span> <span class='ocrx_word' id='word_1_645' title='bbox 1023 4289 1185 4351; x_wconf 86' lang='lat' dir='ltr'><strong><em>receperunt</em></strong></span> <span class='ocrx_word' id='word_1_646' title='bbox 1196 4280 1266 4336; x_wconf 84' lang='lat' dir='ltr'><strong><em>bona</em></strong></span> <span class='ocrx_word' id='word_1_647' title='bbox 1281 4280 1309 4335; x_wconf 90' lang='lat' dir='ltr'><strong><em>in</em></strong></span> <span class='ocrx_word' id='word_1_648' title='bbox 1321 4280 1376 4335; x_wconf 81' lang='lat' dir='ltr'><strong><em>rita</em></strong></span> <span class='ocrx_word' id='word_1_649' title='bbox 1388 4294 1448 4346; x_wconf 88' lang='lat' dir='ltr'><strong><em>sua,</em></strong></span> <span class='ocrx_word' id='word_1_650' title='bbox 1461 4289 1489 4337; x_wconf 89' lang='lat' dir='ltr'><strong><em>et</em></strong></span> <span class='ocrx_word' id='word_1_651' title='bbox 1499 4294 1601 4351; x_wconf 87' lang='lat' dir='ltr'><strong><em>pauper</em></strong></span> <span class='ocrx_word' id='word_1_652' title='bbox 1615 4278 1693 4336; x_wconf 78' lang='lat' dir='ltr'><strong><em>sirari-</em></strong></span> 
     </span>
     <span class='ocr_line' id='line_1_46' title="bbox 70 4370 1692 4476; baseline -0.011 -33"><span class='ocrx_word' id='word_1_653' title='bbox 70 4404 148 4458; x_wconf 83' lang='lat' dir='ltr'><strong><em>rupcr</em></strong></span> <span class='ocrx_word' id='word_1_654' title='bbox 158 4403 265 4460; x_wconf 83' lang='lat' dir='ltr'><strong><em>eperum</em></strong></span> <span class='ocrx_word' id='word_1_655' title='bbox 274 4396 298 4442; x_wconf 89' lang='lat' dir='ltr'><strong><em>et</em></strong></span> <span class='ocrx_word' id='word_1_656' title='bbox 309 4401 459 4457; x_wconf 87' lang='lat' dir='ltr'><strong><em>pauperem,</em></strong></span> <span class='ocrx_word' id='word_1_657' title='bbox 471 4384 509 4439; x_wconf 89' lang='lat' dir='ltr'><strong><em>ita</em></strong></span> <span class='ocrx_word' id='word_1_658' title='bbox 523 4384 550 4439; x_wconf 90' lang='lat' dir='ltr'><strong><em>iu</em></strong></span> <span class='ocrx_word' id='word_1_659' title='bbox 566 4390 650 4440; x_wconf 90' lang='lat' dir='ltr'><strong><em>strato</em></strong></span> <span class='ocrx_word' id='word_1_660' title='bbox 661 4395 711 4438; x_wconf 90' lang='lat' dir='ltr'><strong><em>suo</em></strong></span> <span class='ocrx_word' id='word_1_661' title='bbox 722 4380 855 4452; x_wconf 90' lang='lat' dir='ltr'><strong><em>iuquieta—</em></strong></span> <span class='ocrx_word' id='word_1_662' title='bbox 870 4372 1048 4476; x_wconf 48' lang='lat' dir='ltr'><strong><em>1‚lilermala</em></strong></span> <span class='ocrx_word' id='word_1_663' title='bbox 1063 4373 1090 4427; x_wconf 84' lang='lat' dir='ltr'><strong><em>in</em></strong></span> <span class='ocrx_word' id='word_1_664' title='bbox 1104 4373 1155 4429; x_wconf 78' lang='lat' dir='ltr'><strong><em>hac</em></strong></span> <span class='ocrx_word' id='word_1_665' title='bbox 1168 4371 1221 4427; x_wconf 75' lang='lat' dir='ltr'><strong><em>tila</em></strong></span> <span class='ocrx_word' id='word_1_666' title='bbox 1236 4372 1338 4443; x_wconf 88' lang='lat' dir='ltr'><strong><em>recepit</em></strong></span> <span class='ocrx_word' id='word_1_667' title='bbox 1350 4387 1400 4441; x_wconf 85' lang='lat' dir='ltr'><strong><em>pro</em></strong></span> <span class='ocrx_word' id='word_1_668' title='bbox 1412 4371 1455 4428; x_wconf 88' lang='lat' dir='ltr'><strong><em>his</em></strong></span> <span class='ocrx_word' id='word_1_669' title='bbox 1467 4370 1585 4427; x_wconf 78' lang='lat' dir='ltr'><strong><em>maxime</em></strong></span> <span class='ocrx_word' id='word_1_670' title='bbox 1594 4385 1692 4442; x_wconf 64' lang='lat' dir='ltr'><strong><em>pecca</em></strong></span> 
     </span>
     <span class='ocr_line' id='line_1_47' title="bbox 72 4463 1690 4550; baseline -0.011 -15"><span class='ocrx_word' id='word_1_671' title='bbox 72 4488 126 4544; x_wconf 89' lang='lat' dir='ltr'><strong><em>tur,</em></strong></span> <span class='ocrx_word' id='word_1_672' title='bbox 149 4489 178 4535; x_wconf 92' lang='lat' dir='ltr'><strong><em>ut</em></strong></span> <span class='ocrx_word' id='word_1_673' title='bbox 197 4479 353 4550; x_wconf 82' lang='lat' dir='ltr'><strong><em>pradictum</em></strong></span> <span class='ocrx_word' id='word_1_674' title='bbox 370 4484 428 4533; x_wconf 87' lang='lat' dir='ltr'><strong><em>est.</em></strong></span> <span class='ocrx_word' id='word_1_675' title='bbox 446 4475 498 4531; x_wconf 87' lang='lat' dir='ltr'><strong><em>Sed</em></strong></span> <span class='ocrx_word' id='word_1_676' title='bbox 512 4476 567 4543; x_wconf 88' lang='lat' dir='ltr'><strong><em>ille,</em></strong></span> <span class='ocrx_word' id='word_1_677' title='bbox 592 4475 636 4544; x_wconf 85' lang='lat' dir='ltr'><strong><em>qni</em></strong></span> <span class='ocrx_word' id='word_1_678' title='bbox 658 4488 709 4527; x_wconf 90' lang='lat' dir='ltr'><strong><em>non</em></strong></span> <span class='ocrx_word' id='word_1_679' title='bbox 731 4470 854 4541; x_wconf 75' lang='lat' dir='ltr'><strong><em>intelligit</em></strong></span> <span class='ocrx_word' id='word_1_680' title='bbox 905 4465 951 4533; x_wconf 88' lang='lat' dir='ltr'><strong><em>tis,</em></strong></span> <span class='ocrx_word' id='word_1_681' title='bbox 965 4481 1027 4537; x_wconf 86' lang='lat' dir='ltr'><strong><em>qnae</em></strong></span> <span class='ocrx_word' id='word_1_682' title='bbox 1036 4464 1210 4522; x_wconf 80' lang='lat' dir='ltr'><strong><em>consessione</em></strong></span> <span class='ocrx_word' id='word_1_683' title='bbox 1223 4478 1255 4519; x_wconf 86' lang='lat' dir='ltr'><strong><em>nc</em></strong></span> <span class='ocrx_word' id='word_1_684' title='bbox 1267 4463 1425 4535; x_wconf 73' lang='lat' dir='ltr'><strong><em>paenitentia</em></strong></span> <span class='ocrx_word' id='word_1_685' title='bbox 1438 4463 1563 4535; x_wconf 85' lang='lat' dir='ltr'><strong><em>purgarit</em></strong></span> <span class='ocrx_word' id='word_1_686' title='bbox 1576 4463 1669 4520; x_wconf 88' lang='lat' dir='ltr'><strong><em>dicens</em></strong></span> <span class='ocrx_word' id='word_1_687' title='bbox 1683 4482 1690 4517; x_wconf 82' lang='lat' dir='ltr'><strong><em>z</em></strong></span> 
     </span>
     <span class='ocr_line' id='line_1_48' title="bbox 70 4555 1690 4641; baseline -0.012 -14"><span class='ocrx_word' id='word_1_688' title='bbox 70 4586 149 4640; x_wconf 80' lang='lat' dir='ltr'><strong><em>super</em></strong></span> <span class='ocrx_word' id='word_1_689' title='bbox 160 4586 266 4641; x_wconf 78' lang='lat' dir='ltr'><strong><em>egenum</em></strong></span> <span class='ocrx_word' id='word_1_690' title='bbox 280 4579 305 4625; x_wconf 88' lang='lat' dir='ltr'><strong><em>et</em></strong></span> <span class='ocrx_word' id='word_1_691' title='bbox 317 4585 467 4641; x_wconf 86' lang='lat' dir='ltr'><strong><em>pauperent,</em></strong></span> <span class='ocrx_word' id='word_1_692' title='bbox 480 4567 578 4624; x_wconf 90' lang='lat' dir='ltr'><strong><em>sinitur</em></strong></span> <span class='ocrx_word' id='word_1_693' title='bbox 592 4564 738 4637; x_wconf 88' lang='lat' dir='ltr'><strong><em>aliquando</em></strong></span> <span class='ocrx_word' id='word_1_694' title='bbox 757 4563 786 4618; x_wconf 91' lang='lat' dir='ltr'><strong><em>in</em></strong></span> <span class='ocrx_word' id='word_1_695' title='bbox 802 4562 855 4618; x_wconf 89' lang='lat' dir='ltr'><strong><em>huc</em></strong></span> <span class='ocrx_word' id='word_1_696' title='bbox 906 4555 962 4629; x_wconf 75' lang='lat' dir='ltr'><strong><em>ligo</em></strong></span> <span class='ocrx_word' id='word_1_697' title='bbox 971 4558 1028 4612; x_wconf 84' lang='lat' dir='ltr'><strong><em>dici</em></strong></span> <span class='ocrx_word' id='word_1_698' title='bbox 1043 4557 1179 4625; x_wconf 63' lang='lat' dir='ltr'><strong><em>:Domine</em></strong></span> <span class='ocrx_word' id='word_1_699' title='bbox 1194 4558 1315 4611; x_wconf 82' lang='lat' dir='ltr'><strong><em>mirerere</em></strong></span> <span class='ocrx_word' id='word_1_700' title='bbox 1326 4558 1387 4622; x_wconf 86' lang='lat' dir='ltr'><strong><em>mci,</em></strong></span> <span class='ocrx_word' id='word_1_701' title='bbox 1396 4573 1461 4611; x_wconf 83' lang='lat' dir='ltr'><strong><em>sano</em></strong></span> <span class='ocrx_word' id='word_1_702' title='bbox 1471 4556 1690 4621; x_wconf 84' lang='lat' dir='ltr'><strong><em>animommcam,</em></strong></span> 
     </span>
     <span class='ocr_line' id='line_1_49' title="bbox 71 4648 1155 4728; baseline -0.012 -11"><span class='ocrx_word' id='word_1_703' title='bbox 71 4663 174 4719; x_wconf 91' lang='lat' dir='ltr'><strong><em>munda</em></strong></span> <span class='ocrx_word' id='word_1_704' title='bbox 196 4662 306 4727; x_wconf 85' lang='lat' dir='ltr'><strong><em>babere,</em></strong></span> <span class='ocrx_word' id='word_1_705' title='bbox 325 4669 356 4716; x_wconf 88' lang='lat' dir='ltr'><strong><em>ut</em></strong></span> <span class='ocrx_word' id='word_1_706' title='bbox 366 4660 419 4717; x_wconf 89' lang='lat' dir='ltr'><strong><em>sibi</em></strong></span> <span class='ocrx_word' id='word_1_707' title='bbox 439 4659 558 4724; x_wconf 84' lang='lat' dir='ltr'><strong><em>ridetur,</em></strong></span> <span class='ocrx_word' id='word_1_708' title='bbox 575 4671 700 4728; x_wconf 92' lang='lat' dir='ltr'><strong><em>maguam</em></strong></span> <span class='ocrx_word' id='word_1_709' title='bbox 724 4655 751 4710; x_wconf 90' lang='lat' dir='ltr'><strong><em>in</em></strong></span> <span class='ocrx_word' id='word_1_710' title='bbox 769 4661 855 4711; x_wconf 90' lang='lat' dir='ltr'><strong><em>strato</em></strong></span> <span class='ocrx_word' id='word_1_711' title='bbox 904 4651 968 4721; x_wconf 89' lang='lat' dir='ltr'><strong><em>quia</em></strong></span> <span class='ocrx_word' id='word_1_712' title='bbox 982 4650 1085 4721; x_wconf 88' lang='lat' dir='ltr'><strong><em>peccaui</em></strong></span> <span class='ocrx_word' id='word_1_713' title='bbox 1098 4648 1155 4704; x_wconf 90' lang='lat' dir='ltr'><strong><em>tibi.</em></strong></span> 
     </span>
    </p>
   </div>
   <div class='ocr_carea' id='block_1_8' title="bbox 70 4738 1693 4913">
    <p class='ocr_par' dir='ltr' id='par_1_11' title="bbox 70 4738 1693 4913">
     <span class='ocr_line' id='line_1_50' title="bbox 71 4738 1693 4824; baseline -0.011 -14"><span class='ocrx_word' id='word_1_714' title='bbox 71 4769 122 4810; x_wconf 90' lang='lat' dir='ltr'><strong><em>suo</em></strong></span> <span class='ocrx_word' id='word_1_715' title='bbox 132 4754 260 4824; x_wconf 89' lang='lat' dir='ltr'><strong><em>quietem,</em></strong></span> <span class='ocrx_word' id='word_1_716' title='bbox 271 4752 327 4808; x_wconf 83' lang='lat' dir='ltr'><strong><em>Deo</em></strong></span> <span class='ocrx_word' id='word_1_717' title='bbox 338 4753 413 4808; x_wconf 87' lang='lat' dir='ltr'><strong><em>illurn</em></strong></span> <span class='ocrx_word' id='word_1_718' title='bbox 424 4760 580 4807; x_wconf 81' lang='lat' dir='ltr'><strong><em>reservante</em></strong></span> <span class='ocrx_word' id='word_1_719' title='bbox 590 4748 623 4805; x_wconf 88' lang='lat' dir='ltr'><strong><em>ad</em></strong></span> <span class='ocrx_word' id='word_1_720' title='bbox 637 4757 765 4803; x_wconf 75' lang='lat' dir='ltr'><strong><em>aenruam</em></strong></span> <span class='ocrx_word' id='word_1_721' title='bbox 776 4747 855 4803; x_wconf 90' lang='lat' dir='ltr'><strong><em>dam·</em></strong></span> <span class='ocrx_word' id='word_1_722' title='bbox 940 4738 1693 4815; x_wconf 81' lang='lat' dir='ltr'><strong><em>igituregoDavid,velcgoquiuispoenitensiuhoePsal-</em></strong></span> 
     </span>
     <span class='ocr_line' id='line_1_51' title="bbox 70 4831 1691 4913; baseline -0.008 -12"><span class='ocrx_word' id='word_1_723' title='bbox 70 4845 219 4901; x_wconf 86' lang='lat' dir='ltr'><strong><em>nationem.</em></strong></span> <span class='ocrx_word' id='word_1_724' title='bbox 243 4841 288 4899; x_wconf 88' lang='lat' dir='ltr'><strong><em>Sic</em></strong></span> <span class='ocrx_word' id='word_1_725' title='bbox 310 4839 354 4899; x_wconf 89' lang='lat' dir='ltr'><strong><em>illo</em></strong></span> <span class='ocrx_word' id='word_1_726' title='bbox 376 4843 462 4909; x_wconf 83' lang='lat' dir='ltr'><strong><em>uiues,</em></strong></span> <span class='ocrx_word' id='word_1_727' title='bbox 488 4841 535 4913; x_wconf 91' lang='lat' dir='ltr'><strong><em>qui</em></strong></span> <span class='ocrx_word' id='word_1_728' title='bbox 557 4838 715 4911; x_wconf 84' lang='lat' dir='ltr'><strong><em>epulabatur</em></strong></span> <span class='ocrx_word' id='word_1_729' title='bbox 738 4838 855 4910; x_wconf 86' lang='lat' dir='ltr'><strong><em>qnotidie</em></strong></span> <span class='ocrx_word' id='word_1_730' title='bbox 905 4831 1691 4903; x_wconf 81' lang='lat' dir='ltr'><strong><em>mujueundocumcitlrara,caruenidclioetinlcctodoio·</em></strong></span> 
     </span>
    </p>
   </div>
   <div class='ocr_carea' id='block_1_9' title="bbox 68 4924 1692 5742">
    <p class='ocr_par' dir='ltr' id='par_1_12' title="bbox 68 4924 1692 5742">
     <span class='ocr_line' id='line_1_52' title="bbox 70 4924 1692 5007; baseline -0.007 -16"><span class='ocrx_word' id='word_1_731' title='bbox 70 4935 205 5007; x_wconf 86' lang='lat' dir='ltr'><strong><em>splendide</em></strong></span> <span class='ocrx_word' id='word_1_732' title='bbox 227 4934 301 5006; x_wconf 81' lang='lat' dir='ltr'><strong><em>(Luc.</em></strong></span> <span class='ocrx_word' id='word_1_733' title='bbox 317 4935 484 5004; x_wconf 83' lang='lat' dir='ltr'><strong><em>xr1,lll)‚iu</em></strong></span> <span class='ocrx_word' id='word_1_734' title='bbox 500 4943 587 4989; x_wconf 90' lang='lat' dir='ltr'><strong><em>strato</em></strong></span> <span class='ocrx_word' id='word_1_735' title='bbox 605 4947 655 4987; x_wconf 89' lang='lat' dir='ltr'><strong><em>sua</em></strong></span> <span class='ocrx_word' id='word_1_736' title='bbox 668 4929 752 4985; x_wconf 88' lang='lat' dir='ltr'><strong><em>lulius</em></strong></span> <span class='ocrx_word' id='word_1_737' title='bbox 769 4928 855 4985; x_wconf 88' lang='lat' dir='ltr'><strong><em>multa</em></strong></span> <span class='ocrx_word' id='word_1_738' title='bbox 904 4926 1048 4984; x_wconf 83' lang='lat' dir='ltr'><strong><em>risalilicla</em></strong></span> <span class='ocrx_word' id='word_1_739' title='bbox 1058 4926 1120 4983; x_wconf 88' lang='lat' dir='ltr'><strong><em>dico</em></strong></span> <span class='ocrx_word' id='word_1_740' title='bbox 1132 4927 1256 4993; x_wconf 89' lang='lat' dir='ltr'><strong><em>libenter,</em></strong></span> <span class='ocrx_word' id='word_1_741' title='bbox 1266 4924 1532 4997; x_wconf 88' lang='lat' dir='ltr'><strong><em>dicuintelligenter;</em></strong></span> <span class='ocrx_word' id='word_1_742' title='bbox 1547 4924 1692 4980; x_wconf 83' lang='lat' dir='ltr'><strong><em>vexatione</em></strong></span> 
     </span>
     <span class='ocr_line' id='line_1_53' title="bbox 70 5013 1692 5099; baseline -0.009 -15"><span class='ocrx_word' id='word_1_743' title='bbox 70 5028 197 5099; x_wconf 77' lang='lat' dir='ltr'><strong><em>congerie</em></strong></span> <span class='ocrx_word' id='word_1_744' title='bbox 210 5027 362 5099; x_wconf 88' lang='lat' dir='ltr'><strong><em>palearum,</em></strong></span> <span class='ocrx_word' id='word_1_745' title='bbox 379 5036 550 5083; x_wconf 88' lang='lat' dir='ltr'><strong><em>terrenarum</em></strong></span> <span class='ocrx_word' id='word_1_746' title='bbox 572 5022 696 5078; x_wconf 82' lang='lat' dir='ltr'><strong><em>videlicet</em></strong></span> <span class='ocrx_word' id='word_1_747' title='bbox 713 5019 854 5091; x_wconf 88' lang='lat' dir='ltr'><strong><em>copiarum</em></strong></span> <span class='ocrx_word' id='word_1_748' title='bbox 904 5019 1044 5078; x_wconf 86' lang='lat' dir='ltr'><strong><em>stratimei</em></strong></span> <span class='ocrx_word' id='word_1_749' title='bbox 1056 5017 1155 5075; x_wconf 81' lang='lat' dir='ltr'><strong><em>versati</em></strong></span> <span class='ocrx_word' id='word_1_750' title='bbox 1168 5018 1419 5075; x_wconf 88' lang='lat' dir='ltr'><strong><em>danteintelleetum</em></strong></span> <span class='ocrx_word' id='word_1_751' title='bbox 1429 5013 1692 5083; x_wconf 79' lang='lat' dir='ltr'><strong><em>audituimeo.0uid</em></strong></span> 
     </span>
     <span class='ocr_line' id='line_1_54' title="bbox 70 5106 1691 5192; baseline -0.009 -16"><span class='ocrx_word' id='word_1_752' title='bbox 70 5122 174 5192; x_wconf 81' lang='lat' dir='ltr'><strong><em>quievit</em></strong></span> <span class='ocrx_word' id='word_1_753' title='bbox 188 5121 350 5177; x_wconf 88' lang='lat' dir='ltr'><strong><em>mollissime</em></strong></span> <span class='ocrx_word' id='word_1_754' title='bbox 362 5120 499 5192; x_wconf 86' lang='lat' dir='ltr'><strong><em>recipiens</em></strong></span> <span class='ocrx_word' id='word_1_755' title='bbox 513 5119 585 5175; x_wconf 88' lang='lat' dir='ltr'><strong><em>bona</em></strong></span> <span class='ocrx_word' id='word_1_756' title='bbox 603 5117 632 5171; x_wconf 90' lang='lat' dir='ltr'><strong><em>iu</em></strong></span> <span class='ocrx_word' id='word_1_757' title='bbox 647 5114 702 5170; x_wconf 83' lang='lat' dir='ltr'><strong><em>rita</em></strong></span> <span class='ocrx_word' id='word_1_758' title='bbox 715 5129 775 5180; x_wconf 90' lang='lat' dir='ltr'><strong><em>sua,</em></strong></span> <span class='ocrx_word' id='word_1_759' title='bbox 790 5113 854 5184; x_wconf 91' lang='lat' dir='ltr'><strong><em>quia</em></strong></span> <span class='ocrx_word' id='word_1_760' title='bbox 904 5113 986 5169; x_wconf 86' lang='lat' dir='ltr'><strong><em>dicul</em></strong></span> <span class='ocrx_word' id='word_1_761' title='bbox 1005 5110 1122 5167; x_wconf 74' lang='lat' dir='ltr'><strong><em>Verbum</em></strong></span> <span class='ocrx_word' id='word_1_762' title='bbox 1137 5109 1330 5179; x_wconf 87' lang='lat' dir='ltr'><strong><em>conlessionis,</em></strong></span> <span class='ocrx_word' id='word_1_763' title='bbox 1343 5121 1370 5167; x_wconf 88' lang='lat' dir='ltr'><strong><em>et</em></strong></span> <span class='ocrx_word' id='word_1_764' title='bbox 1381 5111 1524 5173; x_wconf 86' lang='lat' dir='ltr'><strong><em>orationis,</em></strong></span> <span class='ocrx_word' id='word_1_765' title='bbox 1541 5108 1593 5164; x_wconf 86' lang='lat' dir='ltr'><strong><em>linc</em></strong></span> <span class='ocrx_word' id='word_1_766' title='bbox 1613 5106 1691 5163; x_wconf 84' lang='lat' dir='ltr'><strong><em>scili-</em></strong></span> 
     </span>
     <span class='ocr_line' id='line_1_55' title="bbox 69 5201 1691 5283; baseline -0.009 -15"><span class='ocrx_word' id='word_1_767' title='bbox 69 5214 169 5283; x_wconf 85' lang='lat' dir='ltr'><strong><em>dignus</em></strong></span> <span class='ocrx_word' id='word_1_768' title='bbox 183 5226 238 5267; x_wconf 91' lang='lat' dir='ltr'><strong><em>nun</em></strong></span> <span class='ocrx_word' id='word_1_769' title='bbox 252 5210 304 5267; x_wconf 89' lang='lat' dir='ltr'><strong><em>luit</em></strong></span> <span class='ocrx_word' id='word_1_770' title='bbox 315 5210 442 5283; x_wconf 86' lang='lat' dir='ltr'><strong><em>castigari</em></strong></span> <span class='ocrx_word' id='word_1_771' title='bbox 457 5219 484 5266; x_wconf 87' lang='lat' dir='ltr'><strong><em>et</em></strong></span> <span class='ocrx_word' id='word_1_772' title='bbox 496 5207 646 5274; x_wconf 87' lang='lat' dir='ltr'><strong><em>emendari,</em></strong></span> <span class='ocrx_word' id='word_1_773' title='bbox 658 5221 720 5262; x_wconf 88' lang='lat' dir='ltr'><strong><em>euru</em></strong></span> <span class='ocrx_word' id='word_1_774' title='bbox 736 5221 792 5261; x_wconf 89' lang='lat' dir='ltr'><strong><em>uun</em></strong></span> <span class='ocrx_word' id='word_1_775' title='bbox 807 5205 855 5262; x_wconf 85' lang='lat' dir='ltr'><strong><em>lra-</em></strong></span> <span class='ocrx_word' id='word_1_776' title='bbox 905 5214 948 5262; x_wconf 88' lang='lat' dir='ltr'><strong><em>cet</em></strong></span> <span class='ocrx_word' id='word_1_777' title='bbox 965 5223 971 5262; x_wconf 76' lang='grc' dir='ltr'><strong><em>ε</em></strong></span> <span class='ocrx_word' id='word_1_778' title='bbox 987 5204 1044 5277; x_wconf 83' lang='lat' dir='ltr'><strong><em>Epo</em></strong></span> <span class='ocrx_word' id='word_1_779' title='bbox 1055 5205 1113 5259; x_wconf 80' lang='lat' dir='ltr'><strong><em>disi</em></strong></span> <span class='ocrx_word' id='word_1_780' title='bbox 1128 5220 1138 5258; x_wconf 91' lang='grc'><strong><em>.·</em></strong></span> <span class='ocrx_word' id='word_1_781' title='bbox 1153 5204 1276 5272; x_wconf 87' lang='lat' dir='ltr'><strong><em>llomine,</em></strong></span> <span class='ocrx_word' id='word_1_782' title='bbox 1286 5204 1407 5258; x_wconf 84' lang='lat' dir='ltr'><strong><em>miserere</em></strong></span> <span class='ocrx_word' id='word_1_783' title='bbox 1419 5203 1480 5268; x_wconf 71' lang='lat' dir='ltr'><strong><em>md,</em></strong></span> <span class='ocrx_word' id='word_1_784' title='bbox 1493 5218 1559 5256; x_wconf 80' lang='lat' dir='ltr'><strong><em>sana</em></strong></span> <span class='ocrx_word' id='word_1_785' title='bbox 1572 5201 1691 5255; x_wconf 87' lang='lat' dir='ltr'><strong><em>animant</em></strong></span> 
     </span>
     <span class='ocr_line' id='line_1_56' title="bbox 68 5291 1692 5373; baseline -0.011 -12"><span class='ocrx_word' id='word_1_786' title='bbox 68 5306 145 5361; x_wconf 87' lang='lat' dir='ltr'><strong><em>beret</em></strong></span> <span class='ocrx_word' id='word_1_787' title='bbox 159 5304 244 5360; x_wconf 89' lang='lat' dir='ltr'><strong><em>ullum</em></strong></span> <span class='ocrx_word' id='word_1_788' title='bbox 269 5302 377 5373; x_wconf 88' lang='lat' dir='ltr'><strong><em>pietatis</em></strong></span> <span class='ocrx_word' id='word_1_789' title='bbox 402 5303 568 5359; x_wconf 85' lang='lat' dir='ltr'><strong><em>intellectum</em></strong></span> <span class='ocrx_word' id='word_1_790' title='bbox 595 5315 673 5370; x_wconf 87' lang='lat' dir='ltr'><strong><em>super</em></strong></span> <span class='ocrx_word' id='word_1_791' title='bbox 694 5313 802 5369; x_wconf 78' lang='lat' dir='ltr'><strong><em>eperum</em></strong></span> <span class='ocrx_word' id='word_1_792' title='bbox 827 5307 851 5352; x_wconf 89' lang='lat' dir='ltr'><strong><em>et</em></strong></span> <span class='ocrx_word' id='word_1_793' title='bbox 903 5311 1000 5362; x_wconf 89' lang='lat' dir='ltr'><strong><em>meam,</em></strong></span> <span class='ocrx_word' id='word_1_794' title='bbox 1013 5298 1076 5367; x_wconf 89' lang='lat' dir='ltr'><strong><em>qaia</em></strong></span> <span class='ocrx_word' id='word_1_795' title='bbox 1096 5296 1200 5367; x_wconf 85' lang='lat' dir='ltr'><strong><em>peccaui</em></strong></span> <span class='ocrx_word' id='word_1_796' title='bbox 1216 5295 1275 5350; x_wconf 84' lang='lat' dir='ltr'><strong><em>tibi.</em></strong></span> <span class='ocrx_word' id='word_1_797' title='bbox 1288 5292 1345 5364; x_wconf 85' lang='lat' dir='ltr'><strong><em>Ego</em></strong></span> <span class='ocrx_word' id='word_1_798' title='bbox 1359 5309 1431 5360; x_wconf 86' lang='lat' dir='ltr'><strong><em>sum,</em></strong></span> <span class='ocrx_word' id='word_1_799' title='bbox 1444 5293 1490 5364; x_wconf 91' lang='lat' dir='ltr'><strong><em>qui</em></strong></span> <span class='ocrx_word' id='word_1_800' title='bbox 1505 5291 1627 5363; x_wconf 81' lang='lat' dir='ltr'><strong><em>peccaui,</em></strong></span> <span class='ocrx_word' id='word_1_801' title='bbox 1639 5303 1692 5360; x_wconf 87' lang='lat' dir='ltr'><strong><em>egn</em></strong></span> 
     </span>
     <span class='ocr_line' id='line_1_57' title="bbox 69 5381 1688 5467; baseline -0.009 -17"><span class='ocrx_word' id='word_1_802' title='bbox 69 5412 208 5467; x_wconf 85' lang='lat' dir='ltr'><strong><em>pauperem</em></strong></span> <span class='ocrx_word' id='word_1_803' title='bbox 219 5395 353 5451; x_wconf 83' lang='lat' dir='ltr'><strong><em>Lanarum</em></strong></span> <span class='ocrx_word' id='word_1_804' title='bbox 364 5403 427 5451; x_wconf 89' lang='lat' dir='ltr'><strong><em>aute</em></strong></span> <span class='ocrx_word' id='word_1_805' title='bbox 438 5393 538 5465; x_wconf 82' lang='lat' dir='ltr'><strong><em>januas</em></strong></span> <span class='ocrx_word' id='word_1_806' title='bbox 548 5389 854 5464; x_wconf 75' lang='lat' dir='ltr'><strong><em>ejusJacentem.Porr0</em></strong></span> <span class='ocrx_word' id='word_1_807' title='bbox 905 5387 997 5459; x_wconf 87' lang='lat' dir='ltr'><strong><em>inique</em></strong></span> <span class='ocrx_word' id='word_1_808' title='bbox 1010 5387 1064 5461; x_wconf 87' lang='lat' dir='ltr'><strong><em>egi,</em></strong></span> <span class='ocrx_word' id='word_1_809' title='bbox 1080 5401 1131 5459; x_wconf 87' lang='lat' dir='ltr'><strong><em>ego</em></strong></span> <span class='ocrx_word' id='word_1_810' title='bbox 1142 5385 1247 5458; x_wconf 83' lang='lat' dir='ltr'><strong><em>peccari</em></strong></span> <span class='ocrx_word' id='word_1_811' title='bbox 1259 5384 1319 5452; x_wconf 90' lang='lat' dir='ltr'><strong><em>tibi,</em></strong></span> <span class='ocrx_word' id='word_1_812' title='bbox 1327 5385 1380 5441; x_wconf 85' lang='lat' dir='ltr'><strong><em>boo</em></strong></span> <span class='ocrx_word' id='word_1_813' title='bbox 1390 5386 1462 5451; x_wconf 88' lang='lat' dir='ltr'><strong><em>dico,</em></strong></span> <span class='ocrx_word' id='word_1_814' title='bbox 1473 5393 1501 5440; x_wconf 86' lang='lat' dir='ltr'><strong><em>et</em></strong></span> <span class='ocrx_word' id='word_1_815' title='bbox 1513 5383 1609 5440; x_wconf 88' lang='lat' dir='ltr'><strong><em>crebro</em></strong></span> <span class='ocrx_word' id='word_1_816' title='bbox 1620 5381 1688 5450; x_wconf 84' lang='lat' dir='ltr'><strong><em>dixi,</em></strong></span> 
     </span>
     <span class='ocr_line' id='line_1_58' title="bbox 70 5478 1690 5559; baseline -0.008 -16"><span class='ocrx_word' id='word_1_817' title='bbox 70 5488 142 5544; x_wconf 90' lang='lat' dir='ltr'><strong><em>illius</em></strong></span> <span class='ocrx_word' id='word_1_818' title='bbox 153 5487 280 5558; x_wconf 87' lang='lat' dir='ltr'><strong><em>pauperis</em></strong></span> <span class='ocrx_word' id='word_1_819' title='bbox 295 5497 322 5543; x_wconf 89' lang='lat' dir='ltr'><strong><em>et</em></strong></span> <span class='ocrx_word' id='word_1_820' title='bbox 343 5485 432 5559; x_wconf 90' lang='lat' dir='ltr'><strong><em>egeni,</em></strong></span> <span class='ocrx_word' id='word_1_821' title='bbox 448 5486 495 5557; x_wconf 90' lang='lat' dir='ltr'><strong><em>qui</em></strong></span> <span class='ocrx_word' id='word_1_822' title='bbox 520 5486 547 5541; x_wconf 90' lang='lat' dir='ltr'><strong><em>in</em></strong></span> <span class='ocrx_word' id='word_1_823' title='bbox 564 5486 615 5541; x_wconf 89' lang='lat' dir='ltr'><strong><em>hac</em></strong></span> <span class='ocrx_word' id='word_1_824' title='bbox 638 5485 692 5540; x_wconf 87' lang='lat' dir='ltr'><strong><em>uita</em></strong></span> <span class='ocrx_word' id='word_1_825' title='bbox 705 5498 755 5555; x_wconf 87' lang='lat' dir='ltr'><strong><em>pro</em></strong></span> <span class='ocrx_word' id='word_1_826' title='bbox 769 5491 854 5539; x_wconf 89' lang='lat' dir='ltr'><strong><em>stratu</em></strong></span> <span class='ocrx_word' id='word_1_827' title='bbox 903 5480 1014 5553; x_wconf 89' lang='lat' dir='ltr'><strong><em>quaudo</em></strong></span> <span class='ocrx_word' id='word_1_828' title='bbox 1036 5490 1122 5537; x_wconf 88' lang='lat' dir='ltr'><strong><em>stratu</em></strong></span> <span class='ocrx_word' id='word_1_829' title='bbox 1137 5495 1198 5536; x_wconf 84' lang='lat' dir='ltr'><strong><em>meo</em></strong></span> <span class='ocrx_word' id='word_1_830' title='bbox 1209 5478 1409 5536; x_wconf 82' lang='lat' dir='ltr'><strong><em>versatoetiam</em></strong></span> <span class='ocrx_word' id='word_1_831' title='bbox 1426 5478 1582 5533; x_wconf 86' lang='lat' dir='ltr'><strong><em>innoeentes</em></strong></span> <span class='ocrx_word' id='word_1_832' title='bbox 1595 5489 1690 5546; x_wconf 85' lang='lat' dir='ltr'><strong><em>perso-</em></strong></span> 
     </span>
     <span class='ocr_line' id='line_1_59' title="bbox 70 5566 1689 5649; baseline -0.01 -14"><span class='ocrx_word' id='word_1_833' title='bbox 70 5578 246 5649; x_wconf 84' lang='lat' dir='ltr'><strong><em>reqnietionis</em></strong></span> <span class='ocrx_word' id='word_1_834' title='bbox 261 5577 358 5636; x_wconf 87' lang='lat' dir='ltr'><strong><em>babuit</em></strong></span> <span class='ocrx_word' id='word_1_835' title='bbox 378 5578 477 5633; x_wconf 90' lang='lat' dir='ltr'><strong><em>lectum</em></strong></span> <span class='ocrx_word' id='word_1_836' title='bbox 488 5576 602 5642; x_wconf 88' lang='lat' dir='ltr'><strong><em>doloris,</em></strong></span> <span class='ocrx_word' id='word_1_837' title='bbox 621 5576 683 5632; x_wconf 89' lang='lat' dir='ltr'><strong><em>talis</em></strong></span> <span class='ocrx_word' id='word_1_838' title='bbox 704 5573 854 5630; x_wconf 87' lang='lat' dir='ltr'><strong><em>intellectus</em></strong></span> <span class='ocrx_word' id='word_1_839' title='bbox 904 5590 954 5630; x_wconf 86' lang='lat' dir='ltr'><strong><em>nas</em></strong></span> <span class='ocrx_word' id='word_1_840' title='bbox 977 5572 1123 5644; x_wconf 90' lang='lat' dir='ltr'><strong><em>inquietari</em></strong></span> <span class='ocrx_word' id='word_1_841' title='bbox 1147 5572 1272 5645; x_wconf 90' lang='lat' dir='ltr'><strong><em>contigit,</em></strong></span> <span class='ocrx_word' id='word_1_842' title='bbox 1295 5588 1357 5628; x_wconf 88' lang='lat' dir='ltr'><strong><em>cum</em></strong></span> <span class='ocrx_word' id='word_1_843' title='bbox 1375 5568 1554 5644; x_wconf 88' lang='lat' dir='ltr'><strong><em>quibusmihi</em></strong></span> <span class='ocrx_word' id='word_1_844' title='bbox 1568 5566 1689 5625; x_wconf 75' lang='lat' dir='ltr'><strong><em>suaviter</em></strong></span> 
     </span>
     <span class='ocr_line' id='line_1_60' title="bbox 71 5657 1688 5742; baseline -0.007 -18"><span class='ocrx_word' id='word_1_845' title='bbox 71 5670 206 5742; x_wconf 88' lang='lat' dir='ltr'><strong><em>iuitsuper</em></strong></span> <span class='ocrx_word' id='word_1_846' title='bbox 217 5684 248 5727; x_wconf 86' lang='lat' dir='ltr'><strong><em>so</em></strong></span> <span class='ocrx_word' id='word_1_847' title='bbox 261 5670 351 5741; x_wconf 82' lang='lat' dir='ltr'><strong><em>ipsum</em></strong></span> <span class='ocrx_word' id='word_1_848' title='bbox 365 5684 505 5740; x_wconf 79' lang='lat' dir='ltr'><strong><em>pauperem</em></strong></span> <span class='ocrx_word' id='word_1_849' title='bbox 521 5676 546 5723; x_wconf 89' lang='lat' dir='ltr'><strong><em>et</em></strong></span> <span class='ocrx_word' id='word_1_850' title='bbox 563 5684 680 5740; x_wconf 80' lang='lat' dir='ltr'><strong><em>egenum,</em></strong></span> <span class='ocrx_word' id='word_1_851' title='bbox 697 5675 727 5724; x_wconf 91' lang='lat' dir='ltr'><strong><em>ut</em></strong></span> <span class='ocrx_word' id='word_1_852' title='bbox 743 5666 769 5723; x_wconf 91' lang='lat' dir='ltr'><strong><em>in</em></strong></span> <span class='ocrx_word' id='word_1_853' title='bbox 790 5680 852 5722; x_wconf 92' lang='lat' dir='ltr'><strong><em>ora·</em></strong></span> <span class='ocrx_word' id='word_1_854' title='bbox 904 5665 1063 5736; x_wconf 86' lang='lat' dir='ltr'><strong><em>quiescendi</em></strong></span> <span class='ocrx_word' id='word_1_855' title='bbox 1087 5674 1210 5736; x_wconf 89' lang='lat' dir='ltr'><strong><em>optatum</em></strong></span> <span class='ocrx_word' id='word_1_856' title='bbox 1226 5665 1287 5720; x_wconf 87' lang='lat' dir='ltr'><strong><em>luit.</em></strong></span> <span class='ocrx_word' id='word_1_857' title='bbox 1312 5664 1368 5738; x_wconf 83' lang='lat' dir='ltr'><strong><em>Epo</em></strong></span> <span class='ocrx_word' id='word_1_858' title='bbox 1387 5665 1445 5720; x_wconf 77' lang='lat' dir='ltr'><strong><em>disi</em></strong></span> <span class='ocrx_word' id='word_1_859' title='bbox 1461 5661 1624 5735; x_wconf 71' lang='lat' dir='ltr'><strong><em>clipunum,</em></strong></span> <span class='ocrx_word' id='word_1_860' title='bbox 1641 5657 1688 5732; x_wconf 81' lang='lat' dir='ltr'><strong><em>qni</em></strong></span> 
     </span>
    </p>
   </div>
   <div class='ocr_carea' id='block_1_10' title="bbox 0 0 1916 6000">
    <p class='ocr_par' dir='ltr' id='par_1_13' title="bbox 0 0 1916 6000">
     <span class='ocr_line' id='line_1_61' title="bbox 0 0 1916 6000; baseline 0 0"><span class='ocrx_word' id='word_1_861' title='bbox 0 0 1916 6000; x_wconf 95' lang='lat' dir='ltr'><strong><em> </em></strong></span> 
     </span>
    </p>
   </div>
  </div>
 </body>
</html>
