3817 6000
146 203 206 274 92l²
631 207 786 283 quhtloitt
805 205 1001 270 PRAEPOSll‘l
1022 208 1296 271 hutetttthsrnttu.
1728 220 1791 276 928

147 340 225 388 satur
257 328 286 385 lo
312 327 427 401 singulis
450 329 591 401 quantitas
615 330 707 401 potius
734 328 887 388 allectionis
911 335 940 384 et
953 333 977 392 Λ
990 327 1095 401 gelistc
1109 338 1200 385 autem
1216 344 1271 384 uon
1286 313 1536 389 soirnnnrnodoroce
1549 332 1792 403 predicaverunt,

147 423 252 479 lrrtinrae
277 421 448 489 devotionis,
478 437 561 494 qnam
589 417 732 478 forinsecae
758 419 938 491 operationis,
989 421 1036 477 sed
1054 430 1083 477 et
1102 421 1247 477 scribendo
1259 422 1525 492 evangelizaturum.
1540 425 1643 482 Deinde
1655 435 1792 497 pastores

147 527 179 572 ut
207 514 276 571 rriiril
302 514 391 572 simus
421 511 541 584 solliciti,
562 515 670 572 etiamsi
701 529 757 572 non
787 514 939 587 poterimus
989 522 1016 569 et
1030 512 1157 568 doctores
1177 511 1309 567 rrmndum
1334 512 1515 582 repleverunt,
1537 529 1655 586 quorum
1679 518 1792 590 singuli

147 621 198 679 per
214 621 328 680 magnas
348 607 458 663 divitias
474 606 516 663 nei
536 608 683 681 dignitates
696 606 841 663 ostendere
854 606 940 663 lorin·
990 605 1049 661 suls
1061 604 1128 661 locis
1142 602 1308 680 praeluerorrt
1323 612 1351 659 et
1362 604 1534 675 protuerunt,
1553 605 1696 675 habentes,
1707 616 1741 665 at
1760 609 1792 665 iu

148 714 229 756 secus
245 698 308 753 boni
320 707 347 754 et
364 698 455 770 magui
471 699 561 770 operis
575 698 713 763 ellectum,
729 696 878 755 dummodo
898 698 941 753 in·
990 694 1042 753 iob
1055 696 1163 769 legitur,
1179 712 1242 753 cuno
1259 694 1331 767 gallo
1349 695 1557 769 intelligentiam
1573 696 1645 770 (lob.
1665 716 1792 766 rsnrnnr,

149 790 288 848 trinsecus
312 805 442 872 maguum
464 790 521 847 lleo
545 791 726 848 exhibeamus
748 789 852 846 aaronis
876 790 942 847 alie·
992 789 1048 859 36),
1065 805 1207 860 perquam
1223 802 1481 848 norcrmrtserrare
1496 793 1747 864 tempona‚quibus
1761 804 1794 849 et

149 891 234 939 ctum.
993 881 1156 953 semctipsos
1169 883 1221 939 alis
1236 885 1354 956 propriis
1366 885 1536 941 concitarent
1551 885 1620 942 bene
1632 886 1792 956 operando,

186 974 239 1032 sen
261 974 327 1031 dicit
341 975 463 1047 aliquis:
486 975 557 1048 Ergo
570 990 717 1047 possumus
732 974 868 1046 paridcari
882 990 942 1030 me·
993 985 1018 1032 et
1030 976 1092 1032 aliis
1107 977 1335 1049 propinquantem
1357 980 1429 1036 diem
1452 979 1631 1050 praecinerent
1651 978 1721 1034 berre
1743 978 1794 1032 ha·

150 1066 213 1124 ritis
232 1067 417 1137 apostolorum
434 1066 607 1150 solummodo
624 1067 755 1124 habentes
766 1082 894 1139 magnum
909 1065 942 1122 ll·
995 1070 1103 1142 qucndo
1125 1081 1154 1125 et
1166 1070 1298 1127 docendo.
1316 1069 1393 1127 Unde
1409 1082 1481 1126 necte
1498 1080 1623 1141 pastores
1640 1079 1668 1126 et
1687 1071 1794 1126 docto·

151 1158 195 1215 dei
210 1166 238 1214 et
250 1159 405 1218 dilectionis
421 1160 560 1228 adortum,
577 1177 631 1216 non
642 1161 735 1232 operis
750 1159 888 1217 ellectum.
901 1159 941 1215 Ad
995 1179 1040 1219 rrs
1051 1162 1116 1219 dicti
1130 1170 1203 1218 sunt.
1217 1162 1355 1228 Pastores,
1368 1163 1433 1235 qnia
1453 1162 1581 1234 exemplo
1599 1162 1677 1217 borrae
1688 1177 1794 1232 open·

152 1251 222 1315 inne,
247 1251 358 1321 inquam
377 1269 384 1308 :
406 1250 549 1309 Per-lectus
572 1252 619 1308 [iel
638 1268 717 1309 annor
735 1267 875 1323 nunquam
902 1259 946 1308 est
996 1251 1195 1310 tionisducunt
1209 1269 1274 1310 ores
1297 1252 1331 1308 ad
1351 1268 1452 1323 pascua
1474 1253 1547 1319 ritae,
1570 1253 1642 1309 sicut
1664 1253 1794 1308 debono

152 1352 269 1401 otiosus.
293 1346 427 1417 Operatur
441 1346 513 1401 enim
534 1362 643 1418 magna,
660 1346 684 1404 si
697 1356 758 1415 est;
780 1345 804 1403 si
820 1361 884 1402 reno
900 1362 945 1402 re·
996 1355 1107 1418 pastore
1127 1346 1224 1418 legitur
1242 1366 1250 1402 z
1267 1361 1276 1400 n
1295 1347 1404 1402 Etcum
1426 1346 1552 1416 proprias
1569 1362 1635 1402 ores
1653 1345 1794 1412 eiuiserit,

153 1434 215 1489 nuit
234 1435 352 1505 operari,
366 1449 444 1491 amor
464 1449 519 1491 nou
540 1443 592 1492 est.
607 1434 671 1493 ideo
692 1436 739 1508 qni
751 1436 879 1493 ridentur
894 1435 945 1491 ha·
997 1447 1060 1495 ante
1085 1455 1132 1495 eas
1146 1439 1231 1508 radit,
1253 1448 1281 1495 ct
1294 1454 1360 1495 ores
1381 1439 1458 1495 iilum
1483 1436 1742 1510 sequurrturilonrrn.
1761 1454 1794 1504 ι,

154 1524 219 1581 lrere
241 1526 372 1582 bonitatis
392 1525 538 1594 auectam,
562 1527 617 1584 uisi
638 1528 758 1584 babeant
778 1536 806 1583 ct
820 1526 952 1598 ellectum⁴
997 1529 1037 1599 l).
1060 1549 1070 1583 n
1093 1529 1178 1601 igitur
1201 1542 1263 1586 ante
1284 1547 1349 1588 ores
1363 1532 1402 1588 ine
1417 1530 1600 1602 perexcmpia
1618 1531 1700 1594 iruna,
1722 1529 1792 1586 bonl

155 1617 335 1694 temporibus,
349 1618 419 1676 loeis
431 1628 458 1676 et
471 1619 567 1676 oliiclis
581 1619 640 1676 sois
651 1633 949 1695 congruumcompro-
998 1634 1041 1681 est
1062 1624 1192 1697 pastoris.
1206 1624 1239 1681 Et
1256 1625 1321 1696 quia
1336 1625 1419 1697 erepit
1433 1624 1513 1680 lesus
1528 1623 1617 1680 lacere
1635 1632 1663 1679 et
1675 1622 1792 1685 dooere.

155 1709 255 1765 bantur
269 1727 321 1767 nee
332 1711 459 1768 allectum
475 1711 587 1777 babere.
598 1727 680 1786 quem
694 1728 725 1770 se
739 1721 846 1786 putant,
860 1712 902 1768 rel
913 1712 948 1769 ab
963 1712 985 1768 li
999 1734 1062 1774 corn
1084 1726 1111 1773 ct
1127 1717 1196 1788 ipse,
1218 1733 1280 1789 quac
1300 1717 1366 1773 iacit
1387 1733 1478 1788 opere,
1491 1717 1572 1772 docet
1591 1714 1687 1780 rerbo,
1707 1714 1797 1770 habet

156 1800 217 1858 aliis
238 1810 371 1875 putantur
396 1803 506 1868 haltere,
532 1804 606 1860 renbi
629 1804 733 1877 gratia,
759 1804 816 1861 alia
838 1802 951 1862 luerunt
1000 1809 1102 1881 pariter
1118 1797 1235 1865 alliciur'n
1250 1810 1369 1881 pastoris
1391 1809 1564 1866 etdoctonis
1577 1807 1675 1865 Oriunn
1697 1815 1795 1862 autem

157 1894 358 1966 ioca,tempona
368 1902 396 1949 et
406 1893 493 1950 officia
505 1895 711 1967 prophetarum,
724 1894 775 1949 alia
790 1903 950 1950 sanctorum
1001 1899 1075 1971 qnod
1089 1901 1142 1956 erit
1155 1899 1292 1957 officium?
1307 1897 1407 1972 Utique
1422 1909 1484 1972 post
1494 1909 1630 1970 pastorem
1642 1913 1725 1954 suarm
1735 1896 1796 1953 dis·

157 1985 356 2055 aposmlonum,
372 1984 426 2040 alia
438 1994 600 2058 martyrum,
618 1987 671 2043 alia
683 1985 883 2056 condomanam,
897 1985 951 2043 alia
1002 1993 1131 2066 eipiinate
1153 1993 1203 2062 ine,
1224 1994 1331 2050 doctori
1355 2010 1407 2051 suo
1432 1993 1547 2049 indeiiter
1567 1991 1690 2057 obedire,
1706 1991 1744 2046 ita
1763 2000 1796 2045 ut

159 2081 299 2144 pasitit'ttm
322 2084 404 2146 alque
419 2075 575 2144 doctorum,
594 2077 647 2133 alla
666 2092 732 2133 tero
754 2076 953 2149 pastoribuset
1003 2088 1122 2144 alienum
1150 2103 1204 2143 uon
1225 2095 1385 2158 sequamur,
1411 2086 1459 2142 sed
1485 2084 1592 2156 fugiant
1618 2084 1653 2140 ab
1678 2097 1724 2150 et),
1746 2082 1797 2153 qui

87 2161 98 2168 “
159 2165 320 2224 doctoriims
332 2167 518 2225 obedientium
532 2177 560 2225 ct
570 2169 682 2227 obedire
692 2170 862 2227 debentium.
874 2168 954 2227 liudo
1004 2195 1059 2237 „011
1083 2178 1183 2236 nehem
1207 2178 1330 2249 recipere
1351 2193 1446 2235 rocem
1475 2177 1638 2234 alienorum.
1667 2174 1798 2230 Alienon

160 2257 200 2315 ait
220 2258 367 2330 Apostolus
391 2278 399 2317 z
423 2280 433 2314 r
458 2261 512 2330 Qui
526 2262 678 2331 descendit,
703 2262 832 2333 iponem,
857 2272 885 2320 tii
905 2262 953 2335 (itti
1004 2272 1067 2330 dico
1094 2287 1110 2329 a
1129 2271 1247 2344 pastoris
1266 2270 1356 2328 olheio
1372 2280 1401 2328 et
1418 2269 1540 2338 nornine,
1558 2270 1606 2341 qrni
1631 2283 1688 2324 non
1707 2266 1800 2338 pascit

160 2355 285 2413 aseendit
298 2372 380 2428 super
394 2372 492 2415 omnes
505 2358 602 2426 coelos,
615 2366 646 2413 nt
667 2356 829 2431 adimpleret
850 2358 953 2414 omnia.
1005 2348 1198 2434 exemplorum
1218 2361 1292 2418 dulci
1321 2375 1402 2432 pauc.
1422 2359 1551 2416 Alienum
1569 2357 1632 2416 dieo
1660 2372 1677 2413 a
1699 2355 1800 2412 docto·

161 2445 270 2519 Etipse
286 2448 361 2505 dedit
374 2451 508 2521 quosdam
527 2450 639 2523 quidem
654 2450 804 2523 apostolos,
821 2451 955 2523 quosdam
1005 2454 1045 2510 ris
1068 2450 1158 2508 officio
1180 2459 1208 2508 et
1225 2450 1348 2516 nomine,
1368 2449 1416 2521 qni
1440 2448 1609 2505 assimilatur
1637 2447 1699 2503 carri
1720 2454 1799 2502 orote

162 2549 254 2598 autern
267 2539 427 2613 prophetas,
442 2543 512 2599 aiios
533 2540 803 2616 renueranqelistas,
824 2542 893 2599 aiios
907 2558 957 2602 au·
1006 2562 1062 2602 non
1094 2544 1195 2602 radenti
1225 2544 1335 2600 latrare.
1362 2540 1418 2598 ior
1450 2550 1542 2598 autem
1573 2540 1726 2595 alienorum
1746 2537 1799 2592 do-

163 2642 220 2689 tern
232 2642 357 2706 pastores
374 2634 537 2691 erdouones
553 2634 587 2691 ad
602 2634 869 2691 consummationem
890 2650 956 2690 san-
1007 2641 1095 2696 ctrina
1105 2638 1357 2701 haerericornmest,
1368 2634 1521 2692 etaliorum
1532 2649 1613 2706 prara
1630 2629 1798 2689 docentium.

164 2734 272 2782 etornm
282 2726 392 2799 inopus
402 2725 557 2791 unianimem,
570 2726 599 2782 iu
612 2725 820 2784 obturationem
832 2726 958 2797 corporis
1043 2729 1167 2787 Fuerunt
1177 2743 1288 2800 quoquc
1301 2739 1365 2783 anne
1377 2726 1523 2783 adrentum
1534 2724 1636 2782 Christi
1647 2723 1799 2795 propbeta,

164 2820 278 2884 Christi.
292 2820 380 2876 donee
395 2831 575 2877 occurramus
587 2833 685 2876 omues
698 2819 725 2874 in
745 2819 876 2876 unitatem
894 2819 957 2876 irdei
1007 2835 1125 2893 quorum
1139 2818 1192 2875 luit
1213 2819 1332 2874 odicium
1346 2825 1462 2875 uentura
1476 2815 1579 2873 Christi
1596 2814 1725 2888 mysteria
1747 2814 1799 2869 oh-

165 2920 193 2966 et
206 2911 354 2982 agnitionis
366 2910 428 2967 Filii
439 2910 499 2981 bet,
516 2912 544 2969 iu
559 2913 651 2968 rirum
663 2910 825 2983 perlectum,
837 2913 866 2968 in
880 2927 958 2969 meu·
1009 2931 1090 2971 scone
1100 2913 1299 2986 praenuntiare,
1314 2928 1377 2984 qum
1397 2910 1513 2981 apostoli
1531 2908 1663 2978 completa
1678 2908 1705 2964 in
1719 2909 1802 2965 Cirri-

166 3018 261 3061 sorom
271 3003 360 3060 aetatis
371 3003 548 3075 plenitudinis
558 3004 660 3063 Christi
672 3006 780 3079 (Epines.
791 3023 829 3074 nr,
838 3005 955 3078 torst.»
1010 3008 1294 3066 stoamruntiareront
1304 3005 1440 3076 praeterita
1450 3001 1604 3069 ruanileste,
1612 3001 1714 3072 quibus
1720 3001 1801 3073 juxta

166 3093 197 3149 ln
213 3096 492 3166 consummationem,
506 3096 606 3168 inquit,
624 3106 796 3164 sanctorum,
811 3097 875 3169 qula
888 3097 961 3155 sicut
1011 3116 1068 3156 suae
1078 3097 1263 3155 distinctionis
1278 3094 1391 3151 modum
1405 3094 1624 3166 cooperabantur
1639 3106 1722 3147 voees
1735 3107 1801 3163 pro-

169 3185 272 3244 Snneta
296 3197 455 3245 sarnctorum
471 3188 615 3246 visibiliter
628 3200 818 3248 consummata
829 3200 894 3247 sunu
913 3207 961 3261 per
1012 3193 1155 3263 plnctarum
1180 3190 1232 3247 sibi
1253 3198 1545 3260 contemporaneorum
1568 3184 1597 3239 in
1617 3182 1750 3264 Ecclesia,
1772 3192 1803 3239 ut

167 3276 292 3355 llopsen,
304 3280 346 3339 sic
357 3297 434 3339 nuno
452 3282 573 3340 Ecclesia
593 3293 801 3341 consummatur
818 3301 866 3355 per
880 3285 961 3342 Cirri-
1012 3283 1115 3339 Paulus
1128 3283 1176 3346 ait,
1192 3297 1241 3353 pen
1253 3289 1346 3353 partes
1357 3276 1528 3348 loquentium
1540 3285 1568 3331 ct
1580 3274 1801 3346 dijudicantium.

170 3382 255 3439 stom,
269 3373 297 3429 io
312 3389 368 3447 quo
379 3375 456 3447 plebs
467 3375 556 3433 tidelis
565 3375 668 3433 dieitur
683 3377 843 3448 simpliciter
855 3387 962 3445 sancta,
1016 3396 1025 3429 r
1043 3376 1196 3447 Prophetae,
1215 3393 1225 3427 n
1248 3373 1296 3439 ait,
1314 3391 1324 3424 r
1351 3370 1406 3427 duo
1418 3376 1470 3424 aut
1485 3376 1541 3423 tres
1559 3364 1733 3438 loquantur»
1754 3380 1803 3435 per

170 3465 261 3534 potio
284 3475 376 3522 autem
399 3465 519 3535 Domini,
538 3467 686 3524 baereditas
700 3469 826 3526 uidelicet
840 3470 911 3539 ejus,
928 3470 963 3527 de
1014 3482 1115 3542 pantes,
1140 3477 1196 3523 ret
1219 3464 1309 3522 meteri
1337 3461 1487 3534 diiudicent
1509 3458 1537 3531 (l
1556 3457 1766 3530 Cor-1¹t229i·
1787 3475 1799 3510 ι

171 3570 226 3635 qua
250 3555 307 3627 ipsc
330 3557 397 3616 dicit
416 3578 423 3615 ι
441 3579 451 3612 r
470 3558 576 3616 Eterriur
593 3561 737 3619 ineruditas
754 3578 814 3619 orca
834 3564 964 3634 praciam
1015 3563 1087 3634 Erqo
1118 3561 1191 3617 aliod
1214 3558 1266 3615 luit
1295 3556 1413 3612 ‹rfficiurn
1430 3554 1626 3626 pmphctarum
1655 3552 1803 3608 adventurn

172 3657 215 3704 cst
241 3648 308 3704 anibi
332 3648 421 3721 (Psoi.
439 3668 483 3720 nr,
498 3650 538 3720 ii),
558 3669 568 3705 r
587 3653 667 3725 errius
692 3654 774 3711 ctiam
800 3655 965 3711 baereditatis
1016 3652 1117 3711 Christi
1132 3650 1354 3723 praecedentium,
1379 3644 1451 3702 aliud
1469 3646 1664 3718 prophetarum
1687 3658 1803 3714 sequen·

163 3751 249 3809 pars.
272 3745 300 3794 et
323 3739 467 3799 haercditas
480 3751 522 3800 est
540 3744 598 3815 ipse
620 3743 765 3812 bortrinus,
780 3760 843 3813 qrrae
856 3745 884 3800 in
896 3761 965 3801 con·
1017 3750 1095 3804 tium.
1107 3745 1174 3801 liam
1189 3744 1223 3799 de
1238 3743 1291 3799 iilis
1303 3742 1415 3807 dicitur,
1434 3759 1443 3793 r
1463 3740 1606 3796 tenebrosa
1620 3751 1692 3810 aqua
1712 3736 1739 3791 in
1752 3749 1805 3791 arn·

173 3830 355 3903 ternptoribus
365 3833 494 3905 perlectis
506 3837 601 3893 mundi
614 3837 696 3907 hujus
711 3837 891 3909 innteiiiqitrnr·;
907 3836 965 3894 hae·
1018 3839 1097 3894 bibus
1108 3837 1180 3893 aeris
1196 3834 1283 3906 (Psoi.
1298 3849 1366 3899 xrnr,
1382 3833 1438 3904 tt),
1458 3851 1467 3884 n
1485 3830 1511 3886 id
1527 3841 1570 3887 est
1589 3830 1706 3886 obscura
1716 3826 1804 3885 scieu-

174 3923 288 3992 reditas,
306 3924 430 3997 inquam,
453 3927 506 3987 ista
521 3931 651 4001 preclara
664 3931 765 3987 dicitnr
781 3929 882 3986 Sancto
904 3947 968 3985 nnn·
1019 3930 1055 3985 tia
1071 3930 1097 3983 in
1109 3927 1259 3999 prophetis.
1271 3925 1324 3981 Per
1339 3939 1426 3979 noros
1437 3930 1529 3979 autem
1541 3921 1689 3994 propbetas
1699 3919 1803 3977 oceuitn

173 4024 289 4075 ntorum.
303 4017 332 4073 ln
345 4020 526 4079 anditicatione
539 4022 621 4094 hujus
635 4023 813 4090 tabernaculi,
827 4022 912 4093 queri,
930 4022 969 4078 si·
1018 4019 1140 4077 coralium
1157 4017 1357 4080 revelabantur,
1374 4015 1440 4072 rium
1456 4013 1603 4085 scripturae
1617 4027 1703 4069 sacrae
1722 4011 1805 4068 abeis

176 4108 233 4165 cuti
243 4109 432 4180 distinximus,
449 4111 477 4168 in
497 4113 575 4183 plebe
591 4114 663 4169 indoli
675 4123 700 4169 et
718 4113 853 4181 srrhjorta,
869 4114 968 4168 dicrtur
1018 4112 1171 4168 lnrrrierrter
1186 4108 1403 4178 exponebantur.
1424 4104 1501 4163 Unde
1515 4104 1555 4161 ait
1566 4103 1734 4175 spostolus:
1751 4121 1761 4154 ι
1775 4101 1804 4160 Si

177 4203 461 4271 renunciationis
481 4205 601 4277 prmlatis
621 4206 722 4261 dicitnr
747 4204 847 4261 Sancto
861 4214 970 4261 nuncto·
1019 4218 1116 4260 omnes
1137 4201 1309 4274 prophetent,
1333 4200 1415 4257 intret
1434 4208 1526 4255 autem
1540 4198 1604 4269 quis
1618 4194 1747 4263 infidelis,
1764 4194 1805 4250 nei

179 4316 251 4363 runt,
264 4299 358 4371 posuit
372 4298 500 4356 Christus
511 4300 651 4372 apostolos
663 4316 715 4356 erno
726 4308 857 4372 tempore,
868 4301 970 4371 quihus
1020 4298 1116 4363 idiota,
1132 4295 1304 4354 convincitur
1317 4294 1353 4349 ab
1367 4293 1506 4358 omnibns,
1522 4291 1689 4363 dijudicatur
1702 4289 1737 4346 ab
1749 4304 1806 4346 onr-

178 4392 404 4462 morempormei
419 4389 532 4448 luerunt
551 4392 663 4464 quitiam
678 4392 818 4465 prophete
837 4393 969 4449 habentes
985 4400 1006 4455 n
1021 4386 1113 4452 nibus,
1129 4385 1235 4443 occulta
1249 4382 1339 4441 enrrils
1350 4383 1411 4453 ejus
1423 4381 1567 4438 manifesta
1583 4382 1658 4448 ilent,
1671 4388 1700 4436 et
1713 4379 1749 4436 ita
1759 4392 1807 4436 ca·

180 4483 296 4558 qratiam
319 4482 475 4553 linnuuanrrm
493 4494 521 4541 et
540 4485 789 4557 interpretationem
811 4499 970 4542 sermonum
1021 4482 1090 4538 dens
1101 4480 1128 4534 in
1140 4478 1237 4535 taciem
1252 4492 1353 4532 »suam
1365 4495 1374 4529 r
1386 4475 1510 4532 adorabit
1520 4474 1605 4530 Deum
1617 4471 1805 4544 pronuntians,

180 4584 209 4633 et
221 4576 402 4634 revelationes
423 4579 614 4651 mysteriorum
628 4588 655 4634 et
670 4577 839 4644 futurorum,
851 4591 971 4648 quorum
1022 4571 1095 4644 quod
1111 4585 1174 4626 rere
1191 4569 1219 4625 iu
1238 4586 1248 4620 r
1268 4567 1348 4624 nohis
1364 4587 1373 4620 r
1395 4565 1467 4622 licus
1482 4565 1519 4621 sit
1533 4564 1559 4635 (1
1571 4564 1634 4620 Cor.
1652 4578 1709 4631 nnn,
1721 4562 1803 4621 ‘ibin

181 4682 255 4726 unos
269 4668 452 4741 loithqabus,
464 4671 512 4741 qui
526 4670 625 4727 larnem
642 4687 768 4744 nmquam
780 4670 916 4725 nuntiarit
930 4668 972 4727 hr-
1024 4664 1073 4719 Sic
1084 4663 1225 4718 beatorum
1238 4667 1388 4731 martyrum
1400 4666 1427 4713 et
1439 4657 1640 4721 corrlessornnn,
1652 4656 1725 4711 sicut
1735 4659 1807 4710 erant

182 4769 285 4829 turam,
296 4744 441 4833 qure‘lacta
455 4771 499 4819 est
512 4764 563 4819 sub
575 4763 700 4819 Claudio.
715 4761 894 4834 Eranqeilstre
904 4776 974 4832 quo·
1025 4767 1146 4829 tempora
1166 4754 1286 4821 diversa,
1300 4756 1336 4810 ita
1355 4767 1465 4824 quoque
1488 4750 1599 4807 inerunt
1611 4749 1699 4804 olircia
1713 4747 1807 4804 ‹listin-

182 4869 237 4927 qtte
257 4855 442 4926 apostolorum
460 4856 681 4925 contemporanei
702 4854 822 4921 luerunt,
846 4853 893 4909 sed
915 4852 975 4908 suls
1024 4857 1078 4915 eta,
1095 4845 1224 4918 qnoniam
1240 4845 1273 4900 ad
1285 4845 1347 4915 ilios
1362 4840 1522 4897 imminente
1536 4839 1734 4911 persecutionis
1743 4835 1808 4893 bello

183 4944 263 5013 locis,
278 4955 306 5001 et
319 4946 416 5003 odlciis
427 4947 547 5003 distincti
559 4946 682 5013 inerunt,
695 4956 723 5004 et
735 4949 762 5002 in
778 4946 907 5004 omnihus
921 4945 975 5003 illis
1025 4939 1156 5012 pertinuit
1166 4936 1236 4993 nnori
1252 4936 1397 5007 patienter,
1410 4948 1473 4989 oum
1488 4933 1612 4987 rircrerrt
1626 4932 1751 4996 libenter,
1764 4944 1809 4983 ca·

183 5054 258 5096 ornus
271 5039 320 5096 liei
341 5056 420 5097 amor·
435 5042 610 5112 operabatur,
626 5057 698 5097 unos
714 5050 742 5097 ct
757 5041 827 5097 idem
843 5039 976 5113 flagrabat
1026 5033 1131 5105 pientes
1145 5046 1207 5087 cum
1222 5028 1308 5083 Pauli}
1325 5045 1335 5078 ι
1359 5024 1472 5082 <¹5³⁸⁰¹il
1490 5033 1518 5080 ⁰²
1538 5038 1600 5079 ⁰⁸⁸0
1620 5037 1683 5079 ⁰⁰⁰¹
1705 5018 1808 5122 cmlii?

185 5133 289 5189 amoris
302 5132 389 5190 divini
405 5132 529 5199 allectus,
541 5134 589 5190 sed
605 5134 766 5190 indiversus
785 5128 894 5189 rciolsit
908 5130 975 5188 effe-
1027 5124 1158 5196 (Philipp.
1172 5122 1257 5193 ¹‚25ir
1269 5139 1279 5172 ι
1293 5119 1340 5175 ὓθιῑ
1352 5118 1416 5190 quia
1431 5131 1542 5173 ⁰¹²¹¹⁹i⁰
1557 5115 1618 5170 ”¹⁰⁸
1630 5113 1658 5169 5¹¹
1671 5125 1753 5170 ΨΜ
1763 5108 1808 5212 'll

185 5234 313 5298 ctuspno
327 5226 651 5293 distirrctiorrclooorum,
668 5226 758 5282 domn
783 5226 830 5297 qui
847 5232 976 5295 operatus
1028 5215 1213 5274 necessarium
1244 5221 1355 5283 propter
1385 5209 1472 5273 aiios,
1501 5204 1734 5306 quemadmodum
1763 5201 1809 5257 lunt

185 5324 230 5375 ent
243 5316 325 5374 Petro
340 5318 367 5373 io
385 5319 579 5389 apostolatum.
594 5316 826 5383 circumcisionis,
849 5324 978 5387 operatos
1029 5305 1195 5379 martyribus
1213 5302 1284 5360 ¹¹¹⁰t'i
1308 5303 1427 5365 luctum,
1459 5299 1523 5371 ‘tuit
1545 5312 1593 5368 {1⁰¹⁸
1615 5303 1714 5351 ¹¹10i²¹⁸
1732 5306 1808 5351 Νη

187 5414 256 5463 est»
273 5405 360 5464 Panlo
379 5409 504 5480 apostolo
524 5426 534 5460 r
552 5408 623 5464 inter
637 5415 732 5479 gentcs
747 5404 850 5473 (Goion.
863 5421 895 5474 ιι,
908 5406 975 5477 8),›
1029 5398 1220 5471 compendium
1248 5395 1304 5451 cito
1326 5400 1512 5465 perrenorum
1534 5389 1569 5445 ad
1593 5388 1734 5444 cinisium
1751 5402 1758 5438 a
1775 5383 1807 5438 ita

189 5510 241 5566 pro
255 5497 412 5557 diversitate
420 5515 531 5573 quoque
542 5498 705 5565 ollieiornnr,
716 5497 781 5554 dum
792 5498 906 5554 verbum
920 5497 977 5567 ilci,
1030 5490 1236 5551 consessoribus
1259 5489 1346 5545 beatis
1372 5488 1405 5543 ari
1430 5485 1546 5541 libenter
1571 5480 1744 5539 moriendum
1764 5490 1808 5549 pro

192 5587 265 5653 qood
277 5593 392 5657 apostoli
405 5594 486 5663 primi
509 5594 750 5659 annuntiaverunt,
762 5590 904 5662 prophetae
916 5599 980 5663 post
1030 5580 1140 5641 cbristo
1149 5579 1263 5652 paratis,
1275 5578 1345 5635 etad
1357 5578 1492 5649 patienter
1504 5573 1648 5630 sinendum
1660 5583 1711 5642 pro
1723 5567 1807 5623 eodennr

194 5673 318 5759 remeet
330 5684 479 5762 secundom
495 5684 569 5756 ipsos
581 5684 664 5741 iatius
678 5689 872 5754 exposuerunt.
887 5679 979 5739 Eran-
1030 5674 1141 5733 Christo
1162 5672 1192 5729 io
1215 5684 1298 5730 canae
1310 5670 1456 5728 rirncuiaris
1477 5676 1503 5723 ct
1527 5661 1703 5724 incarceratis
1730 5658 1811 5716 ninere
