3817 6000
197 193 263 271 taut
677 212 832 270 cantlolll
852 211 1050 269 l‘llAEPOSlTl
1073 165 1347 270 neteltsasPsllG.
1740 220 1793 280 lm

88 316 92 323 ’
184 330 320 386 «ειιειιῑιιι
340 328 424 385 bomo
439 328 511 386 lilius
531 329 685 397 bonrinnm,
699 330 733 386 de
748 330 849 403 quibus
862 330 963 387 dicitur
979 348 987 385 ι
1002 335 1024 393 A
1039 329 1189 400 promittat,
1204 339 1232 386 et
1245 331 1289 386 cui
1307 329 1457 402 promittat,
1475 330 1668 403 perspiciamus
1678 334 1735 408 qnid
1744 353 1794 412 pro·

182 421 441 478 unimammas
461 421 546 477 omnis
566 421 642 476 bomo
666 422 753 477 eirene
767 420 855 493 (Paul.
871 424 987 489 xxxviii,
1040 423 1140 491 mittat,
1154 433 1180 480 et
1195 423 1260 495 quid
1275 423 1424 495 praeciptat,
1437 432 1520 496 atque
1530 425 1795 490 tnnedemumlrntls·

193 515 234 586 o),
243 514 292 586 qui
303 528 358 571 non
372 529 404 569 ex
418 513 510 585 ailqna
523 522 600 585 parte
613 523 706 570 careat
716 515 842 584 veritate,
858 515 957 572 illusus
972 532 988 572 a
1040 514 1110 571 sime
1131 529 1274 585 speremus
1291 515 1476 585 promissum,
1495 533 1559 575 cunr
1572 519 1797 596 diligamnspraas-

193 603 539 662 vanitatelVernmtamen
554 604 988 677 ubiuanitaticrcaturarubp'ecta
1037 616 1125 678 ptum.
1152 605 1225 663 Solis
1253 606 1327 663 enirn
1352 609 1482 681 praecepti
1511 609 1554 666 sni
1580 614 1736 672 amatoribus
1752 618 1798 689 ipse

192 707 232 753 est
243 712 295 752 non
308 697 397 753 uolens
411 694 499 767 (Rom.
516 696 644 768 rustall),
658 696 696 753 ibi
707 697 813 755 vanitas
824 713 880 754 non
890 699 987 756 obser·
1038 697 1110 755 Dens
1124 698 1151 753 in
1172 697 1316 770 praemium
1327 707 1370 755 est
1388 700 1553 772 promissus.
1567 700 1595 758 Si
1610 704 1678 760 eninr
1689 713 1798 780 precepta

195 788 327 858 ratnrvel
342 797 461 856 amatur,
475 788 605 861 quoniam
621 788 684 845 talis
701 797 827 845 creatura
840 789 891 845 snb
912 790 1002 846 rani·'
1037 788 1098 862 ejus
1124 788 1300 861 negligimus,
1328 797 1356 847 et
1379 793 1516 863 promissa
1549 809 1695 867 speramus,
1717 797 1798 857 trusae

193 884 257 938 artis
271 881 429 955 gravamine
446 880 610 955 ingemiscit,
625 889 652 936 el
674 881 793 952 parturit
806 881 927 937 fructum
943 897 987 938 ae·
1037 881 1179 936 variantem
1194 879 1370 939 observamus.
1386 881 1551 954 vanitatem,
1565 887 1683 959 iuquam,
1699 905 1745 945 aon
1761 895 1797 949 ιε’·

193 976 283 1030 sitatis
306 974 389 1031 etiam
404 989 454 1044 per
470 989 550 1029 usum
565 973 653 1046 ipsius
667 973 807 1043 vanitatis,
826 990 880 1047 qua
902 983 986 1031 utun·
1036 973 1157 1040 ritatem,
1182 974 1247 1046 qnia
1261 990 1338 1047 spem
1357 984 1483 1036 tenemus
1503 977 1625 1046 inanem,
1637 995 1689 1035 non
1701 981 1797 1042 dereri-

192 1073 237 1120 tor
261 1064 410 1120 iubenum
429 1077 535 1129 omnes,
560 1063 609 1134 qni
631 1062 656 1118 ci
677 1079 732 1120 non
757 1064 934 1120 consentiunt
950 1064 984 1120 ad
1036 1074 1090 1123 rate
1103 1064 1185 1123 Verbi
1208 1067 1345 1124 manentis
1371 1067 1400 1122 in
1424 1076 1559 1124 aternum
1583 1063 1741 1143 conceptam,
1760 1076 1798 1131 sed

177 1157 304 1212 malum.
325 1155 404 1212 Unde
428 1155 518 1212 adime
533 1153 600 1211 illud
614 1170 681 1211 sane
702 1155 815 1212 concedi
831 1166 931 1227 potest,
955 1164 985 1212 ut
1036 1157 1147 1214 aliunde
1172 1158 1257 1215 menti
1271 1159 1401 1215 vanitatis
1414 1159 1518 1216 amanti
1532 1159 1659 1217 albatam.
1677 1160 1797 1233 Propterea

178 1249 339 1304 *vanitatem
363 1247 425 1319 quis
451 1246 587 1314 observet,
613 1262 696 1318 quam
724 1247 776 1302 etsi
800 1247 899 1303 malam
927 1261 984 1302 non
1036 1256 1075 1315 tu,
1091 1246 1217 1317 Domine,
1232 1249 1315 1305 odisti
1336 1265 1426 1304 omncs
1451 1248 1616 1306 obsecrantes
1633 1252 1748 1307 sanitates
1761 1270 1797 1307 aa·

189 1342 307 1412 ignoret,
323 1355 391 1396 usus
413 1349 504 1394 tamen
531 1337 619 1409 ipsius
645 1339 720 1395 utilis
742 1339 786 1394 vel
810 1340 984 1397 necessarius
1034 1355 1172 1409 peruerse,
1187 1338 1251 1410 quia
1270 1353 1325 1394 non
1342 1338 1431 1395 solnm
1454 1355 1551 1408 vacue,
1564 1340 1612 1397 sed
1625 1350 1653 1397 et
1667 1353 1799 1412 rammasse

191 1431 244 1487 sibi
260 1439 367 1489 constet
378 1449 391 1485 ι
413 1431 485 1487 sient
498 1430 627 1487 stimulus
640 1431 743 1500 earnis,
757 1445 820 1486 enm
835 1432 871 1488 sit
885 1447 983 1503 magna
1034 1430 1089 1486 vita
1114 1437 1259 1501 speratur,
1285 1429 1333 1486 nbi
1361 1430 1462 1487 veritas
1487 1446 1542 1487 uon
1563 1431 1652 1488 solnm
1675 1447 1725 1488 ron
1748 1448 1798 1504 pro
1862 1485 1863 1492 ,

189 1539 255 1595 pass
281 1523 427 1579 mundana
449 1522 596 1588 vanitatis,
623 1533 715 1578 tamen
739 1522 870 1594 qnoniam
896 1520 983 1578 Panlo
1034 1521 1119 1579 mittit
1137 1523 1234 1591 vimen,
1261 1521 1310 1579 sed
1330 1522 1443 1595 insuper
1461 1522 1584 1580 minatur
1608 1531 1718 1581 mortem
1737 1533 1798 1581 reter-

136 1649 138 1654 ,
188 1615 313 1687 apostolo
335 1615 388 1671 iult
404 1615 490 1684 utilis,
506 1614 565 1687 ipse
586 1615 696 1671 tandem
712 1615 826 1671 edoetns
841 1617 883 1672 est
904 1614 982 1671 illum
1034 1630 1109 1671 nam.

188 1712 346 1775 rvbserrare,
369 1723 403 1763 ae
418 1715 527 1779 portare
549 1705 732 1779 quoadusque
756 1705 837 1779 quasi
860 1706 982 1763 muterio
998 1678 1019 1735 B
1069 1705 1126 1778 ligo
1141 1715 1228 1761 aetem
1243 1707 1271 1761 in
1284 1705 1398 1763 Domino
1414 1706 1528 1779 sperari.
1538 1706 1595 1780 Ego
1609 1707 1798 1780 redemptnspo

187 1800 307 1873 quodam
322 1801 399 1856 illius
413 1799 541 1855 rastitatis
555 1799 652 1854 vitium
673 1808 819 1855 sanaretur
832 1793 982 1854 habilitatis
1031 1798 1123 1869 pulos,
1134 1798 1181 1870 qni
1196 1814 1284 1870 nuper
1297 1799 1354 1856 dini
1379 1817 1385 1853 τ
1401 1799 1547 1877 Redemisti
1565 1817 1617 1870 me,
1628 1799 1731 1856 Domine
1745 1800 1797 1856 om

186 1891 222 1949 ad
234 1892 423 1949 extollentiam
439 1900 550 1962 propter
564 1891 758 1947 revelationem
774 1889 907 1946 veritatis.
922 1887 981 1945 Nisi
1032 1891 1163 1958 cernatis,
1196 1891 1339 1947 ceritatem
1365 1891 1514 1963 diligendo,
1551 1901 1579 1949 et
1614 1894 1747 1948 sanitatem
1768 1892 1796 1947 illi

187 1985 260 2041 datis
274 1983 404 2055 primitiis
427 1981 550 2037 ueritatis
572 1982 771 2038 remansissent
793 1980 825 2036 in
850 1980 982 2051 apostolo
1031 1981 1183 2052 oppositam
1196 1981 1352 2053 respuendo
1367 1983 1394 2038 in
1410 1981 1524 2038 noman
1539 1984 1652 2056 sperari,
1669 1999 1741 2055 quent
1754 1984 1798 2041 seio

186 2076 278 2133 adhue
302 2075 476 2132 adolescente
500 2073 623 2145 quaedam
648 2075 772 2145 reliquiae
795 2072 925 2130 vanitatis
946 2074 981 2130 ad
1030 2086 1085 2127 non
1098 2087 1180 2142 posse
1192 2073 1313 2129 mentiri.
1325 2072 1450 2147 Namque
1463 2084 1495 2131 ut
1507 2082 1607 2132 caetera
1625 2075 1797 2147 ejnsdletata·

186 2165 341 2224 custodiam
354 2164 527 2233 lrnnrilitatis,
540 2181 594 2221 non
610 2165 705 2237 utique
717 2166 833 2222 dixisset
847 2185 854 2222 :
869 2165 910 2221 Ne
923 2183 981 2222 ma·
1030 2178 1118 2230 marn,
1131 2164 1158 2220 in
1173 2165 1274 2237 quibus
1290 2155 1418 2224 omnibus
1432 2166 1537 2241 gaudeo
1549 2182 1612 2226 esse
1621 2169 1752 2224 ceritatem
1764 2182 1798 2223 so

186 2258 298 2331 primda
313 2256 501 2312 revelationum
517 2256 629 2310 extollat
643 2273 694 2324 me,
706 2257 786 2311 datus
798 2268 836 2312 est
852 2257 917 2311 milri
931 2257 981 2311 sti·
1029 2256 1125 2324 lidam,
1141 2272 1227 2312 unum
1252 2257 1314 2329 ejus
1326 2257 1430 2314 dietum
1443 2270 1539 2330 penso,
1561 2258 1591 2315 in
1615 2259 1691 2330 cujus
1706 2259 1798 2315 rerinte

185 2349 274 2406 malas
286 2349 375 2405 carnia
388 2364 453 2409 mere
473 2346 581 2419 capetus
594 2346 714 2415 satana,
726 2357 780 2405 etc.
794 2346 911 2417 (licor.
928 2362 978 2413 ιιι,
1030 2362 1106 2419 spem
1122 2347 1796 2414 multamlrabeo.llietumboetaleestzllimittitr,
1862 2371 1863 2374 ¹

186 2441 227 2513 l.)
263 2438 382 2495 Vanitati
407 2454 472 2511 crgo
494 2438 634 2512 subjectus
656 2448 716 2494 erat
739 2437 885 2510 Apostolus
905 2448 980 2495 certe
1028 2447 1054 2493 et
1068 2438 1218 2495 dimittetur
1231 2440 1302 2497 robis
1318 2456 1328 2497 .·
1342 2440 1414 2511 date,
1426 2450 1450 2497 et
1464 2441 1573 2497 dabitur
1590 2442 1662 2498 colb
1684 2440 1750 2515 (Lac.
1767 2457 1796 2506 n,

185 2552 242 2602 non
257 2534 362 2597 volens,
385 2546 476 2604 neque
489 2547 660 2603 supervacue,
677 2530 725 2588 sed
739 2532 865 2604 exigente
881 2545 978 2587 neces·
1029 2528 1087 2602 bl),
1099 2528 1240 2589 Dimittanr
1254 2547 1320 2607 ergo
1330 2534 1491 2602 vindictam,
1506 2542 1535 2604 et
1545 2533 1620 2592 dabo
1635 2534 1734 2591 uerriam
1744 2549 1797 2589 enn-

185 2628 266 2684 sitate
279 2640 329 2697 pro
345 2621 533 2682 conservanda
544 2621 714 2678 bumilitate.
725 2621 898 2678 Credendum
912 2635 979 2677 vcro
1028 2621 1081 2679 etis
1095 2636 1139 2682 me
1151 2621 1362 2694 offendentibus,
1374 2624 1443 2681 etin
1458 2622 1568 2682 llonrirri
1583 2625 1695 2683 veritate
1704 2640 1796 2697 speram

184 2726 227 2778 est
244 2717 350 2788 absque
370 2714 454 2771 dnbio
468 2722 691 2771 consummatum
704 2722 801 2786 postea
814 2714 841 2769 in
864 2713 978 2769 lrumili·
1027 2726 1076 2768 ero
1094 2728 1218 2782 εεειιιιιε,
1235 2715 1309 2786 quod
1323 2724 1351 2771 et
1362 2716 1430 2772 mibi
1442 2716 1608 2786 dimittatur,
1620 2718 1795 2784 sicntrlimitto,

184 2820 241 2868 tate
263 2810 425 2882 Apostolum
448 2823 504 2863 non
525 2807 636 2880 egnisse
651 2807 705 2863 lroc
730 2805 853 2864 stimulo.
878 2806 925 2863 sed
948 2806 978 2861 in
1027 2814 1056 2862 et
1070 2806 1160 2874 detur,
1181 2806 1310 2864 sicutdo.
1324 2805 1553 2866 bebaelortasse
1569 2809 1655 2882 aliqui
1672 2809 1794 2866 dantum:

185 2919 285 2976 magna
298 2903 424 2959 libertate
437 2900 541 2957 dixisse
558 2918 564 2956 :
587 2898 649 2954 l’iao
665 2907 765 2963 autem,
779 2899 838 2969 jam
856 2914 908 2954 non
918 2913 976 2970 epo,
1028 2893 1085 2967 Ego
1097 2905 1187 2951 uatem
1198 2896 1227 2951 ia
1237 2895 1353 2953 Domino
1368 2900 1486 2969 amsani,
1499 2900 1546 2972 qni
1564 2915 1621 2958 non
1634 2909 1719 2973 potest
1735 2915 1795 2955 mar·

183 2997 247 3053 sirit
262 3012 320 3052 nero
336 2996 365 3051 in
376 3013 416 3052 me
429 2993 552 3051 caristus
563 2990 636 3065 (Gal.
650 3009 680 3062 n,
695 2991 753 3061 so).
765 2990 914 3049 verissime
927 2991 978 3064 igi·
1028 2987 1085 3044 tiri.
1107 2984 1160 3044 Sed
1181 2987 1247 3061 qnia
1262 2987 1322 3046 siae
1336 2989 1527 3049 misericordia
1546 2992 1649 3051 veritas
1662 2992 1723 3050 mibi
1739 3000 1796 3049 mat

182 3100 229 3145 tur
243 3097 325 3160 atque
336 3087 497 3144 cautissime
508 3086 611 3142 dietum
626 3094 667 3141 cst
680 3084 728 3141 tibi
741 3083 812 3140 Deua
838 3084 976 3138 sensatis:
1029 3080 1171 3150 severitas,
1193 3096 1244 3154 ego
1259 3082 1345 3155 magis
1358 3082 1497 3139 carmania
1508 3093 1534 3139 et
1549 3084 1662 3141 letabor
1673 3068 1699 3139 in
1711 3083 1794 3139 miseri·

185 3179 273 3236 Odisti
284 3181 450 3236 aeramnae
463 3180 594 3235 sanitates
606 3192 775 3249 supervacue,
790 3176 921 3249 quoniam
937 3174 974 3231 illi
1027 3174 1119 3229 cardia
1134 3182 1191 3241 tua,
1212 3188 1275 3246 qnae
1297 3173 1405 3231 veritati
1418 3190 1511 3233 comes
1526 3185 1570 3232 est
1588 3175 1730 3233 individea.
1752 3172 1794 3227 Ee·

182 3278 489 3349 superiumentarium
502 3268 656 3345 suntrana,
671 3273 718 3346 qut
732 3289 788 3332 non
802 3273 976 3347 diligerere·
1025 3264 1127 3321 sutram
1156 3272 1199 3321 est
1218 3280 1282 3321 enm
1308 3280 1407 3337 magna
1432 3265 1517 3321 animi
1536 3267 1678 3324 alacritate
1692 3263 1795 3335 carpum

181 3370 302 3427 ptrpoem,
1026 3366 1104 3432 gesta
1131 3358 1262 3429 gandium
1286 3355 1386 3413 mentis
1405 3356 1533 3429 prodere.
1559 3357 1661 3415 Laetare·
1683 3366 1723 3416 est
1740 3366 1795 3413 ten·

154 3478 161 3489 ·
217 3461 368 3520 Estantcm
384 3461 483 3516 ueritas
499 3460 527 3515 in
549 3459 642 3527 rebus,
658 3473 719 3531 quae
743 3464 864 3523 manent,
883 3465 914 3512 nt
932 3464 976 3511 est
1025 3461 1117 3524 perata
1139 3452 1239 3507 mentis
1262 3448 1406 3506 affectione
1429 3449 1554 3507 mulceri.
1579 3450 1629 3508 Est
1653 3466 1722 3523 ergo„
1736 3447 1792 3503 milri

181 3555 263 3610 Pater
279 3563 307 3609 et
322 3551 408 3609 Filius
422 3562 451 3608 ει
475 3550 593 3623 Spiritus
620 3559 743 3618 sanctus,
757 3564 830 3606 unns
851 3546 934 3615 nens,
947 3557 975 3605 ct
1025 3561 1108 3602 causa
1119 3560 1217 3618 magna
1228 3544 1394 3614 exsultandi,
1406 3552 1434 3600 et
1446 3543 1557 3601 laemndi
1571 3560 1655 3602 saner
1665 3543 1795 3602 misericor

182 3647 384 3716 virtutesque
401 3641 488 3698 inille
503 3651 633 3713 tanquam
656 3641 684 3696 in
703 3639 776 3696 lonte
792 3648 865 3696 stant
876 3650 903 3696 et
916 3656 975 3695 ma·
1025 3636 1098 3693 diam
1115 3647 1200 3693 trram.

182 3747 257 3805 nent,
278 3745 361 3808 alque
374 3734 439 3792 inde
461 3735 489 3790 in
514 3718 628 3790 electam
653 3731 845 3788 rationabilem
863 3740 972 3787 creatu·
1062 3729 1194 3797 Quasnam
1220 3729 1357 3800 respexisti
1381 3728 1557 3786 bumilitatem
1571 3745 1673 3811 meam.
1686 3726 1793 3798 tragum

180 3845 240 3885 saun
256 3828 335 3901 qnasi
357 3827 432 3883 riros
445 3834 472 3881 et
485 3825 577 3880 radios
596 3823 755 3891 extendunt,
771 3824 843 3879 sicut
862 3822 913 3894 ipsi
934 3823 974 3876 la·
1024 3819 1077 3876 init
1090 3820 1163 3892 qnod
1176 3820 1271 3876 ridens
1291 3819 1382 3876 vidisti
1394 3818 1569 3877 afflictionem
1591 3819 1682 3892 populi
1700 3818 1744 3884 tui,
1755 3812 1792 3884 qni

181 3932 284 3988 tentor,
296 3921 343 3993 qni
359 3936 423 3976 vera
441 3928 468 3975 et
481 3917 578 3975 humili
595 3917 768 3974 consessione
781 3915 875 3971 dicunt
895 3931 901 3967 ε
920 3913 974 3966 llo-
1024 3920 1079 3968 erat
1091 3911 1117 3966 in
1127 3909 1253 3984 AEgypto,
1262 3920 1289 3966 et
1297 3907 1793 3971 descendistiliberareenm.fflurrrltt

180 4014 261 4080 mine,
277 4012 347 4083 apud
362 4021 385 4066 te
399 4019 438 4065 est
453 4010 511 4080 [aas
528 4010 599 4073 mre,
615 4017 639 4063 et
654 4008 682 4061 in
697 4007 796 4060 tantine
813 4014 857 4059 tao
872 4003 972 4058 videbi·
1024 4000 1170 4072 majusest,
1182 4000 1254 4072 qnod
1267 4003 1669 4073 rrurrecmpeaistibamiiitatem
1677 3996 1793 4058 marubii

181 4120 240 4157 arras
260 4101 349 4157 laurea
373 4099 461 4171 (Psoi.
483 4114 565 4163 xxxv,
581 4098 637 4167 lo).
655 4095 768 4151 llanitas
794 4108 859 4150 vero
880 4104 924 4149 est
945 4092 972 4146 in
1024 4093 1250 4162 respectionem
1270 4092 1406 4163 perillam
1424 4092 1550 4165 expietur
1568 4094 1693 4166 superbia
1710 4087 1793 4146 veteris

182 4196 275 4261 rebus,
298 4209 359 4264 quae
381 4207 435 4248 non
455 4202 577 4258 manent,
602 4188 650 4245 sed
668 4188 739 4243 inter
758 4201 856 4242 manus
878 4184 973 4239 volen·
1024 4184 1154 4252 hominis,
1169 4201 1250 4257 quem
1265 4200 1329 4240 enat
1349 4200 1398 4241 sna
1413 4186 1571 4257 posteritate
1589 4187 1652 4257 jure
1664 4179 1791 4255 despexisti

182 4289 249 4343 tium
273 4295 365 4342 terrere
390 4283 499 4355 penitus
525 4288 703 4348 evanescunt,
726 4289 753 4335 et
776 4276 917 4342 dedeinnt,
943 4285 973 4331 ut
1024 4285 1064 4341 tn,
1086 4276 1133 4346 qni
1156 4276 1282 4346 superbis
1297 4276 1414 4333 resistis.
1428 4276 1457 4334 ln
1474 4293 1508 4333 co
1531 4277 1619 4347 eninr,
1633 4276 1703 4349 quod
1720 4273 1790 4331 dieo:

181 4391 278 4434 omnes
300 4376 435 4431 illecebrae
450 4372 606 4439 mundanae,
627 4370 691 4441 quia
709 4368 824 4423 mundus
837 4368 972 4433 transibit,
991 4394 1011 4448 D
1027 4367 1174 4437 respexisti,
1190 4382 1244 4422 non
1261 4383 1269 4421 t
1283 4368 1425 4439 aspexisti,
1439 4370 1624 4438 nataliciam
1638 4365 1791 4425 tuaurloisse

179 4482 204 4526 et
218 4468 428 4541 coucupiscentia
452 4465 509 4536 ejas
524 4464 551 4536 (l
561 4463 643 4519 loon.
657 4479 688 4531 n,
701 4462 757 4533 ll).
768 4461 838 4518 Germ
850 4462 922 4517 enim
937 4462 974 4517 sit
1025 4474 1147 4514 arersmn
1170 4467 1280 4530 propter
1293 4458 1417 4516 odiosam
1442 4461 1491 4517 tibi
1507 4461 1673 4532 snperbiam.
1693 4456 1741 4514 aad
1751 4468 1791 4526 cto

180 4561 265 4617 oannis
284 4560 460 4629 carolenum,
482 4567 508 4612 et
522 4558 607 4613 omnis
622 4555 708 4627 gloria
723 4555 811 4610 cannis
830 4554 908 4625 quasi
922 4554 971 4622 {los
1022 4553 1149 4611 Christus
1161 4554 1303 4611 humiliavi
1325 4555 1475 4626 meipsum
1496 4555 1586 4614 lactus
1607 4557 1732 4613 obediens
1752 4550 1790 4609 tibi

180 4656 234 4727 teni
248 4653 317 4721 (isa.
333 4669 379 4721 xe,
394 4652 433 4721 6).
448 4651 552 4722 absque
569 4650 653 4707 dubio
669 4650 697 4706 in
712 4649 788 4706 brevi
801 4656 906 4704 arescet
934 4647 973 4702 le·
1022 4642 1096 4699 Patri
1111 4660 1198 4717 usqne
1220 4645 1254 4701 ad
1270 4655 1396 4714 mortem,
1413 4655 1530 4703 mortem
1554 4658 1645 4704 autern
1661 4646 1753 4709 crocis,
1767 4642 1789 4696 iu

180 4766 258 4817 pum,
274 4749 552 4820 ennosejnscader:
571 4745 780 4803 Verbamaatem
792 4743 900 4799 [lamini
915 4761 973 4797 ma·
1022 4751 1076 4807 qua
1090 4734 1212 4807 pendens
1226 4736 1282 4792 dixi
1304 4736 1361 4792 :ln
1381 4755 1475 4793 manas
1490 4746 1550 4792 tuas
1566 4738 1714 4794 comateado
1725 4734 1792 4805 spiri·
1862 4762 1863 4777 1

179 4850 222 4896 „ep
236 4841 263 4894 ιη
278 4848 417 4907 mmmmm,
433 4840 486 4896 hoe
499 4847 542 4896 ρει
556 4837 688 4905 uerbum,
708 4838 741 4893 ιθ
759 4851 814 4908 quo
827 4835 866 4891 ptr
886 4834 972 4890 toan.
1023 4837 1078 4881 ianr
1099 4843 1195 4883 areuna
1210 4826 1360 4885 Proroeavi
1385 4829 1469 4885 etiam
1482 4829 1552 4886 alios
1569 4829 1603 4886 ad
1618 4827 1790 4887 discendens
1862 4878 1863 4895 ,

179 4948 229 4990 nes
244 4932 385 5003 apostotus
408 4950 416 4986 t
442 4929 519 4998 Quos
541 4931 666 4999 eruemus,
679 4939 704 4985 a
726 4929 886 4993 enarremus,
902 4928 972 4999 qum
1022 4916 1324 4988 manuteneamus
1343 4914 1791 4989 eunomiuscorneaqueapnn

178 5023 375 5093 perspeximus,
398 5030 423 5077 et
448 5037 542 5075 manus
572 5028 669 5075 nostrae
690 5028 914 5075 contrectaverunt
939 5020 972 5074 de
1027 5010 1169 5066 bominum
1187 5011 1313 5082 superbia
1333 5025 1383 5082 per
1406 5026 1494 5067 meam
1510 5010 1689 5067 bumilitatem
1711 5017 1739 5063 tu
1757 5020 1791 5060 rr·

186 5112 267 5168 vega,
285 5114 357 5181 pepp,
379 5121 405 5167 pp
419 5114 475 5168 „pp
492 5112 664 5181 mpptfpppara
681 5121 730 5166 epp,
754 5109 782 5183 (1
795 5109 876 5165 toan,
896 5127 915 5172 p,
931 5110 970 5178 t„
1021 5102 1132 5172 sparsisti
1145 5101 1324 5157 lrnnrilitatem
1338 5118 1434 5167 meam,·
1451 5111 1479 5157 et
1500 5102 1609 5158 saiaaati
1623 5101 1656 5157 dc
1668 5098 1792 5156 usmeta·

179 5206 400 5273 contrectemus,
412 5206 559 5273 adiuvante
576 5204 663 5277 gratia
683 5203 782 5274 ipsius,
797 5214 824 5259 et
838 5217 888 5258 nos
904 5202 970 5257 illud
1022 5191 1224 5247 1ἱ11111111111111111
1245 5208 1340 5248 11113111·
1355 5186 1414 5248 111111
1443 5193 1505 5249 (11311
1532 5212 1538 5249 τ
1562 5189 1790 5280 1131111111111111

177 5297 293 5353 verbum
320 5298 399 5368 quasi
415 5296 593 5368 margaritam
617 5295 745 5362 solidam,
768 5302 971 5350 contrectemus
1022 5283 1519 5355 111115,113133111131131113111111131131
1537 5285 1699 5352 (1011313311,
1711 5292 1791 5341 113111·

178 5388 346 5455 meditanda,
362 5388 486 5460 legendo,
501 5388 645 5454 discendo,
660 5387 793 5453 docendo,
809 5395 837 5442 ει
852 5386 971 5441 mraxime
1020 5377 1112 5445 dendt,
1129 5376 1251 5446 bibendi,
1262 5385 1290 5433 et
1304 5376 1359 5432 alia
1372 5376 1529 5447 liniusmodi
1543 5378 1616 5433 nulla
1641 5392 1699 5431 ntea
1709 5382 1790 5429 nems-

179 5480 295 5546 orando,
309 5481 460 5535 innitamur
470 5480 509 5535 illi
524 5489 653 5550 tanquam
668 5478 847 5534 laudamento
861 5478 971 5533 solidis·
1021 5470 1111 5536 situle,
1135 5469 1182 5527 3111
1207 5479 1358 5540 1301113333
1376 5470 1702 5550 101111113113131111181311
1717 5460 1790 5522 11111·
1862 5502 1863 5537 1

181 5567 262 5633 simo,
285 5580 311 5624 et
337 5586 476 5639 rnurqnnm
502 5587 612 5635 casuro,
639 5571 703 5641 quia
725 5569 837 5625 verbum
861 5568 969 5626 Dorrrini
1021 5564 1527 5631 1131133111311113,11115111111ῃὲ3
1550 5560 1789 5633 3511313111111111
1862 5558 1863 5589 1

181 5668 273 5712 mutuet
296 5660 323 5713 in
349 5672 490 5716 aeternum
522 5661 667 5717 lilemmrs
691 5661 756 5734 qnid
782 5662 834 5716 lroc
855 5662 967 5716 verbnm
1021 5658 1106 5724 illam,
1132 5672 1185 5727 qua
1200 5655 1256 5711 dixi
1274 5673 1280 5711 :
1298 5656 1388 5728 Pater,
1412 5658 1439 5711 in
1458 5674 1552 5713 nrarrns
1574 5667 1632 5717 tans
1653 5648 1790 5711 curamenta
