3817 6000
226 193 361 251 ΗΟΙ

830 194 1391 253 COMMENTAttltJM
1426 194 1496 250 ΙΝ
1534 193 1876 251 PsALttos.
1913 224 1983 234 -—
2021 191 2203 249 PARS
2242 193 2305 250 11.
2345 226 2413 234 -
2438 194 2636 253 PSAL.
2681 198 2868 255 xxtv.

3332 212 3470 269 1⁴02

222 303 351 364 ideo
384 305 594 364 credo.
626 308 751 379 quia
799 318 856 363 tu
894 326 952 364 es
980 308 1120 364 Deus
1169 306 1419 364 Salvator
1470 325 1633 377 meus,
1684 322 1807 379 qnae
1833 311 1881 367 A
1909 303 2105 360 muelis
2127 302 2454 360 destinatum
2487 299 2543 376 (1
2566 305 2691 379 Req.
2721 325 2810 378 xv,
2847 312 2958 383 55).
3000 313 3252 374 Poteram
3287 338 3386 394 ego
3417 327 3469 381 in

222 399 361 457 tides
388 413 558 454 unum
588 400 892 455 membrum
918 409 1002 456 est
1030 401 1298 457 bonorum
1325 401 1665 469 meritorum,
1691 397 1821 472 qua

222 500 278 547 te
312 490 476 546 credo
520 488 872 546 salvatorem.
910 492 1154 548 Alterum
1192 492 1495 548 membrum
1529 494 1800 548 bonorum

210 582 549 637 meritorum
574 592 658 638 εει
688 582 778 638 illa
803 583 959 638 bonai
979 585 1411 641 conversationis
1441 584 1720 655 patientia,
1744 584 1800 639 in

218 684 332 742 qua
362 680 413 728 te
434 673 664 727 sustinui
690 682 799 728 tota
824 666 911 729 die
929 684 1150 744 portans
1171 677 1382 746 pondus
1408 674 1513 730 diei
1535 683 1589 731 et
1611 683 1801 744 aestus,

219 770 279 816 et
309 761 388 817 l'ui
415 778 445 817 a
477 762 683 818 dextris
728 770 893 835 atque
920 780 951 819 a
980 763 1216 822 sinistris
1257 781 1354 837 per
1393 781 1543 821 arma
1574 765 1800 836 justitiae

222 853 491 918 munitus,
544 854 672 909 dum
702 863 756 910 et
795 851 938 910 inter
976 871 1234 927 prospera
1266 856 1318 912 in
1343 859 1627 928 temporali
1669 874 1799 928 pro-

220 945 486 1015 speritate
529 960 638 1001 non
668 946 828 1017 posui
872 947 1005 1002 mibi
1059 948 1309 1017 salutem,
1342 948 1436 1005 sed
1487 949 1799 1005 firmissime

221 1031 375 1092 tenui
409 1037 552 1094 banc
581 1036 765 1107 fldem,
795 1054 902 1110 qua
949 1040 1175 1107 credidi,
1207 1050 1426 1112 propter
1446 1043 1590 1113 quod
1621 1048 1675 1098 et
1711 1038 1799 1096 lo-

219 1135 387 1182 cutus
424 1142 546 1183 sum
573 1127 724 1195 aliis;
752 1130 880 1199 quia
927 1137 984 1182 tu
1020 1122 1074 1184 es
1106 1129 1244 1186 Deus
1276 1129 1523 1186 Salvator
1552 1149 1713 1198 meus,
1746 1139 1801 1188 ct

221 1209 369 1272 inter
396 1212 625 1274 adversa
657 1230 767 1274 non
792 1218 984 1287 defeci,
1024 1234 1199 1293 neque
1237 1239 1323 1279 me
1371 1225 1549 1294 ipsum
1577 1241 1670 1296 per
1697 1226 1799 1280 im·

221 1307 541 1378 patientiam
567 1305 857 1378 vindicavi,
892 1312 987 1367 sed
1016 1320 1066 1367 te
1094 1314 1322 1369 sustinui
1352 1323 1464 1369 tota
1502 1314 1586 1369 die
1617 1314 1799 1371 sciens

220 1405 281 1454 te
303 1399 505 1456 dixisse
537 1422 552 1456 .·
585 1420 605 1452 ι
636 1391 764 1457 Mihi
789 1403 1044 1471 vindicta,
1068 1408 1122 1460 et
1144 1420 1244 1477 ego
1290 1406 1583 1462 retribuam
1608 1405 1794 1478 (Hebr.

222 1506 283 1557 x,
312 1490 425 1560 15).
457 1511 476 1544 ι
526 1491 648 1550 ldeo
688 1502 741 1549 te
779 1510 889 1550 non
943 1497 1120 1551 solum
1176 1497 1382 1552 credidi
1439 1496 1794 1567 Salvatorem,

220 1579 321 1636 sed
348 1581 513 1637 etiam
543 1584 779 1640 sustinui
822 1585 1228 1654 retributorem,
1257 1588 1528 1658 praecipue
1554 1589 1657 1646 hoc
1700 1607 1794 1662 op-

220 1678 348 1727 tans
393 1680 473 1737 ut,
503 1688 627 1728 cum
655 1676 924 1731 universae
950 1678 1051 1732 viae
1075 1685 1180 1732 tuae
1205 1678 1315 1733 sint
1343 1679 1711 1736 misericordia
1742 1691 1795 1738 et

217 1761 444 1829 veritas,
477 1771 533 1818 ιιι
561 1764 746 1833 potius
775 1781 873 1836 per
893 1765 1326 1823 misericordiam
1353 1769 1623 1825 retribuas
1651 1770 1794 1827 bona

217 1867 323 1924 pro
344 1854 523 1921 malis,
548 1870 710 1926 quam
737 1872 834 1927 per
857 1857 1128 1927 justitiam
1159 1860 1298 1914 mala
1322 1872 1423 1932 pro
1453 1861 1633 1917 malis.
1661 1860 1795 1917 Pro-

217 1952 429 2015 pterea,
463 1961 587 2002 cum
616 1961 718 2018 ego
755 1949 1026 2004 interdum
1061 1949 1361 2020 potuissem
1389 1950 1686 2010 reddidisse
1708 1953 1794 2008 vi-

217 2038 597 2094 cissitudinem
648 2039 1073 2097 retribuentibus
1122 2042 1259 2098 mibi
1289 2043 1431 2098 mala
1462 2058 1561 2114 pro
1613 2044 1791 2111 boniS,

217 2129 373 2184 nolui
401 2138 510 2185 tam
541 2129 713 2188 durus
753 2133 1047 2188 retributor
1082 2149 1223 2202 esse,
1257 2135 1352 2191 sed
1377 2144 1430 2191 te
1457 2136 1605 2207 pium
1636 2139 1797 2194 retri-

218 2221 470 2278 butorem
520 2225 770 2287 sustinui,
795 2233 851 2280 ει
873 2227 1181 2295 exspectavi
1212 2235 1324 2282 tota
1357 2226 1442 2283 die
1467 2229 1796 2285 maledicen-

219 2312 369 2370 tibus
417 2329 526 2369 non
555 2316 965 2386 remaledicens,
995 2319 1360 2388 percutientes
1401 2333 1510 2374 non
1535 2335 1794 2393 repercu-

218 2406 385 2462 tiens.

289 2497 460 2553 Aliter
491 2517 506 2553 :
548 2498 670 2555 Viae
697 2508 838 2569 tuas,
861 2500 1104 2572 Domine,
1126 2504 1427 2560 demonstra
1460 2506 1610 2572 mihi,
1636 2516 1685 2562 et
1707 2524 1793 2563 se-

217 2592 381 2647 mitas
435 2601 552 2648 tuas
602 2593 729 2649 doce
764 2611 862 2650 me.
903 2594 1086 2668 Diriqe
1135 2613 1216 2653 me
1255 2597 1310 2651 in
1349 2598 1567 2653 veritate
1599 2607 1709 2667 tua,
1742 2608 1793 2654 et

216 2685 348 2739 doce
400 2701 497 2739 me.
539 2684 622 2741 Tu
653 2686 789 2743 dicis
819 2704 833 2740 ε
865 2705 885 2739 ι
917 2686 1029 2759 Ego
1060 2705 1181 2745 sum
1228 2689 1335 2755 via,
1385 2698 1439 2744 et
1478 2691 1698 2759 veritas,
1738 2699 1792 2747 et

215 2777 329 2832 vita
360 2776 540 2856 (Ιοαη.
569 2793 680 2847 xiv,
715 2778 792 2848 6),
821 2798 840 2831 ι
878 2782 1023 2851 quod
1055 2782 1281 2837 omnino
1311 2798 1497 2837 rerum
1530 2791 1630 2852 est,
1661 2785 1789 2854 quia

214 2876 274 2923 tu
304 2884 363 2925 es
386 2870 468 2923 via
495 2868 547 2924 ib
572 2870 835 2942 exemplis
851 2879 907 2927 et
927 2874 1229 2943 praeceptis,
1254 2876 1446 2929 veritas
1470 2874 1525 2930 in
1555 2877 1790 2947 promis-

1901 404 2013 450 tam
2058 395 2236 466 longis
2284 399 2753 466 persecutionibus
2811 403 3129 474 deposuisse
3157 425 3333 487 spem
3386 433 3472 471 r-e

1901 485 2126 556 gnandi,
2158 485 2252 541 sed
2301 486 2477 543 sciens
2532 495 2582 542 te
2618 504 2868 544 veracem
2923 498 3331 565 promissorem,
3374 506 3468 572 qul

1901 576 2035 631 mihi
2088 575 2254 632 Daxid
2311 593 2469 633 servo
2521 588 2615 634 tuo
2642 580 2839 650 jurasti
2879 583 3105 641 dicens:
3141 605 3161 639 ι
3201 604 3373 660 usque
3412 593 3466 648 in

1900 675 2163 720 {eternum
2191 668 2508 737 praeparabo
2532 685 2714 725 semen
2758 681 2932 737 tuum,
2984 682 3038 730 et
3081 677 3358 736 :edificabo
3411 682 3466 738 in
3528 716 3533 725 ·

1900 758 2303 829 generationem
2349 768 2404 814 et
2442 762 2840 829 generationem
2881 765 3062 822 sedem
3092 775 3261 837 tuam,
3298 774 3465 829 susti-

1901 847 1996 901 nui
2021 855 2133 903 tota
2160 847 2248 904 die
2276 846 2451 918 (Psal.
2476 865 2736 919 Lxxxs'in,
2786 855 2818 908 t
2848 866 2903 909 et
2940 856 3018 927 5),
3046 876 3065 909 ι
3118 860 3332 929 pondus
3359 863 3465 918 diei

1899 946 2138 994 etaestus
2165 948 2388 1008 portans
2414 939 2468 995 in
2499 948 2605 995 tam
2638 942 2795 1014 longa
2840 950 3231 1014 persecutione.
3266 949 3464 1008 lterum

1899 1043 2024 1085 cum
2070 1030 2366 1100 potuissem
2399 1031 2550 1087 illum
2597 1032 2875 1089 inimicum
2920 1052 3098 1092 meum
3126 1038 3180 1094 in
3210 1042 3467 1110 spelunca

1899 1119 2295 1189 deprehensum
2314 1163 2329 1189 ,
2387 1122 2472 1178 vel
2514 1122 2869 1181 dormientem
2919 1126 3198 1185 inventum
3245 1131 3468 1191 interse-

1899 1210 2059 1277 cisse,
2087 1226 2194 1266 non
2224 1212 2325 1268 hoc
2353 1211 2477 1280 feci,
2503 1230 2611 1269 non
2638 1216 2718 1271 sic
2740 1217 2807 1271 ad
2832 1219 3165 1288 regnandum
3188 1220 3465 1293 festinavi,

1900 1313 1961 1360 ut
2011 1304 2283 1360 mitterem
2333 1321 2556 1361 manum
2601 1322 2776 1362 meam
2803 1308 2859 1363 in
2901 1309 3179 1369 Christum
3226 1313 3462 1378 Domini.

1898 1398 1993 1454 sed
2029 1408 2078 1450 te
2115 1398 2344 1453 sustinui
2377 1406 2486 1453 tota
2520 1399 2624 1465 die,
2654 1398 2757 1455 hoc
2777 1400 2918 1470 apud
2938 1417 3025 1458 me
3049 1404 3373 1477 deliberanS,
3406 1420 3467 1466 ut

1897 1490 2079 1561 potius
2106 1491 2159 1545 in
2190 1490 2336 1547 illius
2369 1492 2744 1562 persecutione
2779 1502 2926 1549 tuam
2951 1496 3274 1555 sustinerem
3309 1504 3468 1557 casti-

1897 1582 2192 1652 gationem,
2212 1597 2376 1652 quam
2400 1598 2465 1637 eo
2490 1597 2523 1638 a
2558 1599 2644 1638 me
2670 1584 2951 1641 interfecto
2984 1586 3210 1644 nimium
3232 1590 3464 1650 festinus

1894 1679 2150 1742 regnator
2173 1672 2378 1739 tierent,
2409 1674 2625 1730 sciens:
2650 1676 2795 1745 quod
2827 1694 2847 1726 ‹
2874 1677 3180 1745 haereditas,
3205 1680 3272 1735 ad
3299 1697 3461 1752 quam

1894 1760 2183 1816 festinatur
2209 1762 2265 1818 in
2292 1762 2581 1833 principio,
2607 1764 2660 1818 in
2685 1765 2982 1822 novissimo
3012 1769 3216 1825 carebit
3239 1771 3463 1831 benedi-

1894 1853 2073 1909 ctione
2104 1852 2287 1922 (Prov.
2316 1869 2410 1919 xx,
2445 1852 2611 1923 21).»

1966 1942 2226 2030 Similiter
2267 1958 2368 2015 ego
2408 1946 2677 2014 poenitens
2718 1944 2976 2015 Ecclesia,
3006 1950 3090 2005 vel
3114 1965 3213 2022 ego
3238 1953 3468 2023 quilibet

1892 2038 2162 2106 poenitens
2191 2037 2243 2091 in
2269 2035 2530 2103 Ecclesia,
2564 2052 2686 2092 cum
2717 2039 2820 2093 sub
2864 2055 3034 2111 regno
3068 2040 3271 2112 Saulis,
3303 2046 3358 2100 id
3380 2057 3464 2104 est

1893 2129 2086 2186 mortis
2111 2137 2270 2184 natus
2293 2127 2560 2185 fuissem
2547 2145 2601 2184 tn
2623 2139 2864 2199 peccato,
2888 2147 2984 2202 per
3005 2134 3151 2205 quod
3178 2136 3285 2193 sibi
3312 2155 3463 2193 mor-

1893 2232 2002 2280 tem
2029 2231 2285 2288 tanquam
2316 2221 2668 2277 suribundum
2708 2239 2885 2294 regem
2918 2225 3233 2296 superduxit
3274 2230 3460 2301 homo,

1891 2323 2074 2370 tamen
2105 2313 2285 2384 accepi
2320 2329 2417 2384 per
2447 2328 2665 2369 sacrum
2690 2314 2978 2385 baptisma,
3004 2333 3097 2387 per
3125 2319 3306 2375 oleum
3333 2338 3463 2378 san-

1893 2413 2065 2474 ctum,
2095 2420 2192 2476 per
2214 2405 2473 2472 chrisma,
2501 2420 2597 2475 per
2623 2407 2905 2477 mysticam
2930 2408 3328 2470 Eucharistiam
3379 2426 3463 2472 ta·

1891 2500 1997 2557 lem
2029 2500 2360 2569 unctionem,
2384 2516 2491 2572 qua
2513 2503 2790 2559 destructo
2810 2504 2861 2558 in
2889 2521 2976 2561 me
2995 2521 3162 2580 regno
3180 2515 3385 2582 peccati
3407 2525 3461 2570 et

1891 2592 2084 2648 mortis
2105 2601 2367 2663 tanquam
2409 2607 2575 2664 regno
2611 2592 2790 2651 Saulis
2822 2611 3049 2667 regnum
3080 2597 3269 2671 David,
3301 2605 3353 2661 id
3373 2615 3461 2663 est

1891 2700 2119 2756 regnum
2146 2684 2370 2756 justitiae
2411 2685 2465 2739 in
2497 2700 2584 2740 me
2613 2686 2797 2742 debuit
2820 2691 3183 2760 convaluisse,
3207 2704 3262 2750 ει
3290 2712 3461 2769 regno

1889 2776 2096 2846 peccati
2133 2777 2501 2847 praevaluisse.
2554 2775 2667 2832 flac
2722 2793 2816 2849 spe
2867 2782 3125 2853 regnandi
3171 2800 3318 2843 nunc
3362 2803 3460 2859 ρει·

1883 2867 2149 2943 justitiam
2180 2868 2563 2930 manusufflcnt,
2591 2874 2643 2922 jn
2676 2870 2856 2926 sulum
2884 2887 2974 2942 [πϊ
2993 2873 3220 2945 gloriam
3248 2878 3460 2935 deside-⁴

203 2959 297 3016 sis
325 2969 379 3016 et
405 2961 589 3029 minis,
611 2961 798 3019 vitain
836 2964 1093 3034 praemiis.
1128 2962 1253 3022 ideo
1276 2956 1378 3039 ego
1406 2967 1632 3039 cupiens
1663 2968 1785 3025 duci
1812 2983 1856 3043 c
1890 2958 2137 3027 rabilem,
2171 2957 2289 3025 tibi,
2317 2956 2551 3022 Christo,
2583 2962 2720 3014 Filia
2746 2958 2904 3014 liat-ir!
2936 2978 3058 3020 rere
3082 2966 3375 3025 manuforti
3404 2979 3459 3027 ct

214 3067 314 3125 per
338 3055 584 3125 exempla
632 3063 686 3111 et
729 3066 995 3126 praecepta
1021 3065 1114 3112 tua
1152 3058 1275 3113 dico
1306 3059 1439 3114 tibi:
1483 3059 1605 3114 Vias
1643 3070 1782 3128 titas,

220 3146 464 3214 Domine,
490 3148 791 3203 demonstra
824 3149 972 3215 mihi,
1003 3157 1053 3203 et
1094 3152 1307 3205 sentitus
1351 3163 1468 3206 tuas
1511 3152 1636 3208 doce
1682 3171 1782 3220 me,

213 3252 315 3307 per
347 3239 459 3293 vias
485 3240 753 3310 exempla,
782 3256 877 3311 per
904 3240 1120 3295 sentitus
1181 3241 1486 3313 intelligens
1519 3254 1784 3314 praecepta

214 3340 330 3386 tua.
355 3330 551 3388 lterum
594 3335 726 3404 quia
750 3334 1212 3404 contemptoribus
1240 3335 1558 3391 eorumdem
1603 3351 1785 3392 exem·

208 3422 427 3491 plorum
456 3432 510 3479 et
531 3433 923 3494 praeceptorum
946 3434 1163 3480 tuorum
1195 3426 1459 3480 veraciter
1486 3427 1783 3482 commina-

210 3514 293 3569 ris
318 3523 518 3569 aeterua
547 3515 834 3585 supplicia,
864 3525 918 3570 et
941 3516 1256 3571 eorumdem
1284 3518 1653 3574 servatoribus
1691 3535 1783 3573 ve-

211 3606 416 3662 raciter
454 3607 728 3679 promittis
773 3615 988 3663 aeternae
1016 3607 1363 3664 beatitudinis
1391 3608 1634 3679 praemia,
1659 3610 1781 3665 dico

209 3697 311 3752 tibi
340 3715 354 3752 :
386 3695 571 3769 Diriye
598 3716 677 3753 me
707 3701 761 3753 in
799 3699 1015 3753 veritate
1043 3708 1155 3765 tua,
1186 3708 1244 3753 ut
1275 3700 1439 3768 mala,
1470 3716 1592 3771 quae
1626 3716 1782 3757 vera-

209 3789 351 3845 citer
383 3790 753 3858 comminaris,
781 3791 1029 3859 evadam,
1060 3800 1115 3845 et
1154 3791 1315 3859 bona,
1352 3808 1474 3864 quae
1516 3796 1782 3850 veraciter

208 3881 509 3955 promittis,
532 3882 826 3938 obtineam.
863 3879 991 3938 Scio
1018 3883 1162 3937 enim
1194 3886 1304 3938 vias
1328 3886 1699 3955 exemplorum
1726 3897 1781 3943 et

206 3975 423 4030 semitas
469 3984 862 4045 praeceptorum
902 3983 1120 4029 tuorum
1168 3989 1292 4030 esse
1339 3976 1585 4035 salubres
1609 3994 1623 4033 :
1652 3979 1779 4050 quia

206 4079 270 4122 tu
298 4081 351 4119 es
383 4064 519 4120 Deua
551 4063 797 4120 Salvator
835 4082 999 4121 meus.
1039 4064 1166 4122 Scio
1190 4068 1352 4122 etiam
1386 4067 1778 4137 promissiones

206 4166 334 4213 tuas
353 4156 645 4227 aliquando
674 4156 896 4225 differri,
938 4157 1031 4213 sed
1080 4173 1356 4229 nunquam
1381 4157 1623 4216 auferri:
1657 4160 1780 4216 ideo

205 4250 437 4305 sustinui
460 4258 507 4305 te
528 4259 639 4304 tota
669 4250 755 4303 die
775 4249 1076 4306 oertissima
1106 4254 1507 4323 exspectatione
1528 4269 1653 4308 cum
1684 4269 1779 4325 pa-

1889 3050 2233 3107 desiderabiii
2261 3050 2459 3105 adim-si
2499 3066 2591 3119 μιν
2647 3066 2987 3108 multitunem
3031 3054 3457 3116 Christianitatis

1887 3140 2314 3208 observantiam,
2344 3143 2423 3195 rel
2467 3147 2625 3195 ctiam
2651 3159 2744 3211 per
2768 3144 3023 3211 spiritalis
3046 3148 3308 3218 propositi
3335 3166 3457 3206 ma-

1887 3231 1971 3301 gis
1998 3232 2311 3301 religiosam
2350 3235 2535 3283 titum.
2587 3231 2688 3287 Emi
2720 3251 2840 3287 ι’-ιιιιι
2884 3239 2948 3287 ἰΙιι
2980 3237 3083 3292 sim
3131 3239 3456 3307 destinatus,

1886 3332 1941 3376 et
1984 3331 2180 3378 unctus
2204 3323 2256 3378 in
2281 3338 2485 3395 regem,
2525 3332 2707 3379 tamen
2744 3334 2869 3395 post
2907 3337 3183 3399 acceptam
3224 3332 3456 3402 regalem

1889 3413 1943 3467 in
1988 3415 2343 3470 sacramentis
2381 3414 2679 3471 Dominicis
2710 3417 3044 3487 unctionem,
3074 3420 3250 3476 sentio
3276 3423 3455 3480 adbuc

1888 3507 1942 3560 in
1968 3522 2130 3562 carne
2152 3524 2269 3564 mea
2297 3510 2502 3578 peccati
2531 3510 2702 3580 legem
2731 3522 2986 3581 tanquam
3017 3511 3196 3570 Saulis
3217 3518 3456 3585 tyranni·

1882 3598 2026 3664 dem,
2056 3607 2110 3653 ει
2135 3598 2296 3654 audio
2323 3600 2476 3666 mihi,
2508 3609 2563 3656 et
2598 3602 2719 3655 aliis
2739 3602 3056 3671 Apostolum
3087 3613 3237 3660 tuum
3266 3605 3454 3663 dicen·

1885 3699 1992 3745 tem
2027 3709 2040 3743 ε
2079 3709 2098 3741 ι
2127 3689 2316 3761 Fugite
2341 3691 2831 3758 fornicationem(1
2861 3692 2983 3748 Cor.
3005 3709 3081 3762 vr,
3110 3695 3219 3766 18),
3251 3716 3270 3749 ι
3306 3700 3453 3767 quod

1883 3782 2023 3837 idem
2054 3790 2158 3848 est,
2186 3797 2251 3837 ac
2275 3781 2352 3837 sic
2376 3780 2519 3837 dicat
2545 3781 2772 3854 :Fugite
2793 3783 2971 3840 Saulis
2996 3788 3448 3856 persecutionem.

1881 3871 2026 3928 Inter
2055 3882 2134 3928 tot
2165 3884 2507 3943 peccatorum
2543 3883 2597 3929 et
2638 3875 2995 3930 tentationum
3039 3878 3276 3947 pericula
3311 3895 3453 3952 saepe

1882 3964 2134 4020 insidiata
2171 3974 2254 4020 est
2292 3964 2425 4018 mibi
2471 3965 2788 4033 diffidentia,
2834 3975 2895 4022 ut
2945 3967 3307 4040 desperarem,
3362 3989 3454 4030 me

1880 4071 2042 4127 posse
2062 4056 2308 4122 evadere,
2333 4056 2474 4110 sicut
2511 4055 2680 4112 David
2704 4057 3022 4129 desperabat
3045 4076 3103 4116 se
3126 4076 3286 4131 posse
3319 4078 3417 4121 eva
3436 4095 3450 4103 ·

1879 4148 2026 4213 dere,
2054 4163 2175 4203 cum
2210 4148 2562 4219 prodentibus
2601 4159 2656 4204 et
2694 4149 3031 4206 tradentibus
3061 4166 3185 4207 eum
3217 4152 3449 4225 Zipbaeis

1879 4252 2024 4299 esset
2051 4242 2288 4313 undique
2324 4243 2377 4296 in
2423 4243 2645 4298 modum
2693 4258 2909 4299 coronae
2948 4245 3386 4306 circumvallatus
3415 4269 3446 4307 a

205 4339 398 4395 tientia
435 4349 490 4397 et
536 4340 861 4397 sustinentia
906 4357 1219 4413 praeparans
1261 4358 1349 4400 me
1398 4344 1465 4399 ad
1516 4344 1776 4415 capienda
1808 4332 1853 4387 D
1882 4335 2144 4389 munibus
2181 4334 2360 4390 Saulis
2399 4332 2454 4405 (ι
2479 4323 2604 4405 Rei!
2629 4350 2786 4401 ΠΜ,
2832 4336 2965 4405 ¹9)·
2989 4346 3168 4394 ²8⁰¹&ss
3220 4341 3448 4398 ⁸“8fl'1185

202 4432 477 4504 promissa
535 4441 647 4502 tua,
700 4449 823 4505 quae
882 4449 984 4491 nec
1035 4432 1297 4501 dubitavi,
1340 4451 1442 4492 nec
1473 4435 1664 4493 dubito
1690 4438 1776 4494 lus

201 4531 557 4593 proventura,
580 4525 779 4596 quibus
810 4540 874 4581 ea
914 4535 1129 4582 constat
1172 4541 1294 4583 esse
1315 4528 1604 4596 promissa.
1655 4526 1775 4584 Non

1879 4436 1928 4482 te
1957 4437 2069 4482 tota
2109 4428 2194 4483 die
2221 4437 2401 4484 certus
2433 4429 2499 4484 de
2539 4437 2629 4484 tua
2661 4428 3049 4507 promissione,
3088 4431 3182 4499 qui
3216 4446 3442 4504 regnum

1874 4518 2082 4591 peccati
2110 4527 2165 4575 ct
2190 4519 2384 4574 mortis
2407 4518 2689 4575 moriendo
2736 4520 3076 4589 destruxisti,
3120 4529 3175 4577 et
3215 4537 3443 4594 regnum

201 4613 351 4669 enim
392 4615 693 4686 promisisti
732 4616 987 4674 omnibus
1014 4618 1218 4686 omnia,
1275 4618 1368 4674 sed
1422 4619 1651 4675 diversis
1693 4620 1778 4674 di·
1870 4611 2098 4683 justitiae
2146 4612 2409 4682 reparasti
2448 4612 2703 4683 primitus
2745 4612 2797 4666 in
2839 4628 3066 4684 corpore
3102 4622 3213 4681 11¹0·
3242 4615 3298 4671 in
3333 4630 3446 4687 (1¹¹⁰

200 4721 401 4763 versa:
439 4708 587 4764 verbi
635 4710 831 4780 gratia,
864 4710 1193 4780 pauperibus
1243 4711 1515 4781 promittis
1544 4726 1772 4783 regnum

200 4796 490 4866 coelorum,
520 4798 827 4870 lugentibus
855 4801 1305 4869 consolationem,
1331 4801 1773 4860 misericordibus

197 4888 653 4950 misericordiam.

274 4982 342 5041 Et
356 4994 537 5042 tamen
557 4999 809 5046 assuetus
836 4990 1216 5063 gaudere'cum
1242 4991 1622 5062 gaudentibus,
1645 4992 1774 5050 llere

193 5093 326 5135 cum
364 5077 638 5146 flentibus,
666 5083 886 5154 quando
911 5083 1156 5153 lugebam
1191 5099 1290 5156 ego
1319 5081 1486 5138 David
1531 5081 1770 5153 Saulem,

193 5187 362 5243 quem
387 5174 551 5229 etiam
581 5175 796 5245 lugebat
828 5174 1068 5242 Samuel,
1098 5191 1203 5231 non
1231 5175 1413 5246 accepi
1439 5175 1772 5231 consolatio-

195 5278 348 5331 nem,
377 5264 471 5320 sed
501 5280 598 5336 per
624 5265 814 5338 viginti
855 5281 1032 5321 annos
1061 5266 1275 5338 longam
1312 5266 1546 5324 sustinui
1574 5266 1643 5321 ab
1679 5267 1772 5323 illo

193 5357 652 5426 persecutionem,
688 5362 1014 5430 pervenique
1033 5359 1099 5414 ad
1126 5367 1331 5415 tantam
1355 5359 1771 5427 desolationem,

197 5453 261 5501 ut
288 5446 374 5501 rix
416 5463 614 5504 manus
643 5448 789 5502 illius
814 5449 1066 5517 evadens,
1095 5459 1150 5506 et
1182 5460 1404 5507 coactus
1436 5450 1489 5505 in
1516 5449 1769 5506 exsilium

197 5551 308 5593 non
340 5538 593 5595 haberem
619 5537 702 5594 vcl
733 5554 901 5593 unum
936 5540 1116 5595 locum
1168 5552 1344 5598 tutum
1376 5542 1509 5597 mihi
1557 5541 1622 5596 ad
1656 5540 1771 5595 lati-

195 5628 388 5687 bulum
416 5630 473 5687 iu
495 5646 685 5703 regno,
713 5630 858 5701 quod
882 5639 1001 5687 erat
1035 5631 1169 5688 mibi
1194 5647 1290 5703 per
1319 5632 1628 5691 unctionem
1652 5614 1768 5687 'Sa-

1876 4702 2077 4769 Saulis,
2125 4704 2176 4760 id
2225 4712 2311 4761 est
2353 4704 2544 4760 mortis
2583 4704 2819 4775 potentia
2868 4705 2948 4761 sic
2986 4715 3070 4761 est
3113 4708 3334 4775 abolita,
3384 4719 3445 4765 ut

1874 4811 2026 4852 mors
2061 4796 2137 4851 illi
2167 4797 2306 4852 ultra
2344 4811 2452 4851 non
2491 4795 2798 4851 dominetur
2830 4813 2843 4851 :
2873 4796 3067 4853 deinde
3098 4798 3330 4869 idipsum
3353 4795 3441 4860 le·-

1874 4889 1997 4944 cisti
2026 4888 2080 4942 in
2110 4901 2337 4958 corpore
2378 4895 2473 4942 tuo
2506 4901 2724 4957 magno,
2755 4888 2896 4959 quod
2920 4898 3002 4943 cst
3032 4887 3294 4957 Ecclesia,
3318 4905 3441 4961 quae

1874 4995 2021 5036 nunc
2040 4978 2237 5050 partim
2267 4986 2352 5034 est
2377 4977 2694 5033 resuscitata
2716 4978 2767 5032 in
2795 4978 3102 5046 animabus,
3135 4990 3189 5035 et
3225 4980 3279 5034 in
3322 4978 3442 5034 illo·

1874 5086 1997 5125 rum
2035 5069 2377 5139 corporibus,
2423 5083 2653 5139 quorum
2703 5084 2932 5139 corpora
2969 5079 3144 5124 tecum
3188 5084 3437 5124 surrexe-

1874 5172 2022 5228 runt,
2052 5170 2109 5218 et
2128 5161 2452 5216 introierunt
2484 5160 2535 5214 in
2562 5170 2802 5217 sanctam
2826 5160 3120 5225 civitatem,
3159 5170 3214 5214 et
3262 5175 3434 5230 appa-

1873 5266 2101 5313 ruerunt
2133 5256 2341 5311 multis.

1944 5348 2013 5403 At
2033 5346 2347 5421 egozadnuc
2379 5342 2580 5412 Saulis,
2630 5344 2682 5400 id
2724 5353 2807 5399 εει
2848 5342 3040 5399 mortis
3087 5342 3434 5398 damnatione

1871 5456 2108 5512 premor,
2136 5438 2229 5510 qui
2259 5453 2343 5492 me
2379 5435 2655 5491 multoties
2680 5435 2869 5491 lancea
2897 5449 3005 5521 sua·
3022 5435 3174 5490 nisus
3198 5442 3281 5489 est
3301 5449 3432 5487 con--

1871 5533 2055 5589 fodere
2086 5533 2139 5586 in
2171 5530 2451 5601 parietem.
2493 5526 2597 5583 Sed
2627 5528 2754 5599 quia
2786 5528 3013 5582 sustinui
3038 5535 3087 5581 te
3113 5535 3223 5581 tota
3245 5524 3348 5591 dte,
3374 5524 3433 5580 in

1870 5605 2203 5697 protectione
2231 5632 2319 5680 tua
2344 5622 2620 5679 conlidens
2648 5620 2802 5692 quasi
2841 5620 3251 5707 casso-vulnere
3285 5633 3434 5674 rnor-
