3817 6000
180 236 250 291 lttb
690 236 843 295 cnttbttttt
861 238 1055 298 Puntosttt
1073 242 1344 303 ttsstcttensrtttttt.
1736 249 1813 306 llio

179 349 221 405 xit
245 367 252 403 :
279 367 289 400 ι
312 346 372 405 Non
397 350 533 407 dimittam
556 361 592 418 te,
619 350 672 406 nisi
697 352 872 410 benedixeris
899 356 1005 421 minin
1020 360 1067 428 qui
1081 360 1121 415 sic
1134 368 1177 416 est
1190 377 1251 415 cunr
1269 375 1362 424 uxore,
1379 359 1579 430 quantumlibet
1600 361 1636 418 sit
1651 360 1748 427 brialis,
1764 373 1814 418 tn-

181 440 258 512 (ticn.
271 457 359 510 xssrr,
371 443 433 516 26),
452 463 462 497 ι
482 445 523 501 sie
537 445 589 502 iste
602 445 669 501 dicit
685 463 692 498 ε
709 461 763 501 uuu
777 446 915 502 dimittam
930 456 967 514 te,
1004 467 1084 507 «men
1098 450 1204 507 divisus
1217 459 1270 516 est,
1285 452 1418 509 sollicitus
1431 453 1567 520 uidelicet,
1589 454 1727 525 quomodo
1749 455 1815 525 pls·

180 534 234 589 nisi
249 536 405 605 propitieris
420 546 532 607 peccam
542 552 614 593 meo.
630 537 664 592 Et
674 537 747 593 sicut
758 538 797 593 illi
816 537 969 596 fortissime
1021 549 1082 598 ceat
1096 539 1161 608 Deo,
1175 542 1312 597 reddendo
1325 543 1363 597 illi
1376 544 1497 600 debiturn
1512 544 1685 611 famulatum,
1698 555 1726 602 et
1737 560 1816 617 qua·

181 628 332 684 secundum
345 644 446 685 nomeu
458 628 543 686 iacob
555 630 669 686 luctanti
681 630 848 687 ascendente
868 647 968 688 aurora
1020 632 1102 688 modo
1113 633 1217 702 placcat
1232 633 1312 688 uxori
1327 651 1393 702 suae,
1406 637 1565 707 accipiendo
1583 646 1610 692 et
1628 638 1763 710 exigendo
1774 636 1817 696 ab

181 721 284 776 dictum
304 730 346 778 est
364 741 371 779 ι
390 740 400 774 ι
417 721 596 794 Nequaquam
611 724 682 779 ultra
704 723 847 780 vocaberis
870 723 967 790 iacob,
1020 738 1053 779 en
1067 724 1189 780 debitum
1201 725 1380 795 subjectionis
1390 727 1565 798 obsequium,
1577 738 1604 785 et
1615 729 1754 784 reddendo
1770 728 1814 785 illi

181 814 323 872 sedlsrael
337 818 390 874 erit
401 834 499 875 nomen
515 828 593 876 tuum
608 819 754 890 (ibunt)
769 837 775 872 :
789 820 849 875 »sic
863 828 891 875 et
905 819 970 875 lruic
1020 817 1141 873 debitum
1170 817 1376 888 gubernationis
1405 829 1433 875 et
1454 819 1656 892 procurationis
1676 820 1814 877 oilielura.

180 908 295 964 uiriliter
317 911 505 979 penitentiam
528 912 630 984 agenti,
656 912 908 985 indulgentiamque
922 927 970 983 pe-
1020 907 1139 966 l‘roinde
1153 910 1180 966 in
1193 925 1259 978 uno,
1282 912 1432 984 eodemque
1447 913 1569 982 bomine,
1581 929 1645 970 cnm
1662 913 1717 971 sint
1730 930 1816 987 aquae

181 998 249 1054 renti
264 1000 441 1069 promittitur,
454 1003 528 1073 quod
539 1004 631 1058 anima
640 1003 699 1073 ejus
712 1003 740 1057 in
754 1003 828 1059 bonis
840 1003 969 1059 demore—
1021 1002 1114 1059 multe
1130 1003 1267 1059 rariorum
1283 1004 1494 1074 desideriorum,
1506 1007 1692 1064 necessarium
1706 1018 1750 1065 est
1763 1009 1816 1068 bre

182 1099 238 1158 tur,
256 1101 281 1145 et
295 1107 382 1147 semus
397 1093 608 1164 ejsshrereditet
626 1105 734 1151 terram.
756 1095 860 1152 iterem
883 1112 970 1152 semea
1021 1105 1191 1152 uramentum
1204 1095 1339 1154 Dominici
1351 1097 1468 1167 timoris,
1481 1114 1514 1155 ne
1525 1114 1604 1170 aquae
1614 1100 1677 1168 illae,
1690 1116 1753 1172 que
1762 1101 1817 1157 de-

181 1182 252 1252 ejas,
275 1183 303 1238 id
328 1192 371 1241 est
397 1184 500 1240 bouum
524 1200 594 1257 opus
618 1187 689 1257 eins,
709 1188 782 1260 quod
805 1187 871 1245 lacit
888 1188 969 1255 ratio,
1021 1188 1497 1260 bentessedirisae,sinteunlusae;
1522 1209 1600 1263 uere,
1625 1212 1686 1267 qun
1708 1196 1816 1253 debens

181 1273 248 1331 dum
262 1291 373 1332 ramere
386 1277 540 1348 disciplinae
554 1286 667 1346 terram,
689 1279 715 1336 id
728 1289 780 1346 cst,
793 1296 903 1337 earnem
917 1281 970 1337 sibi
1021 1297 1082 1339 esse
1096 1266 1189 1354 supra,
1202 1285 1257 1341 sint
1269 1286 1377 1354 subtus,
1392 1296 1419 1342 et
1433 1303 1496 1360 quae
1510 1291 1606 1348 subtus
1624 1292 1723 1349 debent
1734 1308 1814 1362 esse,

182 1368 335 1439 subjectam
346 1368 491 1441 diligenter
504 1371 622 1438 excolit3
636 1371 714 1439 illud,
731 1373 855 1444 iuquam,
877 1388 970 1429 senten
1022 1372 1077 1428 sint
1090 1389 1184 1444 supra,
1202 1374 1229 1429 id
1244 1383 1296 1443 est,
1311 1391 1345 1432 ne
1356 1378 1398 1434 rel
1411 1394 1477 1434 caro
1497 1381 1616 1451 spiritui,
1632 1383 1674 1439 rel
1694 1384 1815 1455 spiritus

181 1459 350 1516 dormitabit
368 1469 477 1529 terram,
489 1460 516 1517 id
530 1471 583 1529 est,
597 1478 681 1520 causa
694 1463 757 1530 erit,
770 1472 800 1519 ut
814 1464 972 1521 baeoediure
1022 1461 1070 1519 liat
1083 1463 1192 1520 rebellis
1205 1464 1330 1532 Domino,
1342 1468 1389 1524 sed
1405 1484 1470 1525 caro
1483 1486 1548 1526 curn
1571 1473 1631 1528 suis
1652 1473 1813 1543 desideriis,

182 1558 321 1629 possideat
335 1563 437 1610 terram
454 1555 614 1613 viventium.
1022 1568 1084 1623 quse
1097 1564 1161 1610 sunt
1176 1555 1203 1610 in
1218 1556 1383 1627 appetitibus
1394 1559 1516 1632 quinque
1538 1575 1680 1631 mnsoum,
1702 1565 1756 1620 snb
1774 1564 1814 1620 ti-

218 1648 325 1704 Aliter:
340 1650 438 1705 Anima
458 1649 516 1720 ejas
529 1657 655 1720 separata
671 1664 688 1703 a
704 1662 830 1718 corpore,
845 1646 973 1718 quamvis
1023 1659 1100 1701 ruore
1114 1644 1222 1702 bonini
1235 1648 1365 1705 correlusa
1389 1659 1508 1719 maneat,
1522 1660 1550 1707 et
1570 1653 1642 1708 ratio
1664 1669 1727 1709 curn
1751 1656 1815 1712 suis

182 1739 286 1812 absque
300 1741 360 1811 ipso
372 1757 488 1813 corpore
503 1756 559 1797 non
574 1741 673 1797 babeat
694 1740 768 1797 illam
789 1741 904 1812 gemine
926 1741 972 1796 lae·
987 1757 1009 1813 13
1023 1736 1250 1809 desideriisque
1265 1749 1329 1794 sunt
1341 1741 1368 1794 iu
1386 1742 1506 1812 appetitu
1522 1742 1663 1812 uirtutum,
1678 1761 1764 1816 super
1778 1748 1815 1801 ti·

182 1830 250 1887 titiae
271 1831 478 1901 plenitudinem,
501 1845 584 1903 quam
607 1840 748 1901 exspectat
767 1840 829 1901 post
848 1831 972 1901 corporis
1022 1830 1107 1885 muris
1122 1828 1230 1885 Domini
1254 1830 1457 1889 firmamentum
1479 1845 1507 1891 et
1520 1835 1727 1893 fundamentum
1741 1839 1814 1894 soli·

182 1925 422 1990 resurrectionem,
438 1934 529 1980 tamen
541 1925 650 1980 interim
662 1927 688 1979 in
703 1924 777 1978 bunis
789 1925 972 1979 demorabitur
1021 1921 1206 1993 detur,⁰ntque
1219 1924 1257 1978 ita
1271 1924 1306 1980 sit
1319 1924 1520 1983 firmamentum
1533 1929 1561 1983 in
1573 1930 1664 1986 medio
1672 1946 1813 2002 aquarum

182 2016 328 2087 conjuncto
340 2018 482 2088 spiritibus
495 2018 636 2087 angelicis,
649 2027 674 2071 οι
689 2017 797 2073 tandem
808 2017 835 2072 in
848 2032 972 2073 resurre·
1021 2014 1146 2071 dividens
1169 2031 1255 2087 aquas
1276 2017 1312 2072 ab
1334 2018 1414 2089 aquis
1438 2019 1589 2090 ipsetiruor
1610 2020 1731 2091 Domini,
1753 2038 1815 2095 quo

182 2109 273 2166 oticne
289 2125 375 2164 semen
388 2109 455 2180 ejas,
475 2110 502 2165 id
513 2118 555 2165 est
568 2124 638 2181 opus
649 2110 720 2182 ejus,
736 2109 903 2167 hereditabit
915 2120 971 2165 ter·
1021 2118 1116 2166 sancto
1131 2108 1265 2165 desideria
1278 2109 1438 2180 fulciuntur,
1451 2121 1479 2167 et
1490 2114 1609 2170 carnalia
1622 2115 1814 2186 comprimun-

183 2215 253 2267 rarn,
274 2199 301 2255 iil
324 2207 377 2264 est,
401 2201 454 2256 erit
478 2215 574 2268 causa,
589 2215 675 2272 quare
698 2217 797 2272 eorpus
812 2201 883 2272 eius,
897 2202 971 2273 quod
1021 2209 1077 2269 tur,
1090 2209 1172 2273 atquc
1186 2202 1213 2258 in
1234 2218 1319 2258 uuum
1335 2204 1425 2260 locum
1439 2217 1647 2279 congregantur,
1663 2208 1741 2265 itaut
1759 2224 1813 2281 ap-

181 2300 227 2348 est
244 2301 326 2358 terra,
342 2301 513 2350 restauretur
530 2294 565 2349 ad
577 2294 694 2349 solidam
710 2295 896 2351 hereditatem
907 2311 972 2366 pos-
1020 2303 1114 2365 pareat
1126 2294 1204 2350 arida
1216 2310 1281 2351 caro
1294 2295 1425 2361 humana,
1438 2312 1526 2369 neque
1543 2300 1579 2355 sit
1592 2300 1706 2356 nimium
1720 2316 1811 2373 aquo·

184 2384 336 2441 ridendam.
351 2383 421 2452 Quia
434 2385 612 2443 enimsaneti
634 2406 643 2439 ι
658 2396 756 2444 euntes
778 2386 865 2456 ibant,
881 2400 909 2444 et
921 2387 971 2443 lle-
1021 2396 1063 2448 sn,
1078 2381 1125 2437 ⁸⁴²¹
1148 2382 1185 2438 lii
1206 2383 1364 2454 demittitis
1378 2385 1491 2441 herbam
1505 2386 1636 2444 tiresiam
1651 2399 1678 2445 el
1691 2390 1815 2446 afferro·

182 2475 251 2532 baut
263 2477 401 2533 mittentes
412 2478 516 2533 semina
531 2493 582 2534 sua
597 2498 607 2529 ι
625 2493 687 2534 cum
708 2480 841 2535 nonnulla
855 2479 971 2536 dillicul·
1022 2483 1076 2531 tcru
1089 2490 1193 2542 semen,
1214 2471 1373 2548 lignumque
1395 2477 1571 2549 pomiferum,
1594 2481 1622 2536 id
1642 2490 1695 2547 est,
1716 2483 1813 2537 mania

184 2576 240 2624 tate
254 2567 387 2639 eorporis.
400 2569 507 2641 justum
519 2567 642 2641 prolecto
657 2579 709 2636 est,
726 2581 757 2626 ut
766 2571 877 2642 quando
888 2587 971 2628 vene-
1021 2581 1120 2637 genera
1145 2576 1174 2623 et
1188 2568 1294 2639 species
1305 2567 1508 2627 lructunsarum
1521 2572 1664 2629 uirtutum.
1675 2573 1754 2641 Quod
1772 2584 1814 2629 to

183 2656 240 2713 rint
261 2676 271 2712 ι
288 2672 350 2714 cum
365 2659 548 2716 exsultatione
563 2669 703 2731 portantes
727 2661 883 2732 manipulos
905 2678 972 2719 suos
1022 2658 1812 2731 tunr,utliat,firnromenturnestllantiusrtimentibsseunr.

184 2750 273 2824 (Psoi.
286 2768 367 2822 cxxv,
377 2752 417 2825 b),
432 2771 442 2807 s
458 2753 548 2825 ipsum
559 2769 670 2825 quoque
679 2769 791 2826 corpus,
802 2756 876 2827 quod
888 2756 972 2812 serni-
1058 2750 1091 2806 Et
1103 2753 1167 2824 quia
1178 2754 1237 2825 ipse
1249 2752 1381 2811 mminus
1390 2764 1418 2811 et
1428 2755 1510 2812 timor
1519 2756 1606 2828 ipsius
1616 2758 1730 2814 omnino
1743 2769 1815 2815 sunt

184 2859 279 2914 natum
293 2855 336 2903 est
346 2846 474 2913 animale,
486 2856 584 2920 surgat
594 2846 752 2918 spirituale;
765 2851 837 2918 quod
852 2848 972 2903 semina·
1023 2843 1051 2898 iu
1064 2853 1168 2900 secretu
1182 2846 1376 2917 propterquod
1389 2846 1429 2903 sic
1443 2847 1525 2905 lrebeb
1537 2848 1669 2906 llebrnica
1683 2851 1787 2907 venus
1801 2871 1810 2906 :

185 2949 244 2995 tum
256 2948 298 2995 est
308 2940 335 2996 in
351 2940 519 3008 infirmitate,
531 2950 626 3012 surqat
636 2940 665 2995 in
675 2941 791 3010 r·irtute;
803 2941 877 3012 quod
889 2939 972 2996 semi-
1022 2931 1155 2989 decretam
1168 2933 1274 2991 Domini
1286 2937 1438 2993 timentibus
1454 2956 1525 3009 eam,
1551 2957 1600 3013 pro
1616 2957 1650 3000 eo
1672 2945 1745 3016 quod
1759 2961 1814 3002 uos

184 3041 279 3090 natum
291 3042 334 3091 est
351 3034 379 3090 in
391 3035 567 3102 contumelia,
581 3046 674 3107 surgat
683 3035 711 3091 in
727 3035 827 3106 glot-iffi
842 3035 915 3106 quod
928 3050 972 3090 se-
1023 3027 1180 3085 habentus:
1202 3026 1415 3087 Firmsmsrtlttnt
1440 3041 1479 3087 est
1502 3033 1632 3091 Dominus
1656 3037 1812 3093 timentibus

185 3125 320 3181 minatum
330 3126 408 3182 estin
418 3126 740 3199 curruptione,surgatin
755 3126 972 3198 incorruptione.
986 3102 1008 3161 C
1022 3133 1093 3186 ivm,
1106 3126 1180 3175 “0¹⁸
1193 3119 1318 3190 belluim
1333 3138 1340 3177 τ
1354 3120 1389 3177 El
1404 3130 1590 3179 immitium
1603 3126 1696 3196 intitul,
1708 3135 1738 3179 τι
1751 3142 1813 3181 ¹¹2⁸·

185 3217 371 3275 inperium
1024 3209 1162 3280 siscitatur
1175 3210 1241 3266 iliis.
1258 3210 1452 3268 Testamentum
1470 3230 1589 3287 namque
1604 3214 1689 3273 Vetus
1705 3223 1734 3272 et
1751 3213 1812 3272 llo·

222 3307 307 3367 Vsus.
321 3311 366 3366 ll.
384 3309 595 3367 Firmamentum
610 3320 649 3368 est
670 3310 799 3369 Dominus
820 3310 973 3369 sinentibus
1022 3317 1088 3358 uum
1103 3303 1262 3360 iimfflfibffi
1275 3302 1421 3362 ”liminum
1433 3315 1476 3361 ⁰⁸i
1492 3307 1692 3377 mmmm
1706 3308 1812 3364 fimi&

184 3415 255 3457 esrn.
284 3400 417 3458 llominus
435 3401 623 3470 immutabilis,
647 3418 702 3460 uon
726 3402 810 3458 bomo
832 3402 974 3459 mutabilis
1024 3398 1093 3456 sitne
1106 3398 1160 3455 illis
1171 3398 1333 3470 promittens
1343 3414 1406 3457 csse
1417 3400 1553 3468 laturum,
1567 3409 1600 3457 nt
1618 3400 1812 3458 manilestetnr

186 3500 230 3567 ast
241 3491 438 3561 firmamentum
450 3493 603 3548 timentibus
612 3510 684 3562 eam,
695 3493 831 3551 timoratis
844 3494 974 3550 videlicet
1024 3490 1078 3548 illis
1090 3491 1149 3562 ipse
1160 3489 1301 3559 llomiuus,
1315 3493 1363 3564 qui
1381 3508 1455 3549 nunc
1465 3501 1507 3549 est
1519 3494 1548 3549 iu
1564 3502 1671 3550 sectum
1683 3508 1736 3549 suo
1747 3495 1813 3553 abs-

187 3580 488 3654 luqientibusadeuru,
503 3600 560 3640 son
574 3583 679 3642 timidis
697 3583 865 3656 fugientibus
878 3586 914 3641 ab
926 3600 972 3641 eo.
1024 3583 1161 3641 conditus.
1190 3580 1266 3640 Unde
1286 3584 1344 3655 ipse
1365 3585 1517 3641 testatorin
1534 3583 1623 3640 Veteri
1636 3585 1813 3642 Testamenta

188 3670 352 3730 Timentibus
361 3689 420 3728 earn
430 3674 529 3731 timore
541 3675 633 3731 divino
646 3676 778 3733 divinitus
788 3677 922 3747 inspirato
932 3685 976 3732 est
1025 3674 1175 3746 posteriora
1189 3688 1239 3729 soa
1253 3671 1339 3746 lloysi
1350 3673 1466 3730 videnda
1475 3673 1608 3730 exbibens
1623 3692 1631 3730 t
1649 3693 1660 3727 r
1676 3673 1783 3744 iscla,
1797 3695 1809 3730 s

188 3764 247 3836 lpse
262 3764 389 3820 dominns
402 3764 599 3836 insumentum
614 3782 624 3822 .·
640 3767 744 3825 timidis
770 3778 861 3825 autem
877 3778 905 3824 et
933 3769 975 3824 in·
1025 3768 1124 3838 iuquit,
1137 3784 1147 3819 ι
1162 3783 1222 3824 mea
1235 3767 1435 3824 nonvidebitur
1446 3767 1495 3822 tibi
1510 3766 1609 3838 (baad.
1624 3784 1722 3836 rrxrrr,
1733 3769 1809 3840 dil.»

188 3854 307 3911 credulis
331 3855 427 3912 timore
444 3858 566 3913 humano
589 3858 694 3914 nullum
709 3869 752 3916 est
766 3861 973 3931 firmamentum.
1026 3857 1207 3916 Scrlinlloro
1221 3857 1395 3914 Testamenta
1412 3858 1499 3914 eidem
1523 3856 1609 3930 lloysi
1635 3869 1663 3915 et
1684 3859 1750 3917 Elin
1771 3860 1813 3916 lo-

188 3944 283 4004 ‘limor
296 3948 369 4004 enim
382 3947 490 4005 bomini
510 3950 556 4006 dat
570 3950 738 4020 firmitatem,
749 3954 887 4010 humanus
905 3952 975 4009 dilli-
1025 3961 1112 4016 quens
1126 3947 1153 4001 in
1167 3955 1258 4002 munte
1281 3947 1490 4019 transfiguratus
1510 3947 1593 4004 etiam
1616 3946 1712 4005 laniem
1731 3965 1811 4006 suam

187 4037 318 4095 ilentiarn.
333 4038 367 4095 Et
387 4040 468 4109 sicut,
482 4050 629 4114 antequam
649 4045 769 4116 positurn
791 4056 864 4101 esset
879 4048 976 4099 lirmn-
1026 4041 1078 4096 illis
1092 4040 1225 4108 exhibuit,
1239 4050 1322 4112 atque
1339 4042 1413 4096 omui
1428 4041 1551 4099 dilectori
1566 4057 1618 4098 suo
1637 4045 1764 4113 promisit
1783 4046 1812 4100 id

188 4140 311 4187 mentum
324 4132 352 4188 in
366 4133 455 4188 medio
467 4149 611 4205 aquarum,
626 4136 699 4191 nulla
716 4136 767 4192 luit
776 4152 908 4208 aquarum
919 4137 976 4193 dis·
1027 4135 1114 4205 ipsum
1129 4135 1244 4190 dicens:
1268 4154 1277 4185 ι
1296 4132 1329 4189 Et
1345 4150 1396 4206 ego
1413 4135 1524 4207 diligam
1548 4151 1624 4203 euru,
1645 4145 1673 4192 et
1695 4137 1814 4193 manile-

187 4222 275 4279 eretio
286 4223 329 4279 uel
356 4222 506 4292 distinctio,
521 4226 568 4280 sed
586 4225 677 4296 posito
691 4226 863 4284 lirmatnerrto
880 4228 976 4283 dirisae
1025 4227 1105 4284 stabo
1119 4225 1143 4280 ei
1156 4225 1301 4296 meipsum
1316 4224 1407 4297 (loon.
1424 4241 1480 4292 ιιι,
1493 4226 1549 4296 st).
1565 4246 1575 4278 ι

189 4322 255 4369 suut
267 4330 345 4384 aque
359 4316 513 4385 superiores
533 4319 568 4370 ab
580 4318 660 4387 aquis
671 4318 846 4376 inferioribus
859 4320 935 4390 (Gen.
954 4336 974 4387 t,
1062 4317 1149 4374 Etiam
1167 4330 1215 4389 per
1233 4315 1285 4372 lroc
1303 4315 1500 4385 firmamentum
1512 4326 1551 4371 est
1567 4316 1696 4373 Dratinus
1717 4318 1814 4373 tiasen-

189 4407 219 4479 o)
233 4426 241 4463 :
257 4408 295 4462 ita
308 4406 466 4477 priusquam
482 4408 565 4463 timor
579 4408 688 4465 llomiui
705 4411 740 4468 sit
764 4412 791 4466 in
806 4411 974 4478 bominibus,
991 4409 1098 4505 „tibus
1111 4425 1181 4473 eum,
1196 4408 1269 4480 quod
1287 4423 1335 4464 eos
1350 4408 1386 4462 ita
1402 4408 1536 4464 illuminat
1559 4409 1587 4465 iu
1608 4410 1767 4482 Scripturis,
1783 4424 1815 4467 ut

188 4510 233 4557 est
245 4499 272 4554 in
285 4498 326 4554 eis
338 4513 435 4570 inagna
448 4499 585 4567 conlusio,
596 4501 644 4557 scd
655 4502 851 4572 firmassentans
865 4513 903 4558 est
917 4503 975 4558 llo-
1028 4510 1210 4557 testamentum
1225 4500 1307 4569 ipsias
1325 4500 1510 4570 omnifestetar
1524 4500 1590 4556 illis.
1606 4500 1685 4558 liuns
1699 4517 1814 4558 sertsunr

191 4592 278 4647 asinus
289 4591 439 4649 timentibus
448 4609 520 4660 eant,
531 4594 567 4648 ita
581 4603 610 4651 ut
623 4594 649 4648 in
662 4596 703 4651 eis
714 4595 760 4650 irat
770 4610 868 4667 magna
878 4595 977 4652 distin·
1026 4591 1126 4662 probat
1145 4589 1275 4645 liebrnicu
1293 4591 1404 4656 veritas,
1420 4590 1448 4645 iu
1461 4606 1515 4661 qua
1532 4593 1572 4648 sic
1585 4592 1683 4663 legitur
1698 4611 1705 4646 ι
1721 4591 1815 4649 Secre-

195 4683 475 4751 donatianorum,
502 4686 576 4745 reiut
597 4701 729 4758 aquarum
757 4686 928 4757 superiorum
950 4696 979 4742 et
1028 4691 1084 4736 tam
1096 4680 1203 4736 Domini
1217 4681 1367 4737 timentibus
1377 4699 1448 4749 eum,
1460 4694 1484 4738 et
1492 4695 1599 4754 poetam
1613 4699 1689 4738 sacru
1698 4688 1815 4740 ostendis

193 4773 361 4831 inferiorum.
385 4774 454 4833 Nam
474 4777 618 4845 desideria,
643 4793 704 4849 quar
719 4777 871 4834 secuudum
891 4776 977 4834 ileum
1028 4770 1138 4840 ei.an
1160 4781 1250 4843 paeto,
1265 4758 1306 4828 rel
1329 4780 1489 4830 testamento
1508 4775 1563 4832 illis
1576 4786 1688 4835 oswnso
1702 4778 1815 4835 llrman·

192 4876 267 4933 suut,
281 4876 320 4934 ut,
338 4869 412 4925 verbi
436 4870 533 4942 gratia,
548 4869 712 4929 desiderium
727 4869 877 4941 sapientia,
892 4870 978 4925 bnne·
1029 4880 1074 4925 tur
1095 4869 1222 4925 timentes
1244 4867 1402 4939 Dominum,
1425 4871 1556 4959 quoniaqr
1580 4873 1608 4928 in
1634 4888 1668 4930 eo
1689 4873 1814 4939 ᾱὶιοιιιιι,

192 4960 282 5025 statis,
297 4960 468 5032 aliarumque
482 4962 625 5026 uirtutum,
638 4962 787 5019 suntuelut
804 4977 882 5034 oquae
896 4977 979 5033 supe-
1028 4961 1101 5030 quod
1123 4976 1178 5017 non
1199 4971 1243 5018 est
1266 4977 1445 5033 personarum
1461 4972 1589 5034 acceptor
1612 4963 1695 5032 Deus,
1711 4965 1759 5021 sed
1785 4967 1813 5021 iu
1865 4971 1870 4981 ·

192 5053 280 5110 riores
291 5052 319 5107 in
330 5053 466 5124 supremis
479 5053 583 5124 angelis
597 5052 655 5125 jam
666 5068 750 5110 rersae
762 5054 789 5110 in
805 5053 977 5122 crystallum,
1028 5054 1103 5109 omni
1116 5062 1205 5125 gente,
1219 5054 1266 5126 qui
1279 5054 1357 5110 timet
1370 5053 1466 5121 ileum,
1477 5063 1505 5111 et
1526 5064 1655 5126 operatur
1665 5056 1813 5128 justitiam,

193 5145 266 5216 quod
274 5142 399 5201 Ezechiel
409 5143 476 5200 uidit
484 5159 567 5215 supra
575 5145 787 5212 firmamentum,
798 5144 862 5216 quia
871 5159 926 5201 uon
935 5154 979 5201 est
1028 5156 1156 5218 aceeptus
1168 5156 1212 5203 est
1230 5145 1280 5201 illi.
1295 5145 1409 5218 Propter
1423 5146 1475 5202 boe
1498 5162 1550 5219 eqo
1570 5146 1705 5218 penitens
1727 5147 1813 5205 Dauid

194 5235 314 5308 illisjam
329 5235 490 5304 timendum,
504 5244 599 5308 utpote
610 5235 788 5304 confirmatis,
801 5245 828 5292 et
837 5252 920 5307 supra
931 5237 979 5292 lir-
1029 5238 1142 5309 laqueos
1153 5238 1254 5295 diaboli
1276 5253 1330 5293 uon
1354 5238 1516 5306 timeo,.uec
1527 5254 1579 5310 pro
1588 5239 1691 5296 eisdem
1708 5238 1816 5312 laqueis

194 5326 979 5391 marrroutunrtimorisllomiaiconsolidatisflomonutem
1029 5328 1215 5403 praemunis
1228 5336 1330 5384 terram
1349 5327 1484 5399 inspicere
1494 5330 1566 5399 uolo,
1577 5329 1626 5386 sed

194 5417 285 5474 adbuc
299 5420 326 5474 in
349 5435 432 5476 earne
448 5418 644 5492 positusquasi
663 5434 726 5478 eum
742 5435 827 5477 uxore
847 5429 901 5488 est,
918 5437 980 5492 quar
1065 5420 1206 5477 lensii.
1232 5420 1375 5478 destinari
1394 5437 1496 5492 seraper
1514 5422 1549 5478 ad
1570 5421 1815 5497 Dominamque·

195 5509 327 5567 nimirum
343 5526 412 5569 uxor
433 5525 499 5568 caro
519 5520 572 5578 est,
593 5513 627 5567 ad
651 5511 704 5568 boe
718 5512 826 5584 spiritui
850 5514 980 5577 rationali
1030 5515 1102 5568 uiam
1117 5514 1170 5584 ipse
1182 5512 1271 5569 evellet
1285 5513 1317 5568 de
1331 5514 1425 5584 laqueo
1438 5513 1515 5584 pedes
1536 5529 1616 5570 meos.
1637 5514 1672 5571 lit
1686 5530 1750 5572 cunr
1765 5531 1814 5573 so·

196 5598 381 5666 coniunctast
401 5602 548 5674 subjuncta
566 5604 609 5660 uel
628 5603 759 5674 subiecto,
771 5612 801 5661 ut
820 5605 981 5667 rationabile
1030 5607 1103 5662 leant
1115 5605 1143 5661 in
1164 5605 1276 5677 laqueos
1287 5614 1315 5661 et
1325 5606 1418 5664 loreas
1427 5608 1536 5677 cadero,
1546 5608 1594 5678 qui
1606 5623 1662 5665 non
1672 5607 1814 5665 intuentur

196 5686 358 5757 obsequium
379 5694 477 5764 pariat.
501 5694 591 5769 atque
605 5695 667 5754 ideo
681 5697 739 5768 ipse
759 5696 872 5755 interior
885 5698 979 5771 bomo,
1031 5700 1189 5772 antepedes
1212 5717 1288 5767 suos,
1310 5718 1361 5776 eqo
1380 5709 1468 5761 tanrcn
1488 5718 1596 5760 sursum
1611 5692 1647 5757 ad
1668 5701 1813 5759 dominura
