3817 6000
132 265 269 326 lost

748 251 1306 324 communiamur!
1344 263 1411 321 m
1446 262 1788 322 PSALROS.
1827 295 1898 307 -
1930 263 2112 322 PARS
2150 264 2242 324 Vl.
2281 295 2353 308 ——
2385 265 2583 323 PSAL.
2625 267 2761 325 LIV.

3233 271 3370 330 1658

127 384 441 443 intermissa
497 383 700 442 mentis
743 384 1131 441 exercitatione
1159 399 1527 456 nequaquam,
1560 383 1703 440 sicut
1732 384 1778 442 A
1804 397 1977 451 meos,
1997 384 2247 455 quoniam
2271 384 2373 455 ipsi
2413 385 2807 441 declinaverunt
2838 387 2894 443 in
2940 405 3021 445 me
3043 389 3367 460 antiquitates,

125 475 419 547 Apostolus
445 483 648 542 monet,
671 474 888 546 vigilem
910 475 966 529 in
992 474 1241 531 oratione
1271 495 1284 529 z
1320 494 1339 526 ι
1358 473 1593 541 Estote,»
1615 473 1702 528 in-

126 567 266 638 quit,
300 585 320 619 ι
356 567 671 638 prudentes,
698 573 754 621 et
786 565 1002 637 vigilate
1021 567 1076 622 in
1100 566 1443 622 orationihus
1466 564 1522 634 (1
1547 563 1696 620 Petr.

130 673 207 724 tv,
236 657 314 729 7).
345 676 365 710 ι
392 655 506 727 Ego
533 663 716 712 autem
746 657 834 712 vel
879 666 1062 712 mente
1103 658 1189 712 vel
1222 671 1390 712 carne
1427 656 1701 712 interdum

128 751 210 808 sic
238 749 471 816 dormio,
503 756 564 804 ut
595 764 706 805 non
730 749 958 820 psallam
992 749 1286 820 sapienter,
1313 748 1531 805 etiamsi
1550 749 1699 819 psal-

129 841 237 897 lam
266 840 544 897 vocaliter.
595 839 726 897 lnde
773 840 1054 897 multoties
1098 841 1444 897 contristatus
1484 857 1603 897 sum
1646 843 1702 896 in

127 934 499 989 exercitatione
530 949 646 987 mea
666 932 855 989 dicens
884 951 899 989 ε
935 952 955 987 r
987 933 1311 990 Dormitavit
1357 935 1539 991 anima
1579 951 1702 992 mea

129 1041 241 1096 prae
266 1025 425 1082 taedio
463 1024 635 1096 (Psat.
663 1041 850 1090 cxvm,
898 1025 1012 1097 28).
1054 1046 1077 1080 ι
1102 1026 1235 1083 ltem
1267 1045 1285 1085 t
1322 1047 1342 1081 ι
1393 1027 1510 1083 Heu
1542 1028 1699 1097 mihi,

129 1117 258 1186 quia
286 1117 553 1175 incolatus
583 1133 738 1174 meus
765 1117 1120 1190 prolongatus
1142 1120 1258 1176 esti
1301 1138 1322 1174 ι
1360 1120 1699 1192 (Psal.cx1x,

129 1208 211 1277 5.)
260 1207 492 1275 lterum,
546 1209 766 1280 quando
814 1218 1095 1282 utcunque
1119 1210 1286 1282 vigilo
1328 1222 1410 1282 et,
1432 1212 1703 1283 sapienter

129 1302 326 1372 psallo,
358 1311 514 1373 prout
554 1301 688 1357 mihi
712 1302 921 1372 aspirat
940 1303 1114 1374 gratia
1146 1303 1354 1370 divina,
1381 1306 1511 1376 quia
1537 1306 1701 1362 etiam

126 1399 263 1445 tunc
285 1390 577 1460 aliquando
600 1405 707 1447 non
736 1391 912 1448 sentio
932 1391 1359 1459 exauditionem,
1384 1394 1513 1451 dum
1538 1395 1703 1451 timeo

127 1480 402 1551 repulsam
430 1495 554 1538 esse
598 1497 632 1537 a
679 1481 879 1539 divinae
909 1483 1209 1540 clementiae
1246 1485 1472 1542 auribus
1498 1487 1701 1543 oratio-

131 1588 258 1628 nem
287 1587 488 1641 meam,
517 1588 682 1644 quam
708 1589 817 1630 non
854 1584 1000 1646 patet
1020 1589 1142 1630 esse
1155 1575 1396 1631 auditam
1422 1576 1507 1632 vel
1536 1592 1704 1632 exau-

128 1666 321 1733 ditam,
349 1668 694 1723 contristatus
743 1684 859 1722 sum
905 1669 964 1722 in
1006 1669 1379 1725 exercitatione
1406 1685 1541 1725 mea.
1578 1669 1705 1726 lnde

130 1768 217 1815 est
252 1759 343 1814 illa
374 1775 480 1816 vox
508 1759 903 1831 plangentium,
952 1769 1007 1816 et
1054 1761 1109 1816 in
1142 1777 1240 1818 sua
1292 1762 1706 1818 contristatione

131 1850 432 1907 dicentium
458 1869 471 1906 :
496 1870 515 1902 ι
562 1848 936 1908 Sustinuimus
964 1867 1174 1922 pacem,
1190 1861 1245 1908 et
1265 1868 1373 1908 non
1403 1854 1577 1921 venis,
1602 1852 1706 1908 Do-

130 1942 315 2011 mine3
347 1934 702 2014 quaesivimus
729 1943 891 2011 bona,
918 1954 973 2000 et
995 1959 1122 2000 ecce
1147 1944 1380 2001 turbatio
1402 1943 1540 2016 (lea.
1570 1961 1704 2013 xvii,

130 2035 243 2102 ss).
291 2053 312 2089 t

201 2125 471 2182 Nimirum
498 2125 577 2182 sic
601 2141 701 2197 ego
743 2125 912 2182 David
961 2126 1254 2196 poenitens,
1306 2126 1458 2183 verbi
1510 2127 1703 2199 gratia,

130 2233 235 2290 ego
263 2218 456 2274 Petrus
481 2219 762 2289 apostolus
790 2219 1137 2274 contristatus
1182 2233 1302 2272 sum
1345 2218 1399 2273 in
1447 2219 1707 2274 exercita-

143 2312 282 2365 tione
319 2328 456 2378 mea,
486 2312 602 2381 qui,
634 2319 920 2382 postquam
958 2312 1081 2368 flevi
1103 2327 1289 2369 amare
1343 2311 1399 2367 in
1448 2313 1709 2369 exercita-

134 2405 283 2460 tione
310 2419 454 2470 mea,
488 2404 718 2459 necdum
774 2403 978 2459 sentire
1027 2404 1181 2475 potui
1231 2402 1543 2460 exauditam
1586 2418 1707 2459 esse

131 2514 321 2554 vocem
353 2496 511 2553 fletus
533 2496 660 2551 mei.
701 2494 830 2553 ldeo
859 2499 1198 2551 conturbatus
1220 2512 1339 2550 sum
1384 2512 1418 2550 a
1456 2511 1576 2551 voce
1604 2495 1707 2548 ini-

131 2595 279 2661 mici,
304 2592 527 2660 diaboli,
559 2607 665 2663 qua
703 2607 799 2662 per
840 2605 903 2647 os
946 2590 1156 2645 ancillae
1204 2597 1445 2645 tentatus
1492 2586 1707 2643 cecide·

130 2702 274 2754 ram,
302 2695 408 2741 eta
432 2683 773 2739 tribulatione
794 2681 1109 2754 peccatoris,
1137 2681 1327 2736 videns
1356 2687 1579 2736 ventum
1604 2694 1704 2734 va-

131 2780 303 2835 lidum
344 2776 584 2833 Judaicae
614 2774 969 2847 tempestatis,
1001 2789 1111 2840 qua
1152 2788 1241 2829 me
1266 2780 1521 2844 peccator
1549 2770 1706 2827 Sata-

141 2888 245 2928 nas
280 2870 579 2935 tribulavit,
610 2868 704 2940 qui
729 2883 833 2924 nos
872 2865 1150 2938 expetivit,
1181 2873 1244 2920 ut
1265 2863 1527 2920 cribraret
1564 2863 1707 2920 sicut

133 2962 396 3021 triticum.
430 2961 581 3018 Talis
613 2961 800 3032 utique
829 2958 1108 3016 tribulatio
1137 2973 1332 3030 magna
1379 2966 1463 3014 est
1516 2956 1704 3014 electis

1799 484 1850 531 et
1880 477 1937 530 in
1967 476 2052 530 ira
2074 476 2280 532 molesti
2315 488 2468 533 erant
2498 479 2648 546 milti,
2668 487 2728 535 ut
2749 495 2913 551 supra
2927 482 3232 553 expositum
3266 492 3368 550 est,

1801 567 2062 638 quoniam
2090 567 2233 625 sicut
2252 578 2443 626 contra
2465 570 2766 639 Christum,
2809 573 2884 628 ita
2938 583 3130 629 contra
3195 575 3369 645 meip-

1803 661 1924 718 sius
1954 661 2332 733 qualecunque
2374 662 2683 720 membrum
2728 665 2964 721 scienter
3006 667 3235 722 mentita
3287 676 3373 724 est

1803 753 2063 824 iniquitas
2089 753 2195 812 sibi
2226 763 2446 811 struens
2474 754 2607 811 mihi
2634 755 2803 813 falsas
2821 757 3146 824 calumnias,
3169 768 3223 813 et
3263 774 3372 813 non

1801 845 2067 903 habentes
2087 846 2251 902 aliam
2275 862 2498 904 causam
2525 857 2721 919 praeter
2742 849 2879 904 iram
2929 865 3108 916 suam,
3158 852 3214 906 in
3271 851 3376 908 hac

1801 936 1886 990 ira
1914 936 2121 992 molesti
2148 945 2301 992 eraut
2338 938 2490 1005 mihi,
2524 953 2634 1001 non
2662 938 3002 995 intendentes
3053 955 3140 995 me
3169 939 3226 995 in
3268 937 3371 994 ali-

1802 1042 1911 1098 quo
1933 1027 2243 1096 emendare,
2271 1027 2366 1084 sed
2388 1027 2732 1084 solummodo
2762 1030 3073 1085 molestare.

1872 1118 2019 1188 ideo,
2040 1120 2170 1177 dum
2194 1121 2373 1176 luctor
2386 1135 2598 1176 mecum
2623 1120 2850 1177 studens
2868 1121 2973 1177 illis
2993 1121 3218 1176 reddere
3230 1121 3373 1176 bona

1801 1228 1902 1285 pro
1930 1213 2111 1281 malis,
2133 1221 2189 1268 et
2209 1212 2288 1268 illi
2327 1220 2553 1269 econtra
2599 1212 2733 1267 mihi
2785 1212 3017 1267 reddunt
3049 1211 3234 1266 odium
3276 1226 3374 1282 pro

1802 1306 2113 1372 dilectione,
2146 1321 2236 1361 cor
2258 1321 2427 1360 meum
2472 1305 2839 1359 conturbatum
2860 1314 2936 1359 est
2967 1305 3020 1358 in
3052 1321 3152 1370 me,
3175 1313 3222 1358 et
3259 1303 3375 1373 sor·

1802 1397 1946 1453 mido
1966 1397 2151 1452 mortis
2179 1397 2364 1453 cecidit
2387 1413 2544 1467 super
2559 1413 2658 1451 me.
2676 1395 2835 1462 Nam,
2858 1397 2988 1468 quia
3014 1397 3254 1452 turbatur
3292 1396 3376 1449 in·

1803 1490 2018 1547 terdum
2047 1505 2158 1560 prae
2182 1488 2262 1544 ira
2289 1489 2482 1545 oculus
2512 1505 2688 1555 meuS,
2721 1488 2951 1558 formido
2975 1488 3184 1554 mortis,
3214 1486 3267 1542 id
3292 1495 3378 1542 est

1805 1583 1938 1650 odii,
1965 1583 2111 1654 quod
2134 1592 2218 1639 est
2240 1597 2391 1638 mors
2429 1581 2648 1646 animae,
2674 1580 2832 1652 cujus
2865 1580 2972 1635 vita
3025 1579 3263 1645 dilectio,
3293 1596 3379 1634 ce-

1805 1672 1940 1727 cidit
1969 1689 2122 1744 super
2145 1689 2246 1740 me,
2276 1671 2330 1726 id
2353 1680 2438 1728 est
2466 1670 2624 1726 valde
2651 1671 2832 1734 timui,
2864 1686 2934 1726 ne
2974 1671 3054 1725 ira
3079 1685 3198 1724 mea
3222 1669 3375 1725 inve-

1807 1774 1982 1822 terata
2011 1764 2164 1820 lieret
2194 1763 2404 1819 odium.
2438 1759 2505 1817 Et
2533 1762 2662 1832 quia
2707 1753 2944 1817 vici‘num
2988 1759 3136 1816 sensi
3162 1759 3378 1831 pericu·

1805 1858 1942 1925 lum,
1976 1858 2135 1911 timor
2166 1856 2384 1921 mentis,
2413 1865 2463 1910 et
2503 1863 2695 1908 tremor
2725 1852 2973 1922 corporis
3003 1859 3251 1907 venerunt
3283 1867 3377 1905 su-

1804 1965 1895 2019 per
1917 1964 2019 2013 me,
2042 1955 2092 2002 et
2117 1956 2453 2001 contexerunt
2478 1962 2559 2000 me
2580 1942 2823 2000 tenebrae.
2847 1940 3198 1998 Contexerunt
3218 1940 3380 2012 quasi

1806 2038 2134 2103 forinsecus,
2167 2038 2296 2108 quia
2323 2036 2560 2094 scintilla
2589 2033 2901 2091 dilectionis
2948 2033 3180 2089 ardebat
3204 2040 3258 2088 et
3290 2032 3379 2086 lu·-

1805 2131 1963 2188 cebat
1990 2131 2240 2196 interiuS,
2267 2145 2377 2200 qua
2406 2128 2554 2185 oravi
2584 2144 2685 2201 pro
2713 2127 3167 2199 persequentibus
3195 2144 3207 2180 ε
3238 2134 3384 2180 atta-

1806 2240 1931 2281 men
1966 2224 2096 2295 ‹1uia
2126 2241 2146 2275 t
2181 2223 2275 2295 qui
2301 2222 2418 2277 odit
2443 2220 2670 2276 fratrem
2699 2236 2884 2286 suum,
2915 2220 2972 2275 in
3001 2219 3239 2275 tenebris
3274 2227 3379 2287 est,

1804 2326 1859 2374 et
1885 2317 2124 2372 tenebrae
2166 2315 2581 2370 obeoecaverunt
2626 2313 2817 2369 oculos
2866 2311 2986 2382 ejus
3031 2310 3085 2382 (1
3121 2309 3282 2366 loon.
3317 2326 3378 2377 n,

1806 2409 1921 2479 lt),
1958 2427 1977 2462 t
2004 2409 2135 2479 ipsae
2158 2406 2381 2463 tenebrat
2405 2415 2745 2461 contexerunt
2772 2421 2874 2469 me,
2914 2404 3043 2476 quia
3079 2401 3248 2459 nimia
3278 2404 3383 2459 ini-

1805 2502 2075 2558 micorum
2103 2500 2226 2557 odia
2259 2515 2398 2572 pene
2421 2514 2595 2570 usque
2625 2498 2694 2554 ad
2719 2496 3074 2552 reodiendum
3116 2509 3384 2568 provoca-

1804 2604 2002 2650 verunt
2022 2608 2130 2661 me,
2163 2602 2327 2663 atque
2353 2590 2637 2648 charitatis
2661 2589 2865 2662 ignem,
2897 2603 3060 2660 quem
3089 2604 3197 2644 non
3227 2594 3383 2659 pote-

1805 2692 1931 2740 rant
1952 2683 2178 2738 omnino
2208 2681 2579 2755 exstinguere,
2607 2680 2734 2751 quia
2764 2699 2784 2733 ι
2826 2678 3068 2736 charitas
3094 2692 3381 2749 nunquam

1805 2775 2012 2833 excidit
2037 2772 2092 2846 (1
2122 2773 2247 2829 Cor.
2288 2789 2414 2838 xm,
2452 2771 2534 2843 8),
2571 2791 2589 2825 ο
2623 2771 2815 2828 saltem
2873 2770 3034 2844 quasi
3085 2771 3269 2825 cinere
3314 2781 3382 2826 ac

1804 2868 2027 2938 pulvere
2052 2880 2168 2923 suae
2193 2864 2413 2919 malitiae
2436 2869 2798 2928 contexerunt,
2838 2875 2908 2916 ne
2954 2859 3162 2915 luceret
3192 2873 3379 2915 coram

1805 2956 2145 3025 bominibus,
2176 2955 2306 3011 dum
2333 2968 2441 3010 non
2466 2952 2684 3009 sinebat
2705 2951 2947 3023 aliquam
2988 2949 3380 3022 benignitatem

132 3058 473 3123 exercitatio,
499 3058 555 3112 in
581 3071 689 3128 qua
739 3054 1014 3127 perfectus
1069 3053 1291 3126 gaudet,
1344 3069 1508 3125 quem
1551 3053 1701 3108 nulla
1728 3064 1770 3123 c
1804 3049 2064 3105 exhibere
2087 3044 2541 3118 malignantibus,
2584 3052 2770 3114 utpote
2794 3042 3027 3099 nimium
3079 3041 3381 3112 dedignan-

134 3147 466 3205 conscientia
512 3146 668 3202 malae
695 3161 878 3202 causae
922 3145 1216 3210 remordet,
1246 3144 1373 3216 quia
1423 3146 1701 3201 sustinens

133 3238 314 3293 tristia
341 3244 564 3308 propter
594 3235 865 3306 justitiam
894 3234 961 3290 de
991 3234 1127 3305 ipsis
1155 3234 1404 3290 tristibus
1446 3249 1700 3305 magnam

134 3327 375 3400 concipit
395 3326 657 3388 laetitiam,
689 3334 743 3383 et
770 3325 915 3381 velut
960 3326 1097 3381 alter
1160 3324 1393 3381 Samson
1449 3324 1517 3381 de
1572 3323 1701 3381 forti

135 3418 392 3490 angustia
424 3417 581 3489 quasi
621 3417 689 3474 de
717 3433 811 3473 ore
838 3417 1015 3474 leonis
1046 3417 1149 3473 mel
1195 3416 1528 3473 dulcissimae
1567 3433 1699 3474 con-

134 3510 422 3574 solationis
478 3509 674 3581 accipit
733 3509 891 3580 juxta
953 3509 1083 3564 illud
1142 3506 1332 3564 iacobi
1403 3508 1633 3579 apostoli
1686 3526 1699 3562 :

139 3621 162 3658 ι
193 3601 367 3658 Omne
392 3601 649 3674 gaudium
679 3601 1007 3669 existimate,
1037 3600 1257 3668 fratres,
1285 3615 1407 3656 cum
1440 3599 1494 3655 in
1526 3608 1705 3655 tenta-

135 3698 314 3755 tiones
368 3695 548 3751 varias
599 3694 922 3761 incideritis,
970 3693 1204 3750 scientes
1249 3692 1378 3763 quia
1427 3691 1705 3747 tribulatio

133 3788 454 3860 patientiam
503 3794 762 3858 operatur
791 3784 932 3859 (Iac.
963 3801 1003 3853 1,
1024 3784 1080 3845 2,
1114 3785 1169 3853 5)
1202 3802 1219 3851 3
1260 3804 1279 3837 ι
1320 3784 1449 3839 item
1503 3781 1706 3839 Paulus

133 3881 216 3938 ait
248 3898 262 3935 :
306 3899 326 3933 ι
358 3877 463 3933 Sed
489 3885 543 3933 et
573 3876 873 3949 gloriamur
899 3876 955 3931 in
985 3874 1431 3930 tribulationibus
1450 3873 1703 3940 scienteS,

132 3969 284 4042 quod
316 3967 594 4023 tribulatio
618 3966 935 4038 patientiam
966 3975 1246 4037 operatur,
1279 3965 1554 4037 patientiae
1575 3979 1704 4036 pro-

130 4069 435 4135 bationem,
463 4066 712 4140 probatio
737 4081 866 4124 vero
888 4082 1062 4138 spem,
1088 4082 1213 4138 spes
1233 4074 1414 4122 autem
1441 4082 1549 4123 non
1572 4080 1707 4121 con-

133 4160 315 4215 fundit
353 4159 526 4232 (Rom.
567 4176 623 4227 v,
682 4159 738 4229 l,
798 4159 874 4229 5).
920 4176 939 4211 t
977 4157 1053 4214 lta
1109 4158 1371 4214 nimirum
1426 4172 1521 4227 spe
1574 4171 1709 4229 gau-

134 4253 327 4308 dentes
348 4252 773 4321 in,tribulatione
792 4250 1057 4322 patientes
1071 4250 1349 4307 exsultant
1364 4249 1498 4321 justi
1517 4257 1569 4304 et
1582 4264 1708 4319 per-

134 4343 287 4400 fecti.
340 4343 453 4416 Ego
500 4354 683 4400 autem
712 4359 840 4399 cum
872 4343 1041 4414 David
1086 4342 1379 4413 poenitente
1411 4340 1705 4413 poenitens,

136 4453 265 4495 cum
290 4438 449 4494 Petro
473 4438 652 4495 adhuc
683 4437 827 4494 tristi
858 4437 1033 4493 tristis
1076 4436 1335 4492 incedens
1360 4436 1703 4490 contristatus

137 4544 253 4582 sum
283 4529 338 4581 in
363 4528 737 4584 exercitatione
768 4544 883 4582 mea
912 4528 1055 4584 inter
1083 4525 1405 4583 tribulantes
1450 4532 1505 4582 et
1549 4538 1707 4580 exse-

137 4628 357 4675 crantes
386 4635 491 4686 me,
520 4620 605 4674 vel
632 4620 762 4691 quia
785 4619 961 4675 sentio
990 4633 1080 4674 me
1116 4634 1231 4672 non
1277 4617 1435 4688 plene
1484 4615 1709 4687 diligere

138 4714 289 4784 ipsos
315 4711 589 4779 inimicos),
618 4713 702 4768 vel
732 4713 861 4783 quia
880 4712 1045 4767 timeo
1080 4710 1262 4781 potius
1284 4708 1516 4765 deiicere
1542 4725 1708 4780 quam

138 4806 402 4878 prolicere
430 4821 516 4861 me
540 4805 682 4862 inter
732 4807 880 4877 ipsos
908 4804 1254 4869 tribulanteS,
1284 4802 1415 4858 dum
1444 4816 1564 4872 ego,
1613 4800 1710 4871 qui

140 4897 459 4955 conturbari
480 4912 581 4954 nec
610 4899 736 4954 volo
763 4913 865 4954 nec
894 4897 1085 4965 debeo,
1132 4904 1316 4951 tannen
1361 4904 1549 4950 contra
1577 4893 1710 4949 deli-

139 4990 476 5046 berationem
502 5005 679 5045 meam
709 4988 1054 5045 conturbatus
1090 5004 1206 5043 sum
1235 5005 1268 5043 a
1294 5004 1411 5042 voce
1434 4987 1638 5041 inimici
1659 4995 1711 5041 et

141 5100 173 5137 a
204 5081 542 5137 tribulatione
577 5083 887 5151 peccatoris.
944 5080 1069 5137 Haec
1121 5090 1204 5137 est
1259 5077 1592 5143 exercitatio,
1651 5079 1707 5133 in

140 5188 249 5243 qua
283 5172 465 5228 brevis
492 5179 547 5228 et
568 5172 703 5227 levis
732 5174 812 5228 ira
837 5182 1095 5245 tanquam
1121 5171 1330 5228 festuca
1357 5170 1573 5226 oculum
1600 5179 1709 5225 tur·

141 5263 254 5318 bat.
281 5261 385 5319 Sed
438 5278 559 5331 oro,
603 5279 673 5320 ne
710 5265 1090 5336 exstinguatur
1113 5264 1225 5321 odii
1260 5263 1433 5327 trahe,
1466 5277 1534 5317 ne
1562 5262 1711 5317 vide-

142 5354 267 5409 licet
304 5355 384 5409 ira
409 5354 463 5409 in
488 5354 679 5410 odium
713 5364 944 5422 crescat,
976 5364 1031 5411 et
1059 5356 1265 5412 trabem
1294 5353 1460 5410 saciat
1515 5353 1582 5409 de
1629 5351 1711 5408 ie-

142 5453 318 5513 stuca,
356 5444 593 5517 fiamque
618 5446 913 5514 homicida,
940 5449 1079 5504 sicut
1103 5447 1365 5517 scriptum
1393 5454 1479 5501 est
1509 5461 1523 5497 ε
1553 5464 1572 5496 ι
1606 5443 1709 5511 Qui

142 5537 259 5593 odit
321 5537 544 5595 fratrem
608 5555 793 5606 suum,
855 5540 1127 5597 homicida
1185 5548 1269 5596 est
1322 5537 1375 5613 (1
1421 5537 1582 5595 loon.
1626 5554 1707 5606 111,

146 5631 256 5701 15).
284 5649 303 5682 t

215 5722 326 5781 Nec
355 5726 578 5796 mirum,
625 5726 673 5783 si
723 5743 824 5800 ego
880 5733 1058 5783 tentor
1107 5724 1188 5782 ira
1239 5734 1427 5784 contra
1460 5725 1709 5784 inimicos

1807 3141 1951 3194 libus
1987 3140 2219 3210 recipitis„-
2251 3139 2456 3206 aliquot
2504 3135 2856 3190 inutilius-tum
2903 3134 3224 3190 beneficium
3249 3148 3382 3189 con·

1807 3242 1883 3286 tra
1919 3230 2239 3282 tttnlu.*lit:itttlt
2279 3246 2460 3282 Sillim.

1875 3322 2191 3390 [Tauleffffuia
2223 3338 2319 3374 net:
2344 3326 2548 3374 :nnis-:15
2568 3319 2856 3382 totlitur-,iria
2886 3332 2987 3373 nec
3009 3316 3261 3372 inimicos
3296 3315 3381 3370 lu-

1807 3418 1943 3470 crari
1983 3418 2151 3482 pituli,
2207 3424 2476 3470 spernunt
2520 3410 2832 3466 :tnljtntiinis
2883 3410 3065 3481 optavi
3113 3419 3168 3465 el
3214 3408 3377 3464 dixi:

1807 3510 1935 3575 [luia
1971 3510 2113 3559 detti:
2147 3510 2271 3559 mim
2299 3526 2492 3575 fictitias.
2524 3506 2652 3559 sicul
2688 3504 2961 3570 satnmboe,
2995 3512 3047 3559 el
3093 3501 3300 3570 volabo,
3329 3509 3380 3555 el

1807 3603 2160 3671 requiescenti?
2187 3599 2384 3651 'l'ulens
2432 3615 2664 3667 ttulit-itti:
2700 3599 2784 3667 ph.»
2820 3599 3003 3652 'vivere
3047 3596 3102 3650 in
3134 3593 3378 3662 Christo,

1807 3695 2235 3767 Juft'sflrutinnetn
2267 3711 2456 3759 passus
2488 3711 2608 3743 sum
2664 3689 2958 3759 aliquando
3007 3686 3378 3751 manifestam,

1807 3787 2099 3855 tilit,[ttttttt,ln
2123 3795 2408 3843 svtfrtflmn,
2440 3783 2504 3835 tlt:
2528 3799 2628 3851 qun
2664 3783 2796 3831 dieii
2824 3779 3118 3850 Apostolus
3147 3797 3160 3833 ε
3193 3795 3213 3830 t
3244 3776 3382 3844 Quis

1811 3883 2135 3939 ittlit·'t‘1t;tlttt·,
2167 3887 2215 3927 *fs-l
2255 3891 2352 3945 [⁴¹5ss
2400 3891 2500 3927 ιιυιι
2540 3871 2828 3923 inlinitur?
2871 3868 3007 3937 Quis
3043 3868 3381 3924 scandaliza-

1807 3979 1916 4037 tur,
1945 3978 2000 4025 et
2027 3982 2128 4039 ego
2151 3980 2259 4021 non
2286 3963 2451 4021 uror?
2482 3982 2501 4016 i
2538 3960 2626 4034 (11
2649 3961 2772 4017 Cor.
2816 3978 2893 4030 ιι,
2917 3961 3033 4032 29.)
3065 3960 3260 4016 Dolens
3281 3958 3382 4031 igi-

1808 4073 1918 4131 tur,
1956 4061 2100 4132 quod
2125 4074 2234 4114 non
2261 4055 2415 4128 potui
2439 4055 2617 4111 malos
2653 4055 2926 4125 corrigere
2961 4068 3027 4108 ac
3053 4052 3254 4109 timens
3292 4066 3383 4107 eo·

1810 4170 1930 4211 rum
1954 4150 2206 4208 convictu
2229 4146 2538 4220 perturbari
2561 4156 2614 4202 et
2638 4145 2897 4217 pejorari,
2921 4145 3045 4202 vitae
3069 4143 3380 4201 communis

1806 4244 2093 4319 praesentis
2119 4242 2289 4298 nimio
2318 4240 2479 4297 taedio
2505 4248 2561 4296 et
2593 4238 2909 4294 solitudinis
2946 4238 3030 4293 vel
3080 4236 3274 4292 mortis
3296 4235 3380 4290 al*-

1810 4338 1985 4394 tectus
2011 4334 2297 4402 desiderio,
2328 4342 2386 4388 ut
2403 4331 2694 4403 effugerem
2726 4329 3007 4397 scandala,
3028 4328 3214 4400 optavi
3242 4328 3377 4383 mihi

1809 4444 2018 4501 pennas
2045 4442 2152 4482 non
2179 4425 2356 4490 corvi,
2390 4424 2485 4495 qui
2511 4422 2680 4479 semel
2710 4422 2950 4477 emissus
3000 4421 3068 4477 de
3112 4436 3238 4477 arca
3267 4436 3378 4476 non

1810 4532 1894 4578 est
1925 4535 2174 4577 reversus
2202 4517 2271 4573 ad
2298 4532 2417 4572 eam
2473 4515 2556 4570 vel
2595 4514 2956 4582 cadaveribus
3006 4513 3242 4580 illectus,
3295 4513 3378 4569 vel

1809 4614 1968 4686 aquis
1991 4614 2342 4687 interceptus.
2397 4607 2569 4663 Petivi
2618 4622 2750 4678 ergo
2800 4621 3009 4677 pennas
3052 4620 3163 4660 non
3203 4606 3376 4672 corvi,

1808 4710 1904 4767 sed
1929 4707 2216 4773 columbae,
2247 4719 2389 4777 quae,
2415 4704 2546 4759 dum
2574 4701 2713 4759 soris
2736 4716 2847 4756 non
2888 4699 3114 4766 invenit,
3169 4699 3260 4753 ubi
3299 4714 3380 4753 re-

1808 4802 2055 4875 quiescat
2103 4815 2199 4871 pes
2239 4799 2382 4869 ejus,
2436 4796 2576 4868 sugit
2629 4796 2798 4862 intus,
2842 4803 2896 4850 et
2944 4807 3189 4857 rursum,
3216 4798 3381 4863 prout

1808 4910 1974 4951 causa
1996 4892 2185 4963 exigit,
2206 4891 2343 4947 ioris
2379 4890 2546 4945 missa
2576 4888 2728 4960 pacis
2759 4886 2996 4958 insignia
3024 4894 3267 4957 reportat
3294 4884 3378 4938 in-

1809 4985 2000 5042 clusis.
2030 4983 2122 5040 Sic
2149 4981 2322 5038 tidelis
2370 4981 2552 5035 anima
2593 4977 2797 5051 Spiritu
2828 4986 3019 5035 saneto
3044 4978 3285 5043 arrhata,
3319 4984 3379 5031 ut

1809 5078 1866 5132 iu
1905 5077 2024 5147 ipso
2051 5073 2281 5146 Spiritu,
2308 5070 2402 5142 qui
2430 5079 2514 5127 est
2534 5070 2809 5137 columba,
2833 5070 2925 5135 sit,
2955 5070 3121 5125 etiam
3150 5068 3266 5139 ipsa
3291 5083 3379 5123 co-

1810 5170 1994 5225 lumba
2014 5167 2407 5224 desideriorum
2439 5165 2744 5221 coelestium
2776 5164 2972 5235 pennis
3005 5162 3144 5235 sugit
3198 5162 3255 5216 iu
3285 5177 3378 5217 so-

1808 5262 2113 5325 litudinem,
2144 5258 2235 5315 sed
2268 5258 2438 5328 paciS,
2463 5266 2520 5313 et
2553 5257 2842 5314 charitatis
2872 5255 3050 5312 officio
3075 5270 3185 5309 non
3219 5253 3376 5308 dese-

1810 5356 1882 5411 rit
1907 5355 2171 5410 bonorum
2198 5349 2535 5416 societatem,
2562 5357 2781 5420 propter
2810 5364 2949 5420 quos
2978 5348 3142 5403 etiam
3172 5346 3375 5417 patitur

1810 5449 2081 5504 malorum
2101 5440 2460 5501 vicinitatem.

1878 5539 2059 5608 Quare
2084 5546 2263 5593 autem
2291 5536 2424 5607 petit
2457 5552 2674 5607 pennas,
2714 5549 2839 5589 cum
2874 5532 2997 5588 talis
3019 5533 3215 5587 animae
3241 5530 3377 5594 chae

1812 5634 1944 5688 ritas
1973 5632 2166 5686 habeat
2196 5630 2439 5700 genuinas
2467 5628 2619 5683 alas?
2651 5626 2822 5682 Habet
2842 5626 3084 5697 quidem,
3112 5624 3205 5679 sed
3235 5622 3374 5678 sorte

1811 5727 2023 5797 ligatas,
2056 5739 2162 5780 non
2190 5722 2324 5781 fisco
2354 5719 2683 5791 cupiditatiS,
2710 5719 2804 5777 scd
2827 5734 2958 5775 cura
2984 5726 3039 5774 et
3063 5716 3239 5775 officio
3261 5714 3373 5771 l'ra-
