3817 6000
173 148 209 206 bi
354 201 357 205 ,
640 143 794 204 caunum
812 146 892 204 CAN.
911 146 992 207 REG.
1014 144 1044 202 S.
1066 139 1228 207 ilctonts
1244 147 1357 207 PARlS.
1772 152 1810 211 ιθ

172 265 208 321 ιιι
220 260 362 328 irradiant,
373 258 610 332 etplemmquein
621 274 701 319 sacro
714 260 825 333 cloquio
842 261 896 318 diei
913 276 963 333 ap-
978 275 1003 331 g
1050 257 1141 326 cusia,
1154 261 1297 333 aliquando
1307 262 1381 331 sama
1395 261 1457 317 iuni
1470 262 1569 334 operis,
1586 260 1731 346 aliqscado
1742 265 1811 321 atsi·

172 351 550 428 peliatione,aeteruapatria,
565 352 965 425 unctisantemuomineprae-
1052 332 1306 417 “llil'‘,m‘ii'i'if'ffl‘a
1332 332 1478 405 “filialis‘’
1512 331 1680 389 ''illimus’‘
1712 344 1812 407 ‘emili'

173 463 238 505 servs
252 448 307 502 vim
325 446 457 518 signator,
472 447 665 518 predicatores
678 447 777 514 sancti,
807 455 837 501 nt
852 447 893 503 sol
914 462 966 503 no·
1052 402 1173 458 'umam
1191 403 1375 474 damam

174 537 334 595 strisoculis
348 536 426 604 flunt,
438 553 501 593 eum
511 536 717 608 conceptionem
734 536 785 611 [at.
796 536 967 608 covvtempla·
1053 536 1110 607 (st)
1134 535 1219 615 Lanae
1242 535 1355 595 nomine
1377 543 1473 593 sancta
1494 533 1616 596 Ecclesia
1631 538 1809 610 exprimitur,

174 627 289 701 tionem]
300 627 380 685 uobis
394 642 466 683 verm
483 625 553 684 lucis
572 628 710 698 aperiunt,
731 637 760 682 et
772 627 857 694 velut,
882 625 967 683 stelle
1016 630 1148 702 sicutper
1162 630 1272 686 beatum
1280 626 1812 698 llabacucdieimr:steatomata

175 722 334 778 intenebris
349 722 451 787 lucent,
466 718 519 792 23
531 735 593 776 eum
610 736 658 791 per
672 719 790 777 activam
807 721 890 776 vitam
914 735 966 792 pro
1016 722 1083 778 larsa
1097 722 1169 778 stetit
1184 720 1371 779 inordinatae
1384 719 1499 793 (liobae.
1510 737 1552 786 tn,
1568 721 1610 788 ll,
1621 721 1702 793 juxta
1711 719 1809 794 LXX).

175 813 389 869 iuturisuostris
416 813 626 868 necessitatibus
645 823 752 869 tcrrena
768 812 964 884 disponuntur.
1016 812 1128 870 Elevato
1152 812 1226 869 cuim
1242 812 1315 880 sole,
1336 812 1364 867 in
1388 812 1485 869 ordine
1507 826 1558 870 suo
1579 813 1645 869 luna
1666 814 1808 881 statuitur,

175 907 259 974 Quasi
284 907 311 960 in
331 905 375 961 die
398 915 428 961 ut
446 906 488 965 sol
510 914 670 972 coruscant,
702 902 818 961 eumad
842 913 966 961 coutem—
1016 904 1256 976 quiaaseendeote
1270 904 1304 959 ad
1323 903 1409 961 ooelos
1429 902 1556 971 Domino,
1572 914 1668 964 sancta
1681 908 1810 978 protinus

175 1000 302 1070 plaudam
318 998 432 1055 ivvtevuze
444 999 577 1055 claritatis
590 998 718 1070 patriam,
738 998 839 1054 mentis
864 1005 967 1054 nostrae
1016 995 1139 1053 Ecclesia
1150 996 1385 1068 inpredicatiouis
1396 998 1811 1057 auctoritateroboratur.Psal·

176 1093 262 1147 aciem
276 1091 435 1158 sublevant,
456 1101 484 1147 ct
503 1094 583 1163 qvvasi
601 1090 728 1147 stellein
744 1098 825 1146 nocte
844 1090 967 1161 resplen-
1017 1089 1097 1146 mista
1121 1103 1231 1159 quoque
1255 1096 1380 1144 sanctam
1404 1086 1555 1146 Ecclesiam
1578 1089 1752 1162 conspiciens
1779 1092 1809 1149 iu

175 1182 450 1252 deut‚ouia,etcum
466 1191 573 1237 mvrena
594 1190 689 1255 agunt,
704 1182 875 1237 offensuram
893 1181 963 1253 jam·
1016 1188 1146 1252 perpetua
1171 1178 1339 1251 perfectione
1363 1196 1522 1237 mansuram
1550 1183 1603 1238 sub
1629 1183 1810 1254 appellatione

173 1274 230 1346 jam
245 1290 299 1347 que
310 1275 411 1332 nostris
430 1276 521 1346 operis
533 1275 629 1345 pedem
642 1273 768 1344 exemplo
777 1288 836 1330 suae
852 1273 967 1329 rectitu·
1016 1273 1089 1331 luna
1105 1273 1252 1344 descripsit
1265 1272 1380 1329 diceus:
1397 1272 1474 1328 ane
1494 1274 1612 1346 perfecta
1634 1276 1663 1330 iu
1679 1285 1810 1332 aternam

177 1366 250 1423 diuis
268 1367 399 1440 dirigunt.
423 1366 487 1435 Sed,
502 1368 566 1439 quin
582 1367 704 1438 expulsis
728 1366 964 1438 praedicatoribus,
1017 1364 1105 1436 (Ριαι.
1121 1380 1254 1431 nnxvrn,
1278 1364 1334 1437 58).
1350 1364 1449 1434 Quam,
1464 1367 1528 1439 quia
1549 1368 1584 1423 ad
1598 1369 1810 1429 resurrectionis

176 1475 232 1515 nou
248 1458 299 1515 fuit
314 1461 361 1531 qui
389 1460 460 1531 plebi
489 1458 611 1516 iudaicae
635 1461 662 1516 iu
683 1460 871 1532 perfidiosae
885 1469 966 1515 nocte
1015 1474 1092 1530 spem
1114 1456 1257 1513 Dominlca
1277 1458 1442 1514 resurreetio
1460 1458 1582 1524 roborat,
1597 1460 1806 1533 rectesubjon-

176 1536 327 1607 remaueutl
347 1550 541 1621 resplenderet,
557 1550 600 1607 vel
612 1551 764 1606 claritatem
777 1548 965 1621 conceptionis
1016 1550 1107 1621 gitur:
1124 1547 1208 1605 Testis
1224 1550 1252 1604 ia
1265 1549 1329 1605 colo
1343 1548 1430 1621 fidelis
1442 1550 1542 1622 (ibid).

177 1642 226 1717 [ol.
235 1641 487 1717 contemplationis]
498 1643 664 1711 ostenderet,
678 1643 721 1699 vel
738 1644 833 1700 activa
845 1643 908 1698 vitae
924 1643 967 1698 lu·
983 1659 1004 1715 g
1052 1641 1109 1711 (58)
1124 1640 1243 1698 Rumam
1261 1642 1334 1698 lunae
1352 1642 1464 1701 numine
1478 1639 1551 1698 fama
1568 1643 1634 1700 boni
1650 1645 1741 1716 operis
1764 1645 1809 1702 in-

176 1749 238 1789 mcn
252 1734 387 1805 aperirem
413 1731 517 1790 Veritas
528 1734 639 1805 quippe,
658 1749 719 1804 oum
743 1733 814 1789 banc
828 1732 966 1803 repulsam
1017 1732 1573 1807 telligitur,sicutperbcatomiobdicitur
1587 1754 1594 1790 :
1608 1734 1638 1792 Si
1648 1737 1703 1792 aidi
1713 1735 1808 1803 sabat,

175 1826 305 1894 deseruit,
315 1826 454 1881 subtracto
466 1826 666 1896 predicationis
678 1826 789 1893 luoriue,
799 1827 898 1883 merito
909 1840 967 1883 suaa
1017 1842 1077 1880 eum
1084 1823 1236 1896 [algemam
1247 1823 1505 1880 iauamiueedeutem
1517 1824 1589 1881 ciere
1598 1824 1808 1900 (deduxistis).

176 1917 318 1988 pravitatis
342 1918 503 1984 excaecavit,
530 1926 603 1973 recte
618 1917 735 1973 dicitur:
759 1914 812 1983 Qus
838 1916 964 1987 precipit
1017 1914 1069 1971 Per
1079 1914 1166 1971 solem
1174 1914 1274 1987 quippe
1293 1912 1441 1986 fulgentem
1457 1915 1547 1990 fulgor
1562 1918 1628 1974 boni
1642 1918 1811 1990 operis;per

176 2008 274 2077 saliet
293 2026 344 2064 ιιοιι
370 2008 513 2075 oritar,·et
540 2008 632 2064 stellas
653 2007 755 2063 claudit
780 2006 914 2079 coariani
927 2006 966 2060 si·
1018 2010 1114 2064 lunam
1135 2023 1212 2074 vero,
1234 2007 1327 2080 opinio
1355 2008 1435 2066 bonae
1447 2010 1614 2081 operationis
1639 2011 1810 2082 intelligitur.

176 2102 299 2173 puerulo.
318 2101 389 2158 Osiri
400 2103 502 2175 quippe
515 2101 540 2159 ci
553 2102 639 2161 solem
652 2103 750 2171 uoluit,
767 2119 783 2159 a
799 2119 853 2176 qua
865 2099 967 2174 praedi·
1017 2100 1084 2157 Post
1095 2101 1267 2172 premissum
1284 2116 1350 2173 crgo
1370 2102 1467 2170 solem,
1479 2111 1541 2175 apte
1552 2118 1663 2177 quoque
1675 2103 1807 2161 inccden-

176 2194 297 2250 cautium
313 2195 436 2252 animum
451 2196 571 2253 divertit.
597 2194 631 2252 Et
657 2196 737 2268 quasi
752 2196 805 2253 sub
826 2193 968 2264 signaculo
1017 2203 1072 2250 mm
1084 2193 1158 2250 clare
1175 2193 1270 2249 lunam
1283 2192 1415 2263 subdidit,
1429 2196 1494 2266 qula
1508 2194 1636 2253 videlicet
1657 2204 1720 2267 post
1739 2211 1811 2267 opus

177 2286 270 2343 stellas
285 2288 397 2355 claudit,
410 2287 486 2360 quia,
502 2288 567 2346 dum
585 2291 780 2363 praedicatores
790 2303 856 2345 suos
866 2302 915 2358 per
929 2286 967 2343 si·
1018 2287 1120 2344 bouum
1132 2285 1205 2342 fama
1221 2285 1367 2342 laudabilis
1382 2288 1515 2359 sequitur,
1536 2302 1683 2359 perquam
1700 2287 1811 2344 celebre

176 2377 291 2434 levvtinm
303 2378 375 2435 intra
386 2381 551 2453 semetipsos
567 2382 688 2448 retinuit,
714 2381 795 2439 caecis
809 2380 966 2454 iniquorum
1018 2393 1119 2435 nomen
1131 2377 1159 2432 iu
1174 2377 1227 2434 bac
1238 2378 1380 2448 praesentis
1402 2377 1465 2433 vitae
1486 2386 1566 2434 nocte
1585 2378 1754 2450 possidetur.
1777 2374 1810 2433 st

177 2471 304 2527 sensibus
317 2472 428 2528 coeleste
441 2473 534 2528 lumen
546 2473 701 2530 abscondit.
1018 2470 1092 2527 enim
1102 2469 1325 2540 verumestquod
1338 2468 1449 2541 quidam
1463 2468 1516 2541 25
1526 2470 1732 2541 putant,lunam
1745 2467 1811 2525 illa·

213 2563 269 2635 (36)
288 2563 360 2621 Solis
376 2564 486 2621 nomine
514 2566 673 2623 tentationis
695 2566 777 2622 ardor
797 2566 966 2638 designatur,
1019 2561 1180 2620 strationem
1187 2561 1380 2633 peroccultum
1393 2559 1527 2617 circulum
1540 2574 1557 2616 a
1571 2560 1649 2616 radio
1658 2559 1726 2617 solis
1737 2560 1812 2618 aeci·

176 2652 249 2710 sicut
263 2668 312 2724 par
325 2652 437 2727 lloysen
452 2655 553 2712 dicitur
572 2674 579 2712 :
595 2653 626 2712 Si
637 2656 718 2727 faerit
731 2656 800 2712 iuter
815 2672 861 2710 eos
878 2657 967 2724 bomo,
1018 2669 1093 2726 pere,
1110 2663 1141 2710 ut
1152 2653 1240 2725 possit
1254 2653 1343 2709 lucem
1359 2652 1504 2710 nocturnis
1522 2651 1650 2709 cursibus
1670 2653 1813 2721 exhibere,

176 2746 223 2818 gai
251 2757 379 2803 nocturno
405 2747 523 2820 pollutas
545 2749 581 2804 sit
605 2764 707 2817 somno,
721 2749 869 2820 egredietur
893 2758 969 2803 atra
1020 2747 1055 2803 ab
1072 2745 1156 2816 hujus
1173 2744 1488 2818 significationisordinc
1502 2745 1813 2817 iraeequoquesutpicio

177 2848 282 2907 castra,
309 2848 335 2895 et
357 2856 408 2894 ιιοιι
431 2850 576 2897 revertetur
599 2840 754 2912 priusquam
777 2839 811 2894 ad
834 2856 970 2910 uesperam
1019 2836 1461 2909 nonabborret.Famaqnippea
1478 2836 1552 2894 bono
1569 2852 1652 2908 opere
1676 2837 1813 2894 vires-ac·

177 2929 281 2986 locetur
301 2948 388 3003 aqua,·
408 2943 433 2988 et
461 2940 520 3005 port
549 2931 613 2988 solis
637 2948 759 2988 occasum
769 2932 930 3005 regredietur
940 2934 968 2988 iu
1019 2931 1086 3004 'cipit
1099 2939 1129 2987 et
1138 2930 1240 2986 favoris
1252 2929 1367 3002 gratiam
1379 2929 1459 3003 quasi
1473 2928 1626 2986 claritatem
1637 2929 1749 2986 luminis
1763 2946 1814 2987 as·

178 3033 268 3080 castra
295 3024 386 3094 (fleat.
415 3042 501 3092 xnvr,
521 3024 570 3095 tu,
593 3026 648 3098 ιι).
676 3023 846 3082 Nocturnum
868 3026 969 3098 quippe
982 3010 1003 3069 C
1018 3024 1116 3097 pergit.
1137 3023 1186 3081 Est
1207 3022 1281 3077 aliud
1296 3022 1325 3078 in
1342 3022 1417 3092 luna,
1431 3022 1505 3095 quod
1529 3038 1578 3094 per
1602 3022 1811 3080 similitudinem

178 3117 316 3172 somnium
335 3127 378 3174 est
398 3117 511 3175 tentatio
528 3117 728 3187 occultamus
754 3119 898 3176 tenebrosa
919 3133 969 3175 co·
1020 3116 1120 3172 bonam
1132 3113 1269 3189 spargeuti
1280 3113 1360 3171 lamae
1371 3117 1538 3172 conveniat:
1557 3115 1604 3171 los
1620 3131 1738 3187 namque
1748 3115 1811 3187 ejus

177 3208 309 3280 gitatione
330 3219 408 3282 turpe
428 3210 532 3283 aliquid
552 3211 635 3269 corde
656 3212 819 3285 concipitur,
837 3212 909 3284 quod
928 3221 970 3268 ta·
1018 3217 1102 3271 etiam
1116 3215 1145 3271 iu
1158 3215 1332 3271 tenebrarum
1350 3223 1473 3285 tempore
1484 3215 1535 3271 iter
1547 3215 1752 3273 ambulantibus
1762 3231 1814 3273 us·

178 3316 241 3356 meu
262 3303 354 3358 cordis
368 3303 411 3358 vel
433 3304 556 3375 corporis
578 3319 661 3376 opere
683 3320 738 3360 uon
767 3304 900 3374 expletur.
916 3301 969 3361 Sed
1019 3309 1121 3375 tendit;
1146 3308 1209 3380 quia
1234 3317 1262 3364 ct
1280 3307 1345 3364 dum
1362 3307 1397 3363 de
1415 3308 1582 3374 alienavita,
1597 3308 1643 3364 Ιιιι
1657 3324 1719 3380 onae
1735 3308 1813 3368 illius

177 3393 288 3449 aovoulo
312 3404 448 3452 nocturno
464 3397 596 3467 pollutus,
607 3396 700 3469 egredi
711 3403 786 3452 extra
798 3404 888 3454 eastra
898 3412 969 3468 prae-
1020 3401 1150 3474 opinione
1172 3400 1246 3456 clara
1268 3400 1444 3473 cognoscitur
1463 3402 1627 3468 ostenditur,
1640 3400 1705 3456 huic
1727 3402 1811 3471 quasi

177 3485 279 3557 cipitur
292 3488 358 3566 quia
376 3487 502 3544 videlicet
522 3489 636 3562 dignum
651 3497 703 3557 est,
718 3498 747 3544 nt
759 3488 807 3560 qui
827 3488 968 3545 immunda
1018 3491 1139 3565 pergenti
1162 3490 1191 3546 iu
1215 3490 1313 3546 itinere
1337 3489 1454 3560 exempli
1476 3490 1568 3547 iumen
1591 3490 1736 3562 praebetur.
1753 3488 1810 3547 Sed

177 3578 342 3650 cogitatione
357 3580 499 3651 polluitur,
512 3581 654 3653 iudignum
671 3597 701 3637 se
718 3591 880 3637 cunctorum
901 3579 969 3636 lide-
1017 3598 1214 3656 nonuunquam
1225 3599 1295 3656 opus
1306 3582 1379 3656 quod
1394 3584 1430 3641 ab
1440 3583 1529 3641 aliena
1539 3583 1667 3656 opinione
1677 3582 1808 3654 sumitur,

177 3670 244 3725 lium
271 3672 447 3729 societatibus
474 3672 622 3729 arbitretur
650 3673 738 3745 culpae
758 3687 816 3730 suae
837 3671 968 3729 meritum
1017 3678 1110 3733 minus
1125 3678 1227 3733 mundo
1242 3676 1379 3733 desiderio
1400 3677 1428 3733 iu
1456 3677 1550 3734 auimo
1575 3675 1720 3734 formatur.
1738 3673 1810 3732 llam

177 3771 241 3819 aute
257 3764 353 3821 oculos
375 3775 470 3835 ponat,
488 3773 516 3822 et
534 3781 567 3822 cx
590 3766 723 3823 bonorum
739 3781 769 3823 se
786 3765 968 3823 estimatione
1017 3770 1134 3826 infirme
1155 3780 1271 3838 mentes,
1289 3785 1353 3826 cum
1376 3770 1449 3826 bona
1473 3769 1507 3825 de
1527 3770 1590 3826 aliis
1609 3771 1736 3837 audiant,
1758 3770 1810 3825 ali·

176 3857 318 3929 despiciat.
334 3857 478 3916 Pollutuuv
490 3875 556 3930 crgo
570 3869 647 3915 extra
655 3868 744 3917 castra
759 3858 834 3915 exire
843 3867 885 3915 est
893 3858 967 3929 turpi
1017 3863 1128 3933 quaudo
1150 3880 1180 3921 se
1195 3864 1230 3919 ad
1250 3864 1437 3935 operationem
1450 3871 1565 3931 rectam,
1576 3877 1630 3917 non
1647 3877 1741 3918 amore
1752 3863 1809 3917 rir-

176 3948 382 4020 impugnatione
392 3949 560 4005 laimrantem
570 3965 630 4006 sese
642 3965 674 4006 es
684 3949 881 4006 continentium
890 3965 967 4005 curn·
1016 3956 1094 4023 tutis,
1113 3956 1159 4012 sed
1177 3956 1322 4014 dilectione
1343 3956 1431 4011 laudis
1458 3955 1618 4012 accendunt.
1631 3954 1663 4011 Et
1685 3954 1809 4026 profecto
1876 3989 1884 3996 -

175 4043 319 4118 paratione
332 4044 482 4116 despicere.
491 4045 562 4114 Quid
574 4046 607 4101 ad
618 4061 759 4118 vesperam
771 4047 965 4118 lavaturaqua,
1016 4047 1102 4119 liquet
1110 4049 1183 4120 quod
1199 4049 1271 4105 sicut
1285 4058 1383 4105 natura
1393 4048 1509 4106 solisest
1519 4057 1550 4104 ut
1561 4063 1676 4120 queque
1688 4047 1809 4120 attigerit

176 4148 239 4189 cum
258 4133 393 4191 defectum
417 4151 498 4192 suurn
523 4135 709 4216 conspiciens,
740 4138 775 4193 ad
799 4138 967 4209 peanitentiae
1016 4123 1147 4198 accendat
1160 4150 1188 4197 et
1201 4142 1294 4211 siccet,
1309 4141 1347 4196 ita
1361 4140 1466 4197 lunaris
1478 4140 1550 4214 iguis
1564 4147 1606 4196 est
1620 4141 1762 4220 proprium
1777 4151 1809 4198 ut

176 4225 485 4296 lamentacouvertitur,
499 4236 529 4284 ut
539 4227 678 4285 cineribus
690 4228 785 4285 abluat
797 4245 879 4287 omvvc
891 4229 967 4301 qnod
1016 4233 1148 4305 quidquid
1159 4235 1314 4306 contigerit,
1329 4243 1426 4289 exurat
1449 4233 1574 4304 quidem,
1590 4233 1639 4289 sed
1666 4234 1808 4290 exurendo

175 4317 204 4373 io
220 4317 313 4376 auimo
325 4319 431 4376 occulta
447 4319 599 4390 inquinatio
610 4331 731 4379 accusat.
747 4321 800 4379 Sed
811 4334 873 4394 post
885 4339 964 4382 oeca-
979 4354 1003 4411 1)
1017 4326 1158 4384 humidum
1173 4326 1276 4383 reddat.
1292 4326 1333 4384 nd
1356 4327 1440 4382 vitam
1455 4326 1539 4398 igitur
1552 4326 1652 4382 bonam
1672 4326 1741 4383 aiios
1757 4342 1808 4397 per

176 4424 237 4464 sum
252 4409 319 4466 solis
331 4410 363 4466 ad
380 4420 471 4469 castra
486 4413 590 4480 redeat,
606 4414 672 4486 quia
682 4414 886 4475 defervescente
902 4427 964 4474 ten·
1016 4434 1139 4474 amorem
1163 4417 1213 4475 Dei
1234 4419 1347 4476 allectus
1368 4420 1433 4476 recti
1445 4420 1548 4489 operis,
1559 4419 1629 4475 alios
1649 4435 1714 4476 vero
1727 4435 1808 4476 amor

174 4501 287 4557 tationis
300 4502 398 4560 ardone
418 4521 531 4563 necesse
542 4517 586 4564 est
600 4517 630 4564 ut
642 4509 740 4565 iterum
761 4510 888 4567 fiduciam
900 4526 966 4584 erga
1014 4509 1105 4566 laudis
1128 4508 1288 4565 inflammat.
1304 4510 1368 4580 Sed,
1383 4527 1445 4566 cam
1464 4511 1531 4566 recti
1543 4513 1635 4582 operis
1645 4511 1743 4567 aflectu
1760 4527 1808 4568 ac·

174 4593 311 4676 bonorum
328 4595 485 4651 societatem
494 4607 593 4654 sumat.
605 4598 673 4656 Post
686 4616 763 4671 aquae
777 4601 877 4672 qvvippc
890 4600 966 4656 lava·
1015 4601 1167 4669 condimur,
1180 4603 1259 4672 qvvasi
1277 4601 1426 4673 perignem
1440 4602 1533 4657 solisa
1548 4600 1677 4657 vitiorum
1692 4601 1808 4658 humore

174 4687 288 4752 tionem,
301 4687 479 4744 occumbente
494 4689 551 4745 sole
570 4691 604 4747 ad
622 4704 711 4748 castra
726 4694 872 4749 revertitur
887 4712 895 4749 :
911 4692 966 4767 24
1015 4690 1163 4746 siccamur.
1177 4689 1246 4746 Eum
1257 4707 1322 4747 vero
1339 4704 1422 4762 quem
1444 4690 1479 4747 ad
1500 4706 1570 4762 opus
1592 4691 1695 4748 bonum
1716 4692 1807 4750 laudis

173 4777 221 4848 qui
231 4787 293 4848 post
304 4777 470 4850 poeoitentiae
485 4781 612 4851 lamenta,
622 4783 783 4854 frigescente
792 4785 903 4842 flamma
917 4801 965 4842 cu·
1015 4796 1093 4837 antor
1104 4792 1243 4853 provocat,
1255 4783 1399 4855 concupita
1422 4781 1496 4840 fama
1511 4785 1590 4857 quasi
1610 4785 1675 4841 luna
1685 4785 1805 4857 attingit,

173 4869 314 4941 gitatiouis
342 4872 453 4943 illicitae,
468 4874 502 4929 ad
525 4874 647 4932 fidelium
662 4878 757 4934 merita
773 4878 964 4950 praesumenda
1014 4874 1078 4944 quia
1095 4874 1220 4931 videlieet
1234 4876 1294 4947 ejus
1310 4878 1433 4933 animum
1450 4885 1478 4932 ei
1498 4878 1660 4934 accendite!
1683 4879 1805 4942 resolvit,

173 4974 328 5033 reparatur,
342 4965 441 5036 utiam
455 4983 485 5024 se
503 4985 519 5025 a
533 4971 639 5029 caeteris
651 4971 733 5043 longe
745 4987 807 5028 esse
822 4988 876 5027 uou
889 4973 964 5029 aesti-
1014 4967 1145 5024 Accendit
1155 4970 1260 5026 seilicet
1271 4971 1305 5027 ad
1318 4970 1480 5028 exercitium
1496 4971 1598 5043 operis,
1613 4970 1727 5028 resolvit
1738 4987 1809 5036 aero

172 5063 229 5110 met
252 5055 299 5126 qui
329 5060 461 5116 muudum
489 5077 519 5119 se
546 5078 595 5134 per
616 5063 720 5120 obitum
744 5062 832 5120 intimi
857 5064 963 5121 ardoris
1013 5061 1049 5116 avl
1067 5061 1316 5133 concupiscentiam
1337 5064 1451 5122 favoris.
1473 5064 1638 5136 Plerumque
1658 5075 1749 5122 tameo
1770 5064 1805 5121 ad

172 5149 281 5219 gaudet.
1013 5153 1165 5210 exercenda
1189 5155 1261 5211 bona
1282 5171 1365 5228 opera
1394 5158 1482 5214 alicua
1501 5172 1553 5213 nos
1566 5159 1670 5214 utiliter
1681 5157 1805 5230 exempla

456 5246 505 5305 Ca
515 5246 535 5301 Ρ
544 5246 597 5304 ιιι
626 5245 679 5305 Vl.
1012 5246 1187 5317 persuadent.
1207 5247 1240 5302 Et
1254 5262 1317 5303 cum
1329 5257 1420 5305 mente
1432 5247 1529 5304 bumili
1555 5249 1696 5321 opinionis
1709 5248 1806 5303 aliene

505 5358 539 5397 ns
551 5359 630 5399 tuus.
1012 5339 1084 5394 bona
1104 5338 1281 5409 suscipimus,
1293 5351 1388 5397 nostra
1402 5342 1443 5398 vel
1459 5341 1494 5397 ad
1510 5341 1609 5400 meiius
1620 5343 1691 5398 bona
1701 5341 1805 5413 pardu-

173 5428 439 5506 luSeriptarosacra
451 5434 523 5492 tuae
536 5435 795 5509 svomiueaiipaandc
806 5448 897 5494 carseta
909 5436 962 5493 Ee·
1012 5430 1112 5497 cimus,
1137 5431 1179 5484 iel
1196 5430 1230 5485 ad
1248 5429 1351 5487 boumn
1372 5434 1443 5489 mala
1463 5419 1664 5505 permutamus.
1678 5431 1804 5505 Cumque

220 5548 266 5636 bd)
283 5547 322 5636 ξι
338 5548 385 5631 (ἢ)
400 5565 417 5604 ¹
432 5547 533 5631 issi⁰lb
545 5564 607 5619 cdl)-
623 5563 699 5604 1¹¹¹·
1048 5563 1105 5633 (58)
1118 5560 1156 5617 Ea
1171 5563 1218 5619 lib.
1235 5579 1291 5620 ssu
1308 5565 1335 5620 in
1350 5563 1411 5633 iob,
1427 5582 1488 5638 cap
1505 5584 1531 5624 ι.

221 5617 267 5688 οι)
281 5619 321 5676 bx
334 5620 383 5677 ιιι.
396 5636 451 5676 asts
466 5618 565 5688 vtrlob,
576 5634 636 5691 cap.
645 5635 671 5674 ι.
