3817 6000
417 211 547 269 1651

1367 211 1670 268 Gssnflont
1706 210 2091 268 PRAEPOSt‘rt
2128 209 2673 269 Rsstcnmtst’mc.

3528 216 3678 273 ¹652

415 328 519 386 sibi
552 326 774 394 arridet,
805 327 951 382 nulla
984 326 1091 382 illis
1134 338 1430 398 appareant
1472 329 1723 394 molesta,
1751 344 1873 399 qua:
1901 337 1984 382 ta-
2013 332 2058 388 A
2086 337 2134 381 et
2164 327 2395 398 formido
2423 329 2608 382 mortis
2630 326 2823 381 cecidit
2849 343 3006 398 saper
3026 344 3130 395 me,
3156 327 3308 399 quia,
3339 343 3468 385 mm
3496 331 3678 388 tristis

413 436 540 475 men
592 419 719 475 licet
772 435 919 476 nunc
967 421 1284 476 abscondita
1342 421 1453 476 sint
1502 421 1573 476 ab
1617 421 1791 477 oculis
1840 422 1980 485 suiS,

413 510 596 564 omnia
644 519 1037 566 conservantur
1076 513 1436 582 inposterum.
1490 511 1556 568 Et
1627 512 1751 568 ideo
1801 512 1984 582 despi-

411 602 632 657 ciuntur
659 603 938 659 orationes
989 613 1043 659 et
1087 604 1499 675 deprecationes
1533 619 1747 670 eorum,
1782 604 1983 674 quibus

410 712 521 753 non
563 695 766 767 petitur
800 712 1077 753 summum
1110 698 1340 764 bonum,
1373 714 1474 754 nee
1521 697 1729 768 sugitur
1754 713 1984 755 summat

409 787 646 842 iniseriae
698 786 1127 845 incommodum.
1179 789 1295 862 Ego
1343 802 1525 846 autem
1578 805 1742 845 verus
1787 789 1980 859 David,

410 878 540 949 quia
568 880 703 935 mibi
734 888 789 936 et
810 880 948 937 meis
970 890 1158 937 contra
1183 897 1399 938 summa
1427 882 1591 948 mala,
1623 897 1723 953 pro
1749 881 1982 938 summis

407 969 571 1026 bonis
616 984 715 1025 oro
750 979 805 1027 et
842 971 1123 1043 deprecor,
1155 973 1261 1028 boc
1288 971 1448 1043 digne
1479 982 1604 1043 peto
1655 988 1686 1027 a
1717 981 1768 1029 te
1798 972 1978 1040 Pater,

407 1077 472 1116 ne
491 1062 789 1132 despexeris
808 1063 1224 1133 deprecationem
1252 1081 1441 1119 meam.
1462 1063 1531 1119 Et
1557 1065 1602 1120 si
1632 1064 1982 1136 despicienda

409 1151 625 1207 videtur
667 1163 888 1224 propter
918 1170 1070 1210 meos
1108 1154 1289 1211 adbuc
1316 1156 1588 1227 indignos,
1619 1172 1721 1228 pro
1756 1157 1978 1228 quibuS,

411 1253 467 1298 itl-
495 1244 639 1314 *ligni
683 1244 828 1310 finni,
864 1262 960 1298 nvn
988 1245 1265 1315 :Inter-im,
1296 1247 1425 1303 dum
1461 1248 1539 1304 illi
1573 1258 1700 1304 sunt
1748 1249 1979 1321 indigni,

411 1354 515 1390 nnn
567 1354 659 1390 mni
719 1342 960 1395 intuitur„
1020 1342 1092 1390 w!
1140 1340 1341 1410 aspice,
1400 1341 1494 1396 sed
1548 1341 1766 1397 intende
1808 1342 1864 1397 in
1893 1357 1982 1398 me

408 1430 687 1482 'lsslffiffilntn
727 1426 920 1482 Filium
984 1442 1156 1490 inum,
1204 1431 1297 1502 qui
1326 1432 1528 1504 dignus
1576 1441 1631 1487 et
1668 1433 1831 1504 digne
1854 1448 1980 1490 Sum

411 1522 783 1575 [tantuin-insius
824 1538 920 1591 pru
948 1538 1064 1575 :nnn
1100 1523 1415 1578 tufi-urentia.

483 1611 639 1663 itm.
687 1615 739 1667 Ξ.
783 1611 996 1666 intrude
1040 1615 1088 1663 in
1136 1630 1213 1667 mn
1249 1614 1335 1670 vel
1373 1613 1525 1681 milti,
1560 1623 1610 1668 et
1651 1615 1977 1680 exaudime,

2084 427 2229 474 esset
2257 419 2436 474 anima
2467 433 2588 473 mea
2625 433 2802 488 usque
2833 418 2903 474 ad
2930 427 3186 487 mortem,
3218 420 3361 490 coepi
3387 436 3596 489 parere
3620 432 3677 477 et

2084 509 2298 577 taedere,
2331 510 2459 580 quia
2491 510 2650 563 timor
2675 518 2727 564 et
2758 519 2954 564 tremor
2978 511 3118 565 uenit
3139 526 3298 581 super
3320 528 3400 566 me
3431 511 3678 568 instante

2085 603 2218 655 hora
2241 600 2535 671 passionis,
2564 616 2729 671 quam
2760 602 3083 658 naturaliter
3112 603 3405 659 exhorruit
3424 604 3675 658 bumana

2081 692 2391 759 infirmitas,
2425 692 2549 748 licet
2593 692 2786 762 spiritu
2827 702 3080 764 prompto
3105 685 3382 750 manente.
3430 692 3674 749 Infirma

2083 782 2438 838 humanitatis
2457 797 2563 837 vox
2591 792 2709 839 erat
2735 801 2748 837 :
2785 801 2805 836 c
2833 783 3013 852 Pater,
3045 783 3093 839 si
3114 784 3230 840 fleri
3257 794 3462 856 potest,
3489 794 3674 840 nans-

2083 874 2164 931 ser
2222 875 2445 931 calicem
2494 875 2642 930 bunc
2685 891 2716 931 a
2757 891 2881 944 me;
2929 895 2948 928 ι
2995 875 3222 947 spiritus
3271 876 3510 948 prompti
3563 891 3673 933 vox

2081 976 2238 1024 erat:
2276 986 2295 1019 ι
2332 966 2522 1036 Pater,
2562 967 2656 1024 liat
2683 969 2937 1025 voluntas
2968 979 3058 1025 tua
3099 967 3295 1041 (Marc.
3331 985 3444 1036 xtv,
3486 969 3607 1040 56).
3646 988 3667 1021 ι

2082 1058 2147 1113 Ει
2176 1059 2327 1129 potui
2365 1060 2609 1131 quidem,
2646 1061 2694 1118 si
2737 1061 3032 1118 voluissem
3069 1077 3176 1118 non
3203 1077 3404 1134 parere
3442 1063 3531 1119 vel
3570 1072 3673 1118 tae·

2082 1151 2232 1218 dere,
2268 1151 2362 1207 sed
2392 1150 2570 1208 iactus
2610 1152 2842 1210 infirmis
2880 1153 3133 1211 infirmus
3162 1154 3267 1211 hoc
3295 1141 3566 1221 voluijut
3602 1158 3675 1210 ti-

2081 1258 2195 1297 mor
2221 1253 2272 1298 et
2301 1252 2495 1298 tremor
2527 1245 2758 1299 venirent
2789 1262 2947 1316 super
2973 1262 3073 1313 me,
3100 1254 3374 1317 quatenns
3417 1247 3531 1302 mei
3562 1263 3674 1319 pu·

2081 1334 2186 1390 silli
2217 1334 2343 1391 inde
2370 1345 2674 1406 sperarent,
2700 1337 2915 1394 etiamsi
2939 1339 3080 1394 inter
3108 1339 3426 1410 hujusmodi
3456 1338 3526 1412 [s.
3566 1340 3675 1395 bu·

2075 1426 2167 1497 jus
2193 1427 2406 1499 mundi]
2431 1428 2672 1499 pericula
2703 1429 3051 1500 trepidarent,
3083 1431 3141 1485 in
3164 1431 3366 1503 quibus
3389 1446 3495 1504 ego
3518 1432 3675 1503 prior

2079 1526 2374 1574 tremorem
2418 1520 2666 1589 corporis
2704 1535 2769 1575 ac
2799 1520 3050 1576 timorem
3090 1521 3273 1578 cordis
3313 1523 3512 1589 habui,
3562 1538 3673 1579 nou

2078 1609 2294 1666 infirma
2327 1611 2652 1667 necessitate
2686 1620 2747 1667 ut
2785 1609 2884 1679 illi,
2925 1613 3021 1668 sed
3050 1613 3204 1669 firma
3235 1622 3535 1685 potestate,
3563 1630 3675 1685 qua

411 1699 619 1767 :niinter
667 1699 719 1755 in
759 1707 1274 1771 nppnrtunitatibus,
1313 1705 1370 1759 iu
1410 1705 1794 1770 tribulatione,
1835 1720 1978 1777 quo·
2009 1690 2052 1746 Β
2080 1703 2161 1758 sic
2196 1702 2314 1758 lieri
2341 1702 2509 1758 volui.
2549 1702 2684 1759 Nam
2718 1714 2982 1774 quantum
3005 1714 3062 1760 et
3087 1706 3330 1776 quandiu
3356 1722 3465 1777 ego
3492 1707 3670 1773 volui,

411 1799 551 1843 itinn]
587 1795 864 1847 [rihni-„itin
896 1799 1136 1863 prmitnn
1180 1803 1261 1851 nst
1293 1812 1469 1867 usque
1497 1797 1653 1863 adeo,
1681 1797 1825 1868 quod
1854 1814 1981 1850 cott-

408 1883 652 1938 tristatus
675 1901 792 1938 snm
818 1885 873 1938 in
900 1886 1270 1941 exercitatione
1302 1904 1437 1953 mea,
1475 1888 1658 1962 dumlt
1694 1890 1867 1945 tristis
1894 1898 1981 1944 est

406 1977 585 2031 anima
619 1992 741 2032 mea
780 1992 953 2047 usque
983 1978 1051 2034 ad
1076 1988 1306 2035 mortem
1331 1980 1548 2053 (Mattlt.
1599 1999 1747 2050 xxvi,
1795 1983 1907 2054 58).
1954 2003 1972 2034 ι

406 2068 580 2137 lpsam
655 2068 1055 2125 tribulationem
1119 2086 1294 2126 meam
1352 2086 1489 2128 voco
1551 2075 1979 2130 exercitationem

405 2176 596 2228 meam,
623 2161 884 2231 quoniam
928 2170 986 2218 et
1022 2178 1123 2234 ego
1161 2163 1546 2220 candelabrum
1572 2181 1799 2221 aureum
1839 2168 1979 2224 inter

405 2252 815 2310 tribulationum
845 2256 1067 2313 crebros
1098 2256 1249 2328 ignes
1284 2266 1339 2313 et
1381 2256 1604 2315 malleos
1640 2261 1893 2330 perficior
1925 2271 1980 2317 et

402 2360 779 2415 consummor,
830 2357 885 2405 et
931 2350 1036 2405 mei
1083 2351 1243 2407 electi
1288 2353 1435 2409 velut
1482 2353 1678 2410 calami
1732 2355 1976 2425 ejusdem

402 2439 712 2495 candelabri
748 2440 830 2496 sic
870 2442 1184 2511 perficiendi
1221 2454 1350 2500 sunt
1386 2435 1850 2501 exercitationibus
1881 2447 1978 2501 tri-

405 2529 746 2586 bulationum
800 2533 942 2588 sicut
991 2544 1044 2589 et
1087 2550 1207 2605 ego.
1252 2535 1347 2592 Vel
1386 2516 1731 2594 co'ntristatus
1769 2556 1886 2594 sum
1921 2539 1979 2593 in

401 2624 777 2680 exercitatione
813 2643 947 2695 ntea,
987 2633 1115 2682 dum
1158 2637 1321 2692 terra,
1371 2646 1536 2700 quam
1576 2646 1824 2699 exerce0,
1865 2646 1977 2687 non

403 2716 497 2771 dat
535 2712 746 2773 fructus
793 2733 945 2787 suos,
977 2719 1072 2775 sed
1119 2719 1307 2790 spinas
1354 2729 1409 2776 et
1448 2721 1679 2779 tribulos
1707 2720 1978 2794 germinat

404 2809 538 2863 mihi
575 2809 719 2866 sicut
746 2811 800 2864 in
831 2810 987 2866 vinea
1027 2826 1169 2875 mea,
1211 2812 1277 2867 de
1302 2829 1409 2884 qua
1449 2814 1778 2883 exspectavi,
1805 2822 1864 2869 ut
1891 2815 1975 2868 t‘a-

405 2909 552 2955 ceret
575 2915 727 2967 uvas,
756 2910 810 2955 et
834 2901 924 2957 illa
956 2900 1082 2958 fecit
1111 2902 1410 2959 labruscas.
1443 2902 1785 2974 Exspectavi,
1812 2913 1871 2960 ut
1895 2903 1977 2959 sa-

403 3001 549 3047 ceret
572 2991 865 3064 justitiam,
891 3005 945 3050 et
982 3011 1109 3051 ecce
1146 2995 1354 3051 clamor
1394 2995 1692 3053 dicentium
1727 3013 1741 3050 τ
1774 2995 1975 3054 Cruci·
2002 3026 2045 3085 C

403 3085 534 3152 lige,
572 3084 827 3156 crucifige
870 3100 1016 3141 eum.
1065 3085 1198 3143 ltem
1238 3106 1251 3141 ε
1286 3087 1431 3145 Reus
1475 3098 1558 3145 est
1601 3089 1812 3145 mortis.
1847 3087 1977 3148 lnde

402 3176 743 3231 conturbatus
775 3195 917 3234 sum.

478 3265 641 3324 Vens.
670 3270 723 3325 t.
765 3270 807 3323 A
840 3287 959 3326 voce
985 3273 1192 3327 inimici
1232 3284 1421 3330 contra
1453 3289 1541 3329 me
1580 3276 1891 3343 clamantiS,
1922 3285 1979 3333 et

403 3360 517 3415 sola
546 3376 679 3417 voce
705 3378 800 3419 seu
833 3364 1017 3435 lingua
1053 3380 1141 3420 me
1170 3366 1557 3437 crucifigentis,
1580 3365 1794 3424 «ludaici
1823 3369 1975 3426 vide-

312 3524 319 3535 ·
404 3452 527 3507 licet
576 3454 778 3524 populi,
836 3463 885 3509 et
940 3473 972 3509 a
1025 3457 1365 3512 tribulatione
1415 3460 1705 3527 peccatoris
1758 3460 1976 3531 gentilis

403 3559 568 3599 tnanu
597 3561 694 3601 sua
728 3562 816 3600 me
844 3547 1167 3619 flagellantis
1206 3558 1260 3605 et
1292 3550 1679 3622 crucifigentis.
1712 3550 1975 3617 Quoniam

402 3635 788 3693 declinaverunt
814 3638 868 3692 in
888 3656 966 3694 me
988 3641 1315 3712 iniquitates,
1338 3644 1460 3698 etin
1482 3642 1566 3697 ira
1593 3642 1797 3697 molesti
1825 3654 1977 3699 erant

402 3726 554 3781 milti.
585 3725 703 3782 Non
728 3728 938 3785 suffecit
965 3730 1072 3787 illis
1096 3732 1343 3789 occidere
1368 3749 1474 3801 me,
1502 3734 1608 3791 nisi
1638 3745 1692 3792 et
1716 3751 1841 3792 cum
1870 3735 1975 3789 ini-

403 3818 527 3888 quis
567 3828 882 3889 reputarent
924 3836 1031 3877 me.
1059 3821 1194 3878 Nam
1232 3834 1515 3895 propterea
1546 3825 1600 3881 in
1631 3827 1810 3883 medio
1836 3827 1975 3884 duo-

404 3924 526 3964 rum
585 3910 856 3967 latt·onum
910 3916 1313 3985 suspenderunt
1360 3933 1447 3974 me
1493 3918 1549 3973 in
1599 3935 1763 3976 cruce
1812 3922 1973 3992 quasi

403 4000 830 4070 malefactorem,
860 4007 1017 4075 quasi
1048 4008 1316 4065 ambobus
1357 4009 1465 4067 illis
1514 4010 1717 4082 iniquis
1749 4013 1975 4084 nequio-

402 4111 540 4151 rem.
597 4093 714 4150 Non
767 4107 947 4152 tamen
1002 4098 1103 4153 suit
1138 4099 1398 4171 iniquitas
1436 4101 1491 4157 in
1531 4104 1783 4161 manibus
1814 4105 1971 4172 meiS,

403 4202 579 4257 neque
626 4186 832 4242 reddidi
870 4188 1295 4246 retribuentibus
1341 4190 1475 4246 mibi
1522 4194 1689 4258 mala,
1738 4194 1833 4249 sed
1873 4211 1972 4265 pro

400 4279 511 4336 illis
547 4281 697 4336 oravi
745 4282 932 4337 dicens
964 4297 978 4335 ε
1009 4300 1028 4333 ι
1062 4282 1240 4350 Pater,
1287 4282 1509 4355 ignosce
1550 4286 1676 4352 illis,
1722 4288 1972 4344 nesciunt

2085 1796 2244 1850 timor
2266 1806 2315 1850 et
2349 1803 2542 1849 tremor
2587 1795 2726 1850 venit
2755 1812 2911 1866 super
2945 1812 3042 1850 me.
3095 1795 3163 1850 Et
3197 1805 3549 1856 contexerunt
3595 1815 3673 1851 me

2085 1886 2327 1954 tenebrae,
2351 1886 2479 1941 dum
2519 1886 2783 1956 pendente
2821 1903 2908 1942 me
2935 1888 2990 1942 in
3035 1903 3197 1944 cruce
3225 1890 3294 1945 ab
3317 1891 3459 1944 bora
3489 1900 3670 1955 sexta,

2083 1992 2257 2048 usque
2304 1976 2373 2032 ad
2417 1976 2608 2032 horam
2658 1993 2857 2033 nonam
2908 1979 3022 2034 sole
3069 1979 3363 2036 obscurato
3427 1982 3671 2038 tenebra

2081 2066 2237 2124 sactae
2284 2078 2412 2123 sunt
2455 2084 2553 2139 per
2595 2070 2906 2126 universam
2947 2079 3145 2126 terram
3183 2071 3336 2144 (Luc.
3366 2088 3536 2140 xxnt,
3578 2074 3668 2141 u,

2081 2159 2194 2230 45).
2231 2157 2407 2214 Etiam
2453 2161 2512 2215 in
2556 2160 2660 2217 hoc
2703 2161 2926 2216 tenebroe
2975 2173 3312 2218 contexerunt
3359 2180 3446 2218 me
3472 2180 3669 2220 verum

2084 2249 2429 2319 Samsonem,
2469 2254 2616 2322 quod
2658 2253 2803 2308 oculi
2848 2256 2957 2309 mei
2996 2255 3366 2311 contenebrati
3399 2265 3540 2312 sunt
3575 2271 3670 2326 per

2080 2351 2311 2398 mortem
2341 2359 2449 2400 non
2477 2345 2820 2403 solummodo
2845 2347 3046 2414 visum,
3070 2348 3164 2403 sed
3191 2362 3386 2404 omnes
3416 2349 3668 2419 quinque

2079 2444 2274 2487 sensus
2301 2447 2452 2489 meos
2482 2434 2535 2488 in
2565 2449 2792 2505 corpore
2826 2435 2989 2490 simul
3014 2436 3479 2508 exstinguentem.

2150 2520 2313 2580 Vsus.
2343 2524 2395 2581 7.
2426 2524 2494 2581 Et
2513 2526 2629 2581 dixi
2648 2542 2668 2581 .·
2691 2525 2822 2593 Quis
2850 2528 3001 2583 dabit
3021 2529 3146 2584 milti
3170 2546 3368 2599 patrias
3403 2532 3553 2586 sicut
3578 2547 3665 2587 oe-

2077 2612 2290 2682 lumboe,
2317 2625 2368 2670 et
2408 2616 2614 2681 volabo,
2648 2626 2699 2672 et
2744 2616 3104 2689 requiescam?
3131 2619 3187 2674 ln
3219 2622 3482 2692 paradiso
3519 2623 3663 2679 seffl—

2078 2712 2184 2774 cet‚
2207 2722 2318 2778 quo
2345 2718 2397 2764 et
2422 2710 2662 2765 animam
2694 2709 2922 2768 latronis
2951 2711 3021 2767 ad
3048 2712 3510 2783 requiescendum
3540 2730 3662 2786 per·

2075 2794 2227 2851 duxi

2152 2883 2312 2942 Vens.
2344 2887 2397 2942 8.
2443 2887 2577 2944 Ecce
2609 2889 2848 2962 elonqavi
2889 2891 3123 2963 suqiens,
3151 2903 3202 2947 et
3239 2895 3418 2948 mansi
3448 2896 3509 2949 in
3537 2897 3659 2950 soli·

2078 2978 2278 3034 tudine.
2318 2979 2511 3036 Anima
2555 2997 2675 3039 mea
2716 2983 2830 3039 sola
2871 2985 2990 3041 sine
3034 3000 3263 3056 corpore
3308 2987 3362 3041 in
3395 2988 3663 3058 paradiso

2077 3084 2203 3125 cum
2247 3071 2379 3126 solis
2424 3071 2712 3130 animabus
2744 3075 2942 3142 beatis,
2984 3092 3048 3132 ac
3074 3091 3170 3147 per
3198 3092 3285 3133 me
3327 3078 3399 3134 de
3445 3080 3664 3135 inferno

2075 3160 2263 3216 tractis
2288 3161 2660 3231 requiescente
2686 3179 2750 3220 ac
2778 3165 3168 3222 sabbatizante.

2147 3251 2480 3323 Diapsalma.
2512 3254 2675 3313 Vsus.
2704 3258 2758 3312 9.
2785 3257 2876 3314 Sic
2895 3261 3259 3329 exspectabam
3292 3277 3440 3326 eum,
3466 3265 3568 3334 qui
3597 3264 3664 3319 de

2078 3353 2254 3402 morte
2301 3347 2574 3404 suscitans
2622 3364 2823 3420 corpus
2868 3367 3050 3407 meum
3100 3361 3155 3408 et
3198 3354 3368 3408 multa
3421 3371 3661 3427 corpora

2076 3446 2390 3494 sanctorum
2440 3438 2641 3495 salvum
2676 3457 2756 3496 nte
2788 3442 2911 3512 [ecit
2960 3461 2993 3496 a
3015 3443 3458 3514 pusillanimitate
3498 3450 3663 3517 spiri·

2077 3539 2181 3596 tus,
2211 3541 2260 3586 et
2289 3540 2610 3602 tempestate,
2631 3532 2757 3588 data
2780 3534 2910 3589 milti
2940 3537 3090 3591 omni
3114 3545 3376 3605 potestate
3404 3540 3463 3592 in
3491 3540 3660 3605 coelo,

2075 3633 2130 3676 et
2157 3622 2211 3677 in
2242 3631 2404 3678 terra.
2440 3621 2594 3679 Unde
2615 3624 2882 3694 judicium
2906 3625 3114 3697 justum
3142 3628 3433 3699 expostulo
3463 3631 3660 3686 adver-

2076 3730 2172 3770 sus
2199 3714 2451 3771 inimicos
2480 3731 2629 3772 meos
2656 3716 2844 3773 dicens
2869 3736 2881 3771 :

2148 3805 2312 3864 Vsus.
2341 3809 2428 3864 10.
2467 3808 2769 3880 Proecipita,
2822 3810 3045 3866 Domine
3081 3812 3137 3867 in
3186 3813 3298 3869 alto
3339 3814 3577 3884 positos,
3602 3825 3656 3869 ct

2073 3899 2248 3954 divide
2284 3898 2493 3972 linquas
2530 3918 2710 3956 eorum
2747 3903 2802 3957 in
2845 3904 2990 3959 malo
3027 3904 3228 3972 unitas,
3259 3908 3511 3975 quoniam
3547 3909 3656 3963 cidi

2074 3994 2441 4063 iniquitatem,
2485 4002 2535 4048 et
2584 3996 3049 4051 contradictionem
3092 3998 3147 4051 in
3195 3998 3425 4052 cicitate.
3477 4000 3656 4055 Antea

2076 4084 2328 4139 miseram
2360 4086 2654 4156 propbetas
2679 4086 2925 4158 aliosque
2954 4089 3174 4145 nuntios
3203 4104 3373 4145 meos.
3405 4086 3656 4147 Novissi-

2073 4196 2162 4235 me
2182 4181 2395 4238 dicente
2416 4182 2576 4238 Patre
2606 4198 2728 4240 meo
2757 4202 2771 4238 :
2803 4203 2823 4237 ι
2854 4182 3199 4242 Verebuntur
3220 4184 3426 4241 Filium
3464 4202 3653 4243 meum

2074 4272 2291 4344 (Matth.
2336 4290 2450 4342 xxi,
2505 4275 2621 4348 57),
2677 4295 2696 4328 ι
2723 4277 2848 4333 veni
2881 4292 3010 4348 ergo
3047 4278 3182 4348 ipse,
3210 4286 3377 4348 atque
3409 4293 3656 4350 praem

398 4373 566 4438 enim,
612 4373 740 4443 quid
789 4371 996 4429 faciunt
1043 4371 1193 4445 (Luc,
1240 4391 1397 4442 xxm,
1436 4377 1547 4449 54),
1579 4397 1599 4431 ,
1629 4378 1754 4435 flaec
1794 4383 1971 4437 oratio
2002 4373 2047 4431 1)
2073 4367 2180 4421 vidi
2211 4366 2544 4437 iniquitatem
2584 4377 2637 4422 et
2669 4369 3136 4425 contradictionem
3174 4371 3230 4424 itt
3278 4371 3497 4425 cit-itate
3541 4389 3654 4428 nott

401 4479 522 4519 ntea
569 4479 667 4535 pro
718 4465 825 4521 illis
872 4465 1134 4522 duntaxat
1164 4465 1285 4523 fusa
1322 4477 1424 4535 est,
1455 4468 1549 4540 qui
1579 4485 1674 4541 per
1715 4471 1972 4542 ignoran-

401 4551 531 4605 tiam
555 4562 915 4621 peccaverunt
938 4553 994 4609 in
1024 4569 1131 4620 me,
1160 4569 1270 4610 non
1301 4570 1400 4626 pro
1423 4556 1531 4611 illis
1560 4557 1718 4613 malis
1740 4557 1970 4624 coloniS,

400 4643 495 4714 qui
536 4659 622 4699 me
669 4655 1059 4716 cognoscentes
1102 4646 1368 4704 haeredem
1417 4647 1771 4719 projecerunt
1817 4657 1971 4706 extra

400 4735 636 4800 tineam,
667 4736 761 4805 qui
794 4752 901 4790 non
936 4736 1160 4794 suerunt
1191 4737 1360 4810 digni,
1398 4747 1457 4793 ut
1486 4740 1755 4797 ullatenus
1779 4755 1973 4797 eonse-

399 4835 695 4896 qucrentur
724 4825 958 4890 veniam,
987 4829 1236 4896 quoniam
1264 4829 1653 4885 declinaverunt
1680 4832 1735 4884 in
1762 4847 1841 4885 me
1868 4831 1972 4885 ini-

399 4934 431 4987 q
453 4919 648 4979 <itate-t,
685 4931 792 4972 non
826 4933 921 4988 per
950 4918 1345 4989 ignorantium
1376 4921 1469 4976 sed
1494 4923 1716 4977 mentita
1745 4931 1827 4976 est
1860 4920 1968 4975 ini-

398 5010 580 5079 quitas
625 5010 727 5066 sibi
765 5026 888 5066 cum
919 5011 1202 5078 dicerent,'
1230 5014 1372 5081 quod
1398 5029 1499 5085 ego
1547 5015 1602 5070 in
1644 5014 1967 5071 Beelzebuth

398 5100 648 5168 ejicerem
684 5100 974 5169 daemonia,
1016 5102 1270 5173 quodque
1314 5102 1641 5160 daemonium
1689 5104 1966 5162 baberent.

400 5188 476 5246 lta
522 5193 768 5248 studioso
800 5202 854 5250 et
902 5193 1235 5250 industrioso
1273 5193 1554 5250 mendacio
1579 5196 1968 5252 declinaverunt

400 5283 455 5337 in
481 5300 562 5338 me
590 5286 915 5356 iniquitates,
944 5296 994 5341 et
1032 5291 1088 5342 in
1127 5288 1209 5341 ira
1243 5287 1448 5342 molesti
1473 5297 1624 5342 erant
1653 5289 1800 5344 mibi.
1841 5289 1968 5346 Sola

400 5373 601 5445 quippe
627 5377 706 5432 ira
738 5378 1006 5435 malitiosa
1041 5380 1149 5436 illis
1175 5379 1273 5435 suit
1299 5394 1489 5444 causa,
1513 5392 1613 5449 pro
1636 5395 1742 5449 qua
1773 5381 1826 5435 in
1860 5381 1969 5437 ira-

399 5467 596 5520 cundia
627 5476 783 5524 terrae
806 5470 1086 5541 loquentes
1111 5473 1463 5528 molestarent
1485 5486 1589 5526 me.
1616 5469 1825 5537 Quibus
1849 5489 1969 5528 mo-

398 5555 718 5615 testantibus

473 5644 634 5703 Vens.
668 5651 700 5705 5
728 5663 780 5707 et
810 5655 863 5708 6.
909 5656 1012 5710 Cor
1049 5673 1213 5713 meunt
1258 5658 1622 5713 conturbatum
1665 5669 1737 5714 est
1778 5660 1829 5713 in
1864 5676 1961 5728 me,

2072 4460 2138 4514 ad
2166 4458 2376 4526 horam,
2405 4459 2502 4517 sed

2144 4546 2309 4604 Vens.
2338 4549 2395 4604 11
2429 4558 2484 4605 et
2510 4548 2597 4605 12.
2633 4548 2735 4604 Die
2755 4566 2818 4605 ac
2844 4561 3012 4619 nocte,
3039 4551 3092 4606 id
3116 4561 3198 4609 est
3224 4554 3376 4610 omni
3405 4563 3655 4625 tempore

2072 4641 2416 4696 circumdabit
2441 4659 2559 4696 eam
2578 4658 2734 4713 super
2768 4660 2943 4699 muros
2971 4643 3088 4714 ejus
3117 4645 3392 4716 iniquitas,
3420 4654 3474 4700 et
3498 4646 3653 4712 labor

2070 4733 2127 4787 in
2155 4734 2322 4788 medio
2347 4732 2482 4803 ejus,
2513 4745 2561 4789 et
2590 4734 2874 4805 injustitia,
2897 4737 3156 4805 quoniam
3187 4735 3389 4792 occidit
3410 4737 3653 4811 propbe-

2071 4834 2155 4881 tas
2191 4834 2243 4892 et
2269 4824 2471 4895 lapidat
2493 4841 2609 4892 eos,
2640 4826 2733 4897 qni
2762 4826 2829 4881 ad
2856 4842 2915 4883 se
2943 4828 3098 4884 missi
3126 4835 3274 4883 sunt.
3299 4826 3578 4899 Iniquitas
3599 4836 3654 4885 ei

2070 4918 2221 4971 tabor
2253 4916 2309 4972 in
2355 4918 2525 4973 medio
2557 4918 2693 4989 ejus,
2737 4918 3021 4989 quoniam,
3071 4926 3132 4974 ut
3168 4919 3355 4991 inique
3397 4929 3649 4991 agere-t,

2071 5008 2353 5063 mendacia
2387 5007 2703 5065 fabricando
2729 5009 3133 5074 laboraverunt,
3170 5009 3300 5080 quia
3323 5010 3420 5080 qui
3449 5012 3654 5066 menti-

2071 5110 2181 5169 tur,
2213 5103 2442 5159 laborat.
2475 5102 2575 5159 Ubi
2611 5112 2793 5159 autem
2834 5113 2892 5159 et
2919 5103 2972 5158 in
3009 5103 3263 5170 circuitu,
3286 5112 3340 5159 et
3377 5103 3437 5158 in
3466 5106 3653 5160 medio

2071 5196 2306 5252 civitatis
2343 5196 2583 5252 abundat
2609 5194 2890 5266 iniquitaS,
2923 5198 3050 5267 quis
3078 5196 3326 5253 ibilocus
3355 5208 3448 5251 est
3473 5196 3654 5266 justi-

2072 5290 2178 5354 tiae,
2209 5287 2427 5358 quando
2471 5294 2526 5342 et
2571 5287 2843 5357 principes
2887 5289 3046 5359 quasi
3091 5304 3274 5343 murus
3318 5286 3376 5342 in
3408 5288 3652 5345 circuitu

2070 5378 2327 5448 populum
2356 5378 2723 5446 defendentes,
2767 5389 2822 5437 et
2863 5382 3096 5452 populus
3137 5382 3191 5437 in
3235 5379 3413 5437 medio
3447 5393 3651 5438 eorum

2071 5471 2235 5527 simul
2281 5486 2472 5528 omnes
2518 5473 2901 5529 machinantur
2956 5473 3317 5544 injustitiam?
3361 5466 3653 5558 '’ff-{⁸⁰⁶

2070 5572 2250 5619 autem
2278 5565 2495 5620 student
2531 5564 2773 5621 ataritiae
2810 5574 2922 5622 tam
2950 5566 3242 5638 principos,
3265 5577 3654 5640 quanm·

2070 5657 2158 5714 lus
2195 5658 2428 5715 civitatis
2465 5659 2650 5729 buius,
2688 5660 2816 5731 quia
2859 5674 2959 5715 non
2985 5659 3173 5730 defecit
3204 5659 3266 5714 de
3296 5656 3500 5733 ptam
3528 5655 3654 5729 eju
