3817 6000
120 254 174 316 nn
693 238 1016 307 eremmanos...
1032 243 1097 305 ere
1117 241 1175 303 nr.
1680 196 1683 202 ’
1706 247 1761 307 na

118 364 276 442 ansulam,
302 368 549 445 respiciantquese
566 378 662 424 nrutoo
684 367 771 425 tersis
798 365 955 426 uultibusd
1225 361 1308 435 624
1326 355 1441 419 catur
1461 360 1503 419 lll.

119 467 149 523 ln
171 463 405 539 propitiatorium.
430 461 502 530 Quid
526 459 600 517 enlm
611 472 660 531 per
683 456 916 530 propitiatorium,
1264 471 1297 511 os
1317 470 1461 510 runnunro.

117 557 175 615 nisi
193 557 252 629 ipse
273 555 409 613 mediator
440 552 489 611 liei
508 561 537 609 ct
558 550 701 608 homiuum
725 550 861 623 signatur,
883 548 918 606 de
969 546 1004 603 ln
1017 545 1158 617 Scriptum
1173 564 1252 603 sacra
1276 550 1388 602 ternarii
1411 550 1525 613 narrum,
1546 549 1691 619 aliqnando
1706 558 1760 607 trea

116 664 236 723 tue
249 644 479 705 turrium
497 663 505 700 =
522 643 755 715 tremisce
773 640 917 712 rure
1002 618 1759 761 uu‘iiiistriisstetissetis,transtu

116 732 430 813 iiflmfmmimftd‘m
446 735 612 808 ‘mmm‘
623 735 700 807 edm?
713 733 801 804 (nm
814 730 916 805 111123)
1004 760 1057 814 triu
1074 760 1175 829 percuti
1188 776 1293 830 genero,
1310 762 1470 831 operationis
1489 761 1627 828 uidelicet,
1641 759 1758 815 iocatio-

116 834 191 902 Quid
204 849 271 890 tero
289 844 339 905 pet·
358 832 430 888 dnus
448 828 652 900 adornatarum
670 820 917 899 plenitudoseien·
1003 830 1060 893 nis,
1088 838 1114 885 ct
1151 832 1321 901 cogitationis
1345 847 1355 885 .·
1376 832 1588 903 aliquundotriu
1605 832 1668 887 ot'toe
1687 844 1759 903 prn-

116 928 163 983 tiae
174 925 316 993 dicuntur,
335 922 390 980 nisi
403 931 520 994 utraque
535 926 698 977 testamenta
715 915 916 989 signatusunti
1002 901 1084 956 iiiiii
1101 912 1218 972 “iiiiii
1231 902 1413 973 millimihi·

115 1016 157 1074 En
177 1018 282 1091 quihus
303 1031 377 1073 unus
390 1015 424 1070 ad
441 1013 628 1072 summitatem
652 1025 735 1066 unam
754 1007 916 1081 propitiato·
1002 1013 1076 1086 (tto)
1089 1012 1215 1072 Ternarii
1227 1014 1339 1071 nomine
1350 1023 1407 1073 tres
1425 1013 1559 1087 speciales
1572 1014 1689 1073 virtutes
1707 1014 1759 1076 do·

115 1109 162 1176 m,
179 1109 251 1164 titur
270 1122 336 1163 reru
356 1105 391 1162 uti
416 1103 602 1162 summitatem
629 1102 745 1159 ulturum
764 1106 829 1167 utut
849 1098 914 1171 uuit
965 1105 1119 1177 signantur,
1131 1106 1442 1165 ntcnnuntnnurnnnn:
1464 1106 1643 1165 unissima·
1657 1116 1758 1180 monn

114 1202 190 1274 quod
200 1199 406 1257 Testamentum
417 1197 501 1255 Vetus
517 1198 552 1254 de
566 1191 850 1253 laeamationenostri
861 1190 915 1247 lie·
964 1198 1027 1269 filii,
1045 1208 1070 1255 et
1082 1210 1135 1256 tres
1152 1200 1219 1270 glire
1241 1197 1303 1272 (lai
1316 1217 1335 1268 ι,
1353 1200 1393 1271 2).
1421 1199 1531 1272 Septem
1552 1200 1654 1273 quippe
1675 1200 1758 1259 nobis

112 1289 360 1363 denrpturiseoepit
370 1288 559 1360 prophetando
574 1285 743 1358 promittere,
757 1284 809 1340 hoc
818 1282 914 1339 Testa·
964 1289 1012 1346 filii
1029 1301 1190 1356 nuscuntur.
1214 1307 1278 1348 cum
1293 1307 1342 1362 per
1356 1294 1564 1364 conceptionem
1586 1293 1667 1349 honae
1680 1292 1757 1366 cogi·

112 1394 240 1442 mutum
262 1380 371 1438 Nurum
393 1379 511 1453 perlecto
538 1386 653 1435 narrant
673 1377 822 1449 expletum.
852 1371 913 1430 ⁰¹¹⁰
963 1382 1076 1439 tationis
1099 1384 1188 1441 saneti
1215 1383 1336 1454 Spiritus
1351 1385 1379 1438 in
1403 1385 1485 1441 nohis
1507 1394 1613 1456 septem
1638 1385 1756 1442 uirtutes

113 1484 210 1532 {ulem
233 1472 379 1532 cherubim
401 1489 436 1530 ex
452 1486 522 1528 111110
544 1469 728 1528 mundissimo
746 1467 811 1524 facil
835 1475 911 1533 sont,
963 1476 1099 1531 oriuntur,
1117 1473 1193 1531 Hanc
1214 1476 1484 1546 namqugintgrngm
1506 1477 1612 1547 prolem
1625 1475 1755 1532 dinamu-

111 1570 180 1641 quia
203 1558 519 1638 utrauneTestamentu,
540 1580 610 1635 paru
640 1577 673 1619 ae
697 1560 815 1632 simplici
838 1562 912 1617 uerit
962 1577 1015 1634 rat,
1041 1583 1104 1624 cum
1121 1567 1241 1638 Spiritus
1267 1577 1386 1624 mentem
1410 1569 1540 1625 secundat
1565 1569 1683 1625 dicens:
1704 1563 1754 1623 lit·

112 1660 171 1716 late
194 1659 398 1717 describuntur.
434 1655 598 1729 Expanduut
630 1666 696 1710 tero
721 1653 779 1710 alas
798 1661 827 1709 et
845 1669 909 1710 ora·
961 1659 1240 1729 quiescetanpcremn
1256 1657 1367 1728 spiritus
1389 1656 1509 1722 Domini,
1526 1658 1636 1729 spiritua
1646 1656 1752 1726 supien-

111 1751 208 1808 culum
234 1749 371 1822 operiunt,
398 1748 463 1822 quia
490 1761 542 1804 uos
568 1746 615 1819 qui
641 1745 837 1817 omnipotentis
862 1743 910 1800 lici
925 1716 947 1772 B
962 1751 1006 1806 tia
1029 1759 1054 1804 et
1081 1748 1243 1813 intellectus,
1259 1750 1372 1819 spiritur
1398 1749 1503 1805 aurisilii
1520 1757 1545 1805 et
1570 1748 1750 1820 fortitudinia,

111 1843 379 1911 montanianus,
402 1858 418 1900 a
434 1842 522 1914 culpis
542 1840 749 1898 imminentibus
761 1837 910 1911 Scriptura
959 1841 1200 1913 apintnrmiemioe
1215 1842 1374 1913 aspiciatis,
1389 1850 1414 1897 ct
1430 1842 1540 1914 replebit
1558 1858 1620 1899 eum
1641 1841 1754 1913 spiritua

110 1950 202 1993 merae
220 1935 337 1993 edificio
359 1935 538 2009 protegimur.
568 1928 743 2005 Cuiusdam
760 1933 909 1990 sententias
960 1935 1065 1992 timoris
1096 1933 1204 1990 Domini
1234 1932 1311 2007 (lio.
1343 1950 1389 2003 ar,
1418 1935 1466 2006 Ξ).
1499 1935 1569 1992 Cum
1606 1950 1673 2008 ergo
1704 1949 1753 2007 per

110 2027 232 2085 sollicite
247 2028 407 2099 aspicimus,
426 2027 567 2084 aberrare
588 2025 750 2098 ignorantie
769 2025 821 2083 alis
835 2026 910 2082 rela-
959 2026 1106 2084 adrentum
1114 2023 1234 2097 Spiritus
1248 2025 1336 2082 sancti
1351 2026 1497 2097 sapientia,
1509 2026 1674 2095 intellectus,
1685 2040 1754 2083 eoa-

110 2128 186 2176 mur.
200 2118 334 2176 ὓιιοιειο
349 2118 490 2176 cherubim
505 2133 536 2175 se
550 2126 647 2174 mutuo
659 2117 909 2190 respiciuntuersis
959 2121 1063 2187 silium,
1076 2120 1220 2187 lentitudo,
1245 2119 1371 2184 scientia,
1394 2119 1481 2190 pietas
1495 2134 1528 2176 ac
1541 2118 1624 2176 timor
1644 2117 1752 2175 liominl

108 2209 195 2282 823
207 2209 330 2266 nrrltihus
351 2209 379 2265 in
393 2207 626 2281 propitiatorium,
650 2208 716 2280 quia
737 2216 855 2281 utraque
868 2216 908 2264 te-
959 2212 987 2268 ia
1002 2212 1254 2283 auimounieuique
1275 2220 1401 2268 nostrum
1425 2211 1557 2283 gignitur,
1575 2211 1655 2282 quasi
1670 2224 1752 2267 man·

109 2310 248 2358 ttamenta
260 2301 288 2357 in
303 2300 378 2357 nullo
397 2314 412 2357 a
430 2317 460 2358 se
473 2300 650 2373 discrepant,
665 2308 693 2357 et
710 2300 790 2372 quusi
810 2300 844 2358 ad
864 2315 908 2358 so·
958 2321 1023 2363 sora
1034 2305 1181 2378 posteritas
1197 2305 1225 2359 in
1245 2312 1335 2358 mente
1346 2312 1534 2374 propagatur,
1550 2318 1613 2374 qoae
1625 2316 1752 2374 supernae

108 2394 229 2465 metipso
246 2394 368 2451 rieissim
398 2393 496 2450 taciem
522 2401 625 2460 teuent,
654 2394 719 2466 quia
738 2392 804 2448 dum
828 2392 903 2464 quod
957 2403 1060 2453 nostrae
1076 2395 1228 2452 nobilitatis
1254 2409 1341 2465 genus
1363 2410 1397 2449 eo
1413 2395 1447 2450 ad
1469 2393 1552 2449 uitam
1570 2394 1750 2466 lorrgiusser·

108 2498 199 2540 ununr
219 2485 366 2556 promittit,
385 2484 439 2541 hoc
453 2485 527 2540 aliud
556 2483 677 2552 exhibet,
702 2482 769 2538 dom
795 2482 907 2539 intense
957 2499 1013 2557 rat,
1029 2505 1085 2562 qao
1111 2491 1199 2546 amori
1221 2491 1383 2547 amenitatis
1397 2491 1495 2547 sociat.
1520 2490 1574 2548 Sed
1592 2490 1694 2547 hahent
1716 2488 1746 2546 in

106 2575 232 2646 positum
246 2574 423 2632 mediatorem
438 2572 485 2631 Dei
497 2584 525 2631 et
538 2573 682 2630 homiuum
698 2572 800 2629 uideni·
957 2582 1039 2639 nohis
1051 2592 1154 2654 septem
1167 2583 1227 2648 lilii,
1246 2592 1302 2640 tres
1314 2599 1425 2641 sorores
1442 2597 1519 2650 suas,
1536 2583 1601 2654 quia
1616 2583 1749 2640 nimirum

147 2665 228 2738 liiii
243 2663 804 2737 rnnrcsanpnnnnneutnsinnnennmn
827 2676 907 2719 tutr-
957 2673 1091 2746 anunnru
1106 2676 1186 2731 itinn
1210 2675 1238 2731 m
1261 2675 1393 2731 ninnium
1410 2690 1508 2731 sensns
1531 2672 1646 2742 nomn,
1674 2672 1748 2741 uter,

107 2764 210 2823 iiii-⁵¹1²»
242 2755 267 2813 δί
293 2756 365 2828 (111οΰ
396 2771 482 2812 '¹¹⁸⁰'ss
508 2764 703 2812 ‘iminium
724 2754 905 2826 Ρΐθωῑῑῑθῐθῑι
957 2767 1014 2838 spei
1028 2766 1213 2838 charitatique
1233 2767 1415 2840 conjungunt.
1434 2765 1528 2838 Neque
1550 2767 1623 2823 enim
1650 2764 1748 2837 adde·

106 2845 185 2902 'liud
202 2856 325 2919 mutasti·
361 2846 414 2904 acu
433 2848 500 2903 uum
515 2846 688 2903 0⁰¹¹i⁰idi¹⁰i
704 2846 739 2903 (1⁰
754 2846 906 2903 mediatore
957 2858 1026 2915 narii
1048 2858 1243 2930 perfectionem
1257 2867 1360 2929 septem
1385 2858 1432 2913 lilii
1448 2858 1634 2930 peruenirent,
1650 2856 1704 2913 nisi
1718 2857 1748 2913 in

108 2936 156 2994 ⁰05
171 2948 200 2995 0²
214 2938 356 2995 himinum
374 2939 535 3011 ¹⁰il¹¹¹¹¹iiii¹i
561 2946 591 2993 ¹¹²
611 2937 733 2994 iiiiiiffffl
760 2952 791 2995 ⁸0
815 2938 904 3010 respi·
955 2965 1015 3021 spe,
1029 2950 1082 3007 ude
1096 2960 1124 3008 et
1139 2948 1275 3008 charitate
1296 2950 1381 3007 luerit
1393 2964 1476 3006 omne
1490 2948 1564 3020 quod
1579 2957 1674 3022 agunt.

107 3031 198 3099 aaut,
212 3031 240 3087 in
258 3032 478 3104 lii⁰liiiiii⁰i¹¹¹¹¹i
493 3031 647 3088 intendunt.
671 3030 741 3100 Quia
762 3030 836 3088 euim
852 3028 941 3116 'Te-c
992 3040 1117 3098 Ternarii
1134 3044 1246 3099 nornine
1260 3043 1327 3098 lides
1342 3051 1446 3099 sanctae
1460 3037 1606 3099 Trinitatis
1621 3042 1748 3115 designa-

106 3129 278 3178 stamentnm
289 3120 374 3180 Tetus
387 3123 550 3195 designauit,
565 3122 618 3179 hoc
632 3121 838 3180 Testamentum
849 3121 904 3179 Na·
955 3139 1010 3198 rur,
1023 3132 1151 3202 sieutper
1166 3130 1337 3189 Ezechielem
1352 3133 1513 3203 prophetam
1529 3131 1628 3188 dieitur
1644 3131 1748 3205 :025

105 3225 174 3270 *⁰¹¹¹
197 3214 333 3272 ssffiblffl·
359 3210 396 3273 Ui
414 3217 488 3272 illim
519 3230 605 3287 1¹⁸⁰&i
629 3216 663 3273 (Ῐθ
688 3216 903 3289 multistoqnur,
954 3224 1311 3282 connaturationem
1337 3226 1494 3282 orientalem
1509 3236 1593 3296 portus
1608 3227 1746 3294 trcadinc,

106 3304 176 3378 uuiti
194 3315 239 3363 ert
253 3307 328 3379 uuuti
356 3307 443 3363 rann
467 3307 637 3376 dormiente,
670 3307 725 3363 litt
743 3307 904 3380 producitur
953 3328 979 3374 u
1003 3329 1056 3375 nn
1073 3319 1135 3374 inne
1160 3317 1268 3390 (enin.
1285 3321 1340 3391 nni.
1367 3319 1444 3391 (aar)
1471 3318 1521 3375 uin
1543 3320 1645 3376 eonon
1668 3318 1747 3377 notu

106 3398 187 3471 (stii-
206 3399 399 3473 ”humilii0d
405 3400 786 3471 morientecnrtstoticcicsin
800 3400 904 3458 stimi!-
953 3409 1013 3482 ipse
1025 3417 1067 3467 etl
1081 3410 1130 3482 qui
1142 3410 1213 3467 dixit
1227 3428 1235 3466 ι
1247 3410 1305 3484 Ego
1318 3426 1378 3466 aunt
1392 3412 1446 3478 oia,
1457 3411 1590 3467 retituet
1603 3410 1668 3467 nita.
1686 3408 1748 3483 lpse

106 3493 168 3551 turi
179 3493 252 3563 Quid
262 3503 306 3552 est
317 3494 473 3567 quodlsaae
484 3495 517 3552 nd
529 3495 728 3552 immolandum
742 3494 865 3563 docitur,
876 3502 905 3551 et
952 3504 1086 3560 utinmotu
1099 3513 1142 3560 ens
1153 3504 1295 3561 orientatis
1306 3504 1403 3576 dequo
1413 3504 1546 3576 nprtprunn
1561 3512 1619 3562 egr:
1632 3502 1747 3560 Ecum

106 3586 183 3657 istu
197 3596 299 3659 nortun
316 3603 371 3644 uu
388 3587 585 3659 superponitur
606 3595 634 3643 ut
648 3584 806 3643 ritittuiui
829 3583 903 3657 uuui
955 3594 1051 3652 onena
1064 3596 1393 3667 nominenominee).
1407 3594 1745 3667 urnnnnanrnnnnua

106 3669 277 3748 Memphi
287 3678 425 3766 Milesii*
437 3676 593 3749 passionem
606 3675 717 3744 doctus,
731 3675 835 3747 lignum
851 3674 904 3731 sihi
953 3685 1076 3742 Ecclesia
1091 3684 1478 3743 irumcntiarnoreiiominum
1490 3686 1584 3743 ridere
1597 3685 1746 3754 sciuntei·

106 3769 200 3827 “titii
211 3769 270 3841 ipse
281 3771 412 3841 militiis
425 3770 488 3828 eiiii
499 3769 638 3828 sacrificio
649 3784 699 3842 pro
709 3769 791 3826 flubii
804 3784 838 3825 tii
852 3770 905 3825 h·-
952 3793 1008 3849 que
1018 3777 1075 3849 jam
1088 3791 1138 3848 per
1154 3777 1322 3834 desiderium
1342 3777 1548 3852 conjurnguntur
1561 3776 1675 3834 thalami
1694 3790 1745 3832 no·

106 3864 241 3920 munitate
258 3869 301 3921 ost
314 3871 452 3932 mortuus,
473 3871 503 3936 ut
516 3871 609 3920 nmen
624 3861 792 3920 immortalis
807 3876 904 3918 mane·
951 3876 1062 3924 canitur.
1078 3867 1132 3922 Sed
1150 3866 1271 3938 quidest
1288 3865 1361 3937 quod
1374 3864 1477 3921 dieitur
1492 3874 1549 3921 tres
1558 3864 1634 3933 hinc,
1651 3873 1746 3921 attrea

106 3963 194 4012 roten
210 3954 364 4012 diuinitate.
952 3960 1027 4017 inde.
1040 3958 1167 4016 Thalami
1191 3958 1292 4031 qnippe
1304 3957 1383 4029 juata
1399 3956 1470 4012 riam
1488 3956 1650 4014 orientalem
1680 3964 1746 4012 sunt

140 4046 221 4119 (835)
234 4045 307 4115 Quid
324 4055 367 4104 est
385 4045 459 4118 quod
478 4044 614 4103 homicida
627 4055 815 4118 postmortem
827 4064 904 4107 sum·
952 4051 1036 4110 eorda
1053 4050 1188 4108 terrentia
1200 4050 1227 4106 in
1241 4064 1337 4107 amore
1348 4047 1407 4105 liei.
1419 4047 1453 4104 Et
1463 4048 1522 4105 sire
1534 4046 1579 4116 lri,
1593 4047 1642 4120 qm
1665 4045 1745 4104 electi

104 4138 146 4196 mi
161 4137 304 4212 poutihcis
325 4138 470 4195 absolutos
496 4136 532 4193 ad
548 4145 648 4193 terram
662 4138 802 4209 propriam
822 4139 902 4209 redit,
952 4143 1064 4200 iuemnt
1077 4143 1105 4199 in
1116 4140 1207 4199 Veteri
1221 4140 1408 4209 Testamenta,
1431 4141 1490 4197 sire
1502 4140 1530 4196 lri
1545 4141 1593 4213 gui
1607 4140 1635 4195 ia
1649 4137 1745 4196 Teuta·

105 4229 514 4303 uisiqnodhumannmgenus
528 4227 603 4300 guod
629 4229 770 4300 peccando
792 4231 905 4288 sibimet
952 4244 1047 4293 mento
1064 4233 1143 4294 Nouo
1161 4235 1248 4293 secuti
1272 4242 1357 4303 sont,
1386 4233 1517 4290 nimirum
1541 4239 1650 4290 constat
1678 4231 1744 4303 qaia

105 4317 160 4397 ipsi
177 4333 297 4381 mortem
322 4324 425 4393 intulit,
451 4331 515 4395 post
537 4332 653 4380 mortem
667 4324 726 4380 reri
739 4326 901 4394 sacerdotis,
952 4344 1050 4385 ornnes
1075 4344 1109 4385 ex
1133 4344 1228 4385 amore
1251 4327 1359 4385 accensi
1383 4335 1458 4384 sunt.
1486 4321 1663 4396 Nequeeoim
1680 4337 1745 4381 uero

105 4418 235 4477 uidelicet
255 4417 447 4490 Redemptoris
474 4416 561 4475 nostri
587 4425 766 4489 peccatorum
787 4434 900 4477 suorum
916 4411 1101 4480 Diiominum
1126 4423 1294 4496 diligerent,
1321 4422 1345 4479 si
1368 4420 1490 4493 ejursdem
1520 4417 1662 4476 Trinitatis
1682 4432 1745 4490 qua

104 4511 226 4569 uacuus
255 4511 389 4580 solvitur,
410 4520 438 4567 et
459 4510 486 4566 iu
499 4508 620 4582 paradisi
637 4510 812 4581 possessione
822 4527 902 4583 repa-
951 4514 1025 4571 lieus
1034 4524 1087 4584 est,
1102 4514 1218 4587 gratiam
1227 4529 1283 4571 non
1297 4513 1479 4584 accepissent.
1493 4510 1570 4583 (858)
1580 4509 1744 4567 lantoniam

105 4601 202 4662 ratur?
222 4603 296 4660 Bene
310 4614 377 4675 ergo
391 4602 448 4659 duo
470 4600 614 4659 cherubim
638 4617 668 4660 se
693 4610 791 4660 mutuo
814 4602 903 4673 respi-
950 4623 1018 4680 ergo
1031 4608 1191 4665 orientalem
1213 4616 1271 4665 tres
1286 4606 1363 4669 ltine.
1389 4614 1418 4662 et
1431 4614 1489 4661 tres
1505 4604 1644 4660 indesunt
1657 4602 1744 4658 thala·

105 4695 185 4752 cinon
208 4694 297 4750 uersis
309 4692 433 4749 cultibus
446 4692 475 4748 in
490 4691 805 4766 proprietatumque
829 4694 903 4752 sieut
952 4700 1001 4768 mi,
1029 4699 1094 4771 quia
1107 4699 1174 4756 durn
1190 4700 1261 4755 inter
1273 4707 1377 4755 ueteres
1387 4706 1416 4754 et
1429 4710 1517 4753 noros
1538 4693 1636 4751 Patres
1646 4692 1744 4751 Domi·

105 4787 161 4860 titii
186 4784 331 4854 diximus,
354 4784 429 4857 quod
441 4783 650 4842 Testamentum
670 4783 902 4858 tetuspromists,
952 4809 1006 4850 nus
1020 4791 1160 4850 incarnari
1181 4789 1375 4863 dignatusest,
1394 4787 1475 4861 quasi
1497 4786 1526 4842 in
1553 4784 1643 4842 medio
1657 4784 1744 4842 thala·

104 4879 159 4937 hoc
169 4877 379 4935 Testamentum
392 4874 501 4933 lionam
523 4876 668 4947 exhihuit;
693 4885 722 4934 et
735 4877 811 4950 quod
834 4876 902 4933 illud
952 4896 1062 4939 morum
1086 4882 1130 4936 ria
1142 4880 1286 4937 orientalis
1298 4878 1434 4951 apparuit,
1446 4877 1495 4950 qui
1511 4876 1626 4933 thalami
1648 4875 1682 4933 ad
1696 4890 1742 4933 ue·

103 4971 215 5030 ooculte
225 4970 382 5037 annuntiat,
400 4969 454 5027 hoc
472 4968 547 5026 istud
558 4970 711 5028 exhibitum
727 4980 820 5042 aperte
843 4971 903 5029 ela·
953 4992 1012 5033 ram
1026 4974 1144 5048 speciem
1159 4989 1192 5030 ea
1206 4969 1349 5028 Trinitatis
1363 4978 1429 5029 sunt
1441 4969 1599 5042 cognitione
1609 4968 1741 5026 decorati.

104 5071 173 5122 mat.
186 5059 335 5135 Prophetis
348 5063 433 5136 igitur
442 5060 614 5121 Testamenti
626 5062 694 5120 llari
705 5073 748 5122 est
755 5063 840 5121 Vetus
850 5064 903 5120 Te·
953 5068 1001 5124 Sin
1019 5081 1085 5124 vero
1101 5066 1136 5123 ad
1158 5066 1275 5121 uirtutes
1291 5065 1439 5121 electorum
1455 5061 1582 5119 eumdem
1598 5075 1742 5117 numerum

103 5165 288 5224 atamernurn,
302 5163 330 5212 ot
343 5155 481 5228 expositio
498 5153 666 5213 Testamenti
680 5155 786 5216 Veteris
798 5157 903 5216 esilia-
953 5158 1117 5227 referamus,
1143 5165 1199 5215 tres
1221 5165 1286 5212 suun
1306 5156 1432 5223 virtutes,
1453 5155 1514 5212 sine
1533 5152 1636 5225 quihus
1659 5151 1742 5222 isqui

104 5265 172 5308 snm
185 5246 405 5308 Testamentum.
951 5250 1060 5322 operari
1069 5249 1126 5321 jam
1137 5248 1218 5316 ualet,
1231 5248 1331 5306 mirari
1346 5262 1401 5305 non
1417 5253 1517 5316 potest,
1528 5241 1742 5313 uidelicetfldes,

140 5429 221 5502 (831)
236 5423 300 5486 tina
316 5428 477 5501 praecedant
488 5427 640 5557 stffedora.
987 5423 1064 5567 ἓξὲξ)
1079 5422 1119 5479 Ex
1138 5424 1186 5480 lib.
1199 5440 1206 5479 ι
1221 5424 1319 5490 intuo,
1330 5437 1356 5480 e.
1367 5437 1418 5493 an,
1430 5422 1476 5480 tt.

142 5501 222 5572 (835)
237 5498 301 5557 liae
323 5510 389 5556 sunt
411 5500 485 5571 apud
534 5515 623 5571 regor.
653 5507 717 5555 ante
737 5498 797 5555 haee
817 5499 902 5555 rerba
1079 5492 1249 5551 lieternario
1263 5495 1398 5550 Clisthou.
1419 5500 1448 5549 et
1479 5490 1644 5548 Gulllelrona
1659 5487 1744 5547 ritas

105 5569 197 5628 Erech
213 5585 220 5625 τ
234 5585 282 5642 per
297 5578 513 5642 quatuorpartes
525 5586 623 5625 eurum
639 5570 725 5625 ibant.
740 5567 778 5624 lic
794 5568 901 5625 binario
951 5565 1106 5637 albaripa,
1126 5579 1179 5621 ms.
1203 5563 1232 5619 iu
1258 5562 1388 5620 Biblioth.
1413 5562 1503 5619 Victo.
1529 5561 1664 5619 nonnulla
1684 5569 1745 5618 trtt·

106 5642 169 5708 ,ide
181 5640 238 5697 alia
251 5641 306 5697 e!
320 5657 404 5712 sopra
419 5640 493 5723 citati
505 5639 901 5723 operisClietotei,ethdrian.
951 5637 1030 5692 dunt.
1271 5704 1277 5715 Ι
1510 5701 1517 5714 .
1539 5699 1570 5715 ..

106 5709 232 5781 Turneh.
247 5711 275 5767 ln
286 5726 376 5783 poem.
389 5710 423 5768 de
441 5710 560 5767 Brnnno.
992 5704 1068 5778 (818)
1081 5702 1123 5762 En
1132 5703 1209 5761 hom.
1226 5700 1423 5808 lucullaeum,
1437 5709 1631 5774 pertruuntur.
