<?xml version="1.0" encoding="UTF-8"?>
<!DOCTYPE html PUBLIC "-//W3C//DTD XHTML 1.0 Transitional//EN"
    "http://www.w3.org/TR/xhtml1/DTD/xhtml1-transitional.dtd">
<html xmlns="http://www.w3.org/1999/xhtml" xml:lang="en" lang="en">
 <head>
  <title>
</title>
<meta http-equiv="Content-Type" content="text/html;charset=utf-8" />
  <meta name='ocr-system' content='tesseract 3.04.00' />
  <meta name='ocr-capabilities' content='ocr_page ocr_carea ocr_par ocr_line ocrx_word'/>
</head>
<body>
  <div class='ocr_page' id='page_1' title='image "./patrologiaecurs169unkngoog_0430.png"; bbox 0 0 3817 6000; ppageno 0'>
   <div class='ocr_carea' id='block_1_1' title="bbox 330 207 452 313">
    <p class='ocr_par' dir='ltr' id='par_1_1' title="bbox 330 207 452 313">
     <span class='ocr_line' id='line_1_1' title="bbox 330 207 452 313; baseline -0.033 0"><span class='ocrx_word' id='word_1_1' title='bbox 330 207 335 212; x_wconf 94' lang='lat'><em>·</em></span> <span class='ocrx_word' id='word_1_2' title='bbox 354 254 452 313; x_wconf 74' lang='lat'><strong>85¹</strong></span> 
     </span>
    </p>
   </div>
   <div class='ocr_carea' id='block_1_2' title="bbox 1315 251 2630 312">
    <p class='ocr_par' dir='ltr' id='par_1_2' title="bbox 1315 251 2630 312">
     <span class='ocr_line' id='line_1_2' title="bbox 1315 251 2630 312; baseline -0.001 -1"><span class='ocrx_word' id='word_1_3' title='bbox 1315 252 1623 312; x_wconf 78' lang='lat' dir='ltr'><strong>Gssmlom</strong></span> <span class='ocrx_word' id='word_1_4' title='bbox 1662 251 2058 311; x_wconf 76' lang='lat' dir='ltr'><strong>PnAEt‘ostTl</strong></span> <span class='ocrx_word' id='word_1_5' title='bbox 2096 251 2630 312; x_wconf 70' lang='lat' dir='ltr'><strong>itsslcttssnspssno’</strong></span> 
     </span>
    </p>
   </div>
   <div class='ocr_carea' id='block_1_3' title="bbox 3503 250 3612 307">
    <p class='ocr_par' dir='ltr' id='par_1_3' title="bbox 3503 250 3612 307">
     <span class='ocr_line' id='line_1_3' title="bbox 3503 250 3612 307; baseline 0 0"><span class='ocrx_word' id='word_1_6' title='bbox 3503 250 3612 307; x_wconf 69' lang='lat'><strong>852</strong></span> 
     </span>
    </p>
   </div>
   <div class='ocr_carea' id='block_1_4' title="bbox 352 347 3619 446">
    <p class='ocr_par' dir='ltr' id='par_1_4' title="bbox 352 347 3619 446">
     <span class='ocr_line' id='line_1_4' title="bbox 352 347 3619 446; baseline -0.001 -18"><span class='ocrx_word' id='word_1_7' title='bbox 352 347 493 431; x_wconf 71' lang='lat' dir='ltr'><strong>luda</strong></span> <span class='ocrx_word' id='word_1_8' title='bbox 512 374 697 446; x_wconf 83' lang='lat' dir='ltr'><strong>(Apoc.</strong></span> <span class='ocrx_word' id='word_1_9' title='bbox 715 390 770 441; x_wconf 81' lang='lat' dir='ltr'><strong>v,</strong></span> <span class='ocrx_word' id='word_1_10' title='bbox 785 371 1270 446; x_wconf 78' lang='lat' dir='ltr'><strong>5),»&#39;vigilantihus</strong></span> <span class='ocrx_word' id='word_1_11' title='bbox 1284 373 1460 431; x_wconf 87' lang='lat' dir='ltr'><strong>oeulis</strong></span> <span class='ocrx_word' id='word_1_12' title='bbox 1474 372 1768 430; x_wconf 78' lang='lat' dir='ltr'><strong>dormiam.</strong></span> <span class='ocrx_word' id='word_1_13' title='bbox 1789 371 1929 437; x_wconf 86' lang='lat' dir='ltr'><strong>Nam</strong></span> <span class='ocrx_word' id='word_1_14' title='bbox 1958 376 2008 435; x_wconf 74' lang='grc' dir='ltr'>Α</span> <span class='ocrx_word' id='word_1_15' title='bbox 2033 372 2147 430; x_wconf 87' lang='lat' dir='ltr'><strong>cies</strong></span> <span class='ocrx_word' id='word_1_16' title='bbox 2169 372 2491 442; x_wconf 89' lang='lat' dir='ltr'><strong>impiorum;</strong></span> <span class='ocrx_word' id='word_1_17' title='bbox 2515 369 2599 425; x_wconf 77' lang='lat' dir='ltr'><strong>vel</strong></span> <span class='ocrx_word' id='word_1_18' title='bbox 2622 383 2720 440; x_wconf 86' lang='lat' dir='ltr'><strong>per</strong></span> <span class='ocrx_word' id='word_1_19' title='bbox 2740 366 2963 433; x_wconf 87' lang='lat' dir='ltr'><strong>nimiam</strong></span> <span class='ocrx_word' id='word_1_20' title='bbox 2986 368 3312 429; x_wconf 73' lang='lat' dir='ltr'><strong>aeternorum</strong></span> <span class='ocrx_word' id='word_1_21' title='bbox 3344 367 3619 440; x_wconf 80' lang='lat' dir='ltr'><strong>negiigen-</strong></span> 
     </span>
    </p>
   </div>
   <div class='ocr_carea' id='block_1_5' title="bbox 355 455 1939 1735">
    <p class='ocr_par' dir='ltr' id='par_1_5' title="bbox 355 455 1939 1735">
     <span class='ocr_line' id='line_1_5' title="bbox 355 455 1930 538; baseline -0.001 -16"><span class='ocrx_word' id='word_1_22' title='bbox 355 469 485 522; x_wconf 86' lang='lat' dir='ltr'><strong>dum</strong></span> <span class='ocrx_word' id='word_1_23' title='bbox 518 480 718 537; x_wconf 87' lang='lat' dir='ltr'><strong>corpus</strong></span> <span class='ocrx_word' id='word_1_24' title='bbox 739 485 758 517; x_wconf 83' lang='grc' dir='ltr'>ι</span> <span class='ocrx_word' id='word_1_25' title='bbox 788 466 857 523; x_wconf 90' lang='lat' dir='ltr'><strong>de</strong></span> <span class='ocrx_word' id='word_1_26' title='bbox 876 473 1119 522; x_wconf 86' lang='lat' dir='ltr'><strong>torrente</strong></span> <span class='ocrx_word' id='word_1_27' title='bbox 1141 484 1162 517; x_wconf 78' lang='grc' dir='ltr'>ι</span> <span class='ocrx_word' id='word_1_28' title='bbox 1179 455 1383 523; x_wconf 79' lang='lat' dir='ltr'><strong>mortis</strong></span> <span class='ocrx_word' id='word_1_29' title='bbox 1399 484 1419 519; x_wconf 84' lang='lat'>‹</span> <span class='ocrx_word' id='word_1_30' title='bbox 1438 465 1595 520; x_wconf 85' lang='lat' dir='ltr'><strong>invia</strong></span> <span class='ocrx_word' id='word_1_31' title='bbox 1621 463 1799 536; x_wconf 78' lang='lat' dir='ltr'><strong>(Psal.</strong></span> <span class='ocrx_word' id='word_1_32' title='bbox 1816 480 1930 538; x_wconf 72' lang='lat' dir='ltr'><strong>cix,</strong></span> 
     </span>
     <span class='ocr_line' id='line_1_6' title="bbox 357 557 1935 630; baseline -0.001 -17"><span class='ocrx_word' id='word_1_33' title='bbox 357 559 445 630; x_wconf 74' lang='grc'><strong>7)»</strong></span> <span class='ocrx_word' id='word_1_34' title='bbox 478 559 650 615; x_wconf 79' lang='lat' dir='ltr'><strong>veloci</strong></span> <span class='ocrx_word' id='word_1_35' title='bbox 674 558 906 615; x_wconf 86' lang='lat' dir='ltr'><strong>transitu</strong></span> <span class='ocrx_word' id='word_1_36' title='bbox 922 566 1166 630; x_wconf 89' lang='lat' dir='ltr'><strong>potatum</strong></span> <span class='ocrx_word' id='word_1_37' title='bbox 1195 558 1500 614; x_wconf 81' lang='lat' dir='ltr'><strong>obdormiet</strong></span> <span class='ocrx_word' id='word_1_38' title='bbox 1525 559 1595 614; x_wconf 90' lang='lat' dir='ltr'><strong>ad</strong></span> <span class='ocrx_word' id='word_1_39' title='bbox 1619 557 1935 625; x_wconf 84' lang='lat' dir='ltr'><strong>similitudi·</strong></span> 
     </span>
     <span class='ocr_line' id='line_1_7' title="bbox 356 647 1935 721; baseline 0.001 -18"><span class='ocrx_word' id='word_1_40' title='bbox 356 664 482 704; x_wconf 87' lang='lat' dir='ltr'><strong>nem</strong></span> <span class='ocrx_word' id='word_1_41' title='bbox 508 647 623 705; x_wconf 78' lang='lat' dir='ltr'><strong>Noe</strong></span> <span class='ocrx_word' id='word_1_42' title='bbox 643 658 768 721; x_wconf 85' lang='lat' dir='ltr'><strong>post</strong></span> <span class='ocrx_word' id='word_1_43' title='bbox 799 648 1114 706; x_wconf 89' lang='lat' dir='ltr'><strong>ebrietatem</strong></span> <span class='ocrx_word' id='word_1_44' title='bbox 1143 649 1466 706; x_wconf 87' lang='lat' dir='ltr'><strong>dormientis</strong></span> <span class='ocrx_word' id='word_1_45' title='bbox 1496 669 1511 706; x_wconf 75' lang='grc' dir='ltr'><strong><em>ε</em></strong></span> <span class='ocrx_word' id='word_1_46' title='bbox 1541 648 1657 721; x_wconf 84' lang='lat' dir='ltr'><strong>Ego</strong></span> <span class='ocrx_word' id='word_1_47' title='bbox 1677 649 1935 721; x_wconf 72' lang='lat' dir='ltr'><strong>vigilante</strong></span> 
     </span>
     <span class='ocr_line' id='line_1_8' title="bbox 358 740 1932 812; baseline 0 -15"><span class='ocrx_word' id='word_1_48' title='bbox 358 742 556 812; x_wconf 83' lang='lat' dir='ltr'><strong>spiritu</strong></span> <span class='ocrx_word' id='word_1_49' title='bbox 573 758 696 798; x_wconf 87' lang='lat' dir='ltr'><strong>meo</strong></span> <span class='ocrx_word' id='word_1_50' title='bbox 719 744 774 798; x_wconf 88' lang='lat' dir='ltr'><strong>ln</strong></span> <span class='ocrx_word' id='word_1_51' title='bbox 796 758 994 799; x_wconf 90' lang='lat' dir='ltr'><strong>manus</strong></span> <span class='ocrx_word' id='word_1_52' title='bbox 1016 753 1162 810; x_wconf 88' lang='lat' dir='ltr'><strong>tuas,</strong></span> <span class='ocrx_word' id='word_1_53' title='bbox 1176 740 1358 810; x_wconf 85' lang='lat' dir='ltr'><strong>Pater,</strong></span> <span class='ocrx_word' id='word_1_54' title='bbox 1385 741 1789 810; x_wconf 84' lang='lat' dir='ltr'><strong>commendato,</strong></span> <span class='ocrx_word' id='word_1_55' title='bbox 1805 751 1932 798; x_wconf 84' lang='lat' dir='ltr'><strong>tan-</strong></span> 
     </span>
     <span class='ocr_line' id='line_1_9' title="bbox 357 834 1936 907; baseline 0.001 -17"><span class='ocrx_word' id='word_1_56' title='bbox 357 851 524 907; x_wconf 86' lang='lat' dir='ltr'><strong>quam</strong></span> <span class='ocrx_word' id='word_1_57' title='bbox 553 835 760 907; x_wconf 90' lang='lat' dir='ltr'><strong>pupilla</strong></span> <span class='ocrx_word' id='word_1_58' title='bbox 786 836 950 903; x_wconf 78' lang='lat' dir='ltr'><strong>ocuti,</strong></span> <span class='ocrx_word' id='word_1_59' title='bbox 980 834 1116 891; x_wconf 86' lang='lat' dir='ltr'><strong>satis</strong></span> <span class='ocrx_word' id='word_1_60' title='bbox 1144 836 1435 907; x_wconf 84' lang='lat' dir='ltr'><strong>perspicue</strong></span> <span class='ocrx_word' id='word_1_61' title='bbox 1461 835 1658 891; x_wconf 82' lang='lat' dir='ltr'><strong>videbo</strong></span> <span class='ocrx_word' id='word_1_62' title='bbox 1681 877 1700 903; x_wconf 91' lang='lat'><strong>,</strong></span> <span class='ocrx_word' id='word_1_63' title='bbox 1737 844 1793 891; x_wconf 92' lang='lat' dir='ltr'><strong>et</strong></span> <span class='ocrx_word' id='word_1_64' title='bbox 1820 834 1936 891; x_wconf 86' lang='lat' dir='ltr'><strong>dis-</strong></span> 
     </span>
     <span class='ocr_line' id='line_1_10' title="bbox 359 915 1938 999; baseline -0.001 -14"><span class='ocrx_word' id='word_1_65' title='bbox 359 944 581 985; x_wconf 89' lang='lat' dir='ltr'><strong>cernam</strong></span> <span class='ocrx_word' id='word_1_66' title='bbox 610 929 753 985; x_wconf 91' lang='lat' dir='ltr'><strong>inter</strong></span> <span class='ocrx_word' id='word_1_67' title='bbox 788 929 930 985; x_wconf 80' lang='lat' dir='ltr'><strong>lilios</strong></span> <span class='ocrx_word' id='word_1_68' title='bbox 981 915 1384 986; x_wconf 88' lang='lat' dir='ltr'><strong>benedicendos</strong></span> <span class='ocrx_word' id='word_1_69' title='bbox 1399 928 1445 999; x_wconf 64' lang='grc' dir='ltr'><strong>,ἵ</strong></span> <span class='ocrx_word' id='word_1_70' title='bbox 1466 936 1522 984; x_wconf 93' lang='lat' dir='ltr'><strong>et</strong></span> <span class='ocrx_word' id='word_1_71' title='bbox 1544 930 1753 997; x_wconf 70' lang='lat' dir='ltr'><strong>[semen</strong></span> <span class='ocrx_word' id='word_1_72' title='bbox 1789 926 1938 984; x_wconf 89' lang='lat' dir='ltr'><strong>Cha·</strong></span> 
     </span>
     <span class='ocr_line' id='line_1_11' title="bbox 357 1021 1937 1093; baseline -0.003 -13"><span class='ocrx_word' id='word_1_73' title='bbox 357 1037 501 1080; x_wconf 75' lang='lat' dir='ltr'><strong>naan</strong></span> <span class='ocrx_word' id='word_1_74' title='bbox 527 1030 749 1092; x_wconf 89' lang='lat' dir='ltr'><strong>propter</strong></span> <span class='ocrx_word' id='word_1_75' title='bbox 796 1021 904 1079; x_wconf 90' lang='lat' dir='ltr'><strong>hoc</strong></span> <span class='ocrx_word' id='word_1_76' title='bbox 929 1022 1297 1087; x_wconf 76' lang='lat' dir='ltr'><strong>maledictioni</strong></span> <span class='ocrx_word' id='word_1_77' title='bbox 1323 1021 1643 1090; x_wconf 89' lang='lat' dir='ltr'><strong>obnoxium,</strong></span> <span class='ocrx_word' id='word_1_78' title='bbox 1671 1021 1800 1093; x_wconf 80' lang='lat' dir='ltr'><strong>quia</strong></span> <span class='ocrx_word' id='word_1_79' title='bbox 1823 1035 1937 1078; x_wconf 91' lang='lat' dir='ltr'><strong>non</strong></span> 
     </span>
     <span class='ocr_line' id='line_1_12' title="bbox 363 1112 1936 1186; baseline -0.001 -17"><span class='ocrx_word' id='word_1_80' title='bbox 363 1115 599 1171; x_wconf 87' lang='lat' dir='ltr'><strong>honorat</strong></span> <span class='ocrx_word' id='word_1_81' title='bbox 623 1131 800 1171; x_wconf 83' lang='lat' dir='ltr'><strong>meam</strong></span> <span class='ocrx_word' id='word_1_82' title='bbox 839 1116 1138 1179; x_wconf 85' lang='lat' dir='ltr'><strong>nuditatem</strong></span> <span class='ocrx_word' id='word_1_83' title='bbox 1165 1117 1223 1171; x_wconf 91' lang='lat' dir='ltr'><strong>in</strong></span> <span class='ocrx_word' id='word_1_84' title='bbox 1251 1115 1357 1171; x_wconf 85' lang='lat' dir='ltr'><strong>hae</strong></span> <span class='ocrx_word' id='word_1_85' title='bbox 1386 1121 1653 1186; x_wconf 74' lang='lat' dir='ltr'><strong>potestate</strong></span> <span class='ocrx_word' id='word_1_86' title='bbox 1679 1112 1936 1169; x_wconf 88' lang='lat' dir='ltr'><strong>tenebra-</strong></span> 
     </span>
     <span class='ocr_line' id='line_1_13' title="bbox 357 1206 1939 1277; baseline -0.004 -12"><span class='ocrx_word' id='word_1_87' title='bbox 357 1222 485 1265; x_wconf 80' lang='lat' dir='ltr'><strong>rum</strong></span> <span class='ocrx_word' id='word_1_88' title='bbox 510 1206 662 1263; x_wconf 85' lang='lat' dir='ltr'><strong>brevi</strong></span> <span class='ocrx_word' id='word_1_89' title='bbox 689 1219 745 1264; x_wconf 93' lang='lat' dir='ltr'><strong>et</strong></span> <span class='ocrx_word' id='word_1_90' title='bbox 771 1207 1014 1264; x_wconf 89' lang='lat' dir='ltr'><strong>horaria.</strong></span> <span class='ocrx_word' id='word_1_91' title='bbox 1044 1206 1148 1263; x_wconf 85' lang='lat' dir='ltr'><strong>Sed</strong></span> <span class='ocrx_word' id='word_1_92' title='bbox 1175 1208 1233 1262; x_wconf 92' lang='lat' dir='ltr'><strong>in</strong></span> <span class='ocrx_word' id='word_1_93' title='bbox 1264 1206 1354 1262; x_wconf 91' lang='lat' dir='ltr'><strong>illa</strong></span> <span class='ocrx_word' id='word_1_94' title='bbox 1384 1206 1546 1277; x_wconf 83' lang='lat' dir='ltr'><strong>longa</strong></span> <span class='ocrx_word' id='word_1_95' title='bbox 1572 1213 1840 1275; x_wconf 77' lang='lat' dir='ltr'><strong>potestate</strong></span> <span class='ocrx_word' id='word_1_96' title='bbox 1864 1212 1939 1259; x_wconf 89' lang='lat' dir='ltr'><strong>te-</strong></span> 
     </span>
     <span class='ocr_line' id='line_1_14' title="bbox 361 1293 1939 1370; baseline -0.003 -16"><span class='ocrx_word' id='word_1_97' title='bbox 361 1298 660 1355; x_wconf 87' lang='lat' dir='ltr'><strong>nebrarum</strong></span> <span class='ocrx_word' id='word_1_98' title='bbox 682 1298 903 1370; x_wconf 84' lang='lat' dir='ltr'><strong>gravius</strong></span> <span class='ocrx_word' id='word_1_99' title='bbox 923 1298 1029 1354; x_wconf 92' lang='lat' dir='ltr'><strong>erit</strong></span> <span class='ocrx_word' id='word_1_100' title='bbox 1050 1297 1354 1368; x_wconf 86' lang='lat' dir='ltr'><strong>perieulum</strong></span> <span class='ocrx_word' id='word_1_101' title='bbox 1377 1336 1393 1363; x_wconf 91' lang='lat'><strong>,</strong></span> <span class='ocrx_word' id='word_1_102' title='bbox 1432 1295 1653 1368; x_wconf 88' lang='lat' dir='ltr'><strong>quando</strong></span> <span class='ocrx_word' id='word_1_103' title='bbox 1688 1293 1939 1366; x_wconf 85' lang='lat' dir='ltr'><strong>regnabit</strong></span> 
     </span>
     <span class='ocr_line' id='line_1_15' title="bbox 360 1384 1939 1460; baseline -0.003 -17"><span class='ocrx_word' id='word_1_104' title='bbox 360 1387 736 1445; x_wconf 81' lang='lat' dir='ltr'><strong>Antichristus</strong></span> <span class='ocrx_word' id='word_1_105' title='bbox 786 1390 842 1444; x_wconf 93' lang='lat' dir='ltr'><strong>in</strong></span> <span class='ocrx_word' id='word_1_106' title='bbox 896 1390 1002 1445; x_wconf 89' lang='lat' dir='ltr'><strong>hoe</strong></span> <span class='ocrx_word' id='word_1_107' title='bbox 1040 1388 1162 1460; x_wconf 89' lang='lat' dir='ltr'><strong>ipso</strong></span> <span class='ocrx_word' id='word_1_108' title='bbox 1200 1387 1337 1443; x_wconf 89' lang='lat' dir='ltr'><strong>mihi</strong></span> <span class='ocrx_word' id='word_1_109' title='bbox 1389 1386 1736 1453; x_wconf 78' lang='lat' dir='ltr'><strong>contrariuS,</strong></span> <span class='ocrx_word' id='word_1_110' title='bbox 1788 1384 1939 1457; x_wconf 91' lang='lat' dir='ltr'><strong>quod</strong></span> 
     </span>
     <span class='ocr_line' id='line_1_16' title="bbox 361 1474 1939 1554; baseline -0.006 -13"><span class='ocrx_word' id='word_1_111' title='bbox 361 1483 508 1543; x_wconf 81' lang='lat' dir='ltr'><strong>sieut</strong></span> <span class='ocrx_word' id='word_1_112' title='bbox 534 1498 637 1554; x_wconf 87' lang='lat' dir='ltr'><strong>ego</strong></span> <span class='ocrx_word' id='word_1_113' title='bbox 664 1481 868 1554; x_wconf 89' lang='lat' dir='ltr'><strong>pupilla</strong></span> <span class='ocrx_word' id='word_1_114' title='bbox 895 1482 1042 1541; x_wconf 86' lang='lat' dir='ltr'><strong>oculi</strong></span> <span class='ocrx_word' id='word_1_115' title='bbox 1065 1481 1146 1537; x_wconf 88' lang='lat' dir='ltr'><strong>tui</strong></span> <span class='ocrx_word' id='word_1_116' title='bbox 1178 1496 1301 1539; x_wconf 89' lang='lat' dir='ltr'><strong>sum</strong></span> <span class='ocrx_word' id='word_1_117' title='bbox 1328 1479 1422 1535; x_wconf 88' lang='lat' dir='ltr'><strong>lux</strong></span> <span class='ocrx_word' id='word_1_118' title='bbox 1453 1477 1644 1535; x_wconf 84' lang='lat' dir='ltr'><strong>mundi</strong></span> <span class='ocrx_word' id='word_1_119' title='bbox 1678 1495 1693 1532; x_wconf 90' lang='lat'><strong>:</strong></span> <span class='ocrx_word' id='word_1_120' title='bbox 1722 1476 1798 1532; x_wconf 87' lang='lat' dir='ltr'><strong>ita</strong></span> <span class='ocrx_word' id='word_1_121' title='bbox 1845 1474 1939 1531; x_wconf 91' lang='lat' dir='ltr'><strong>ille</strong></span> 
     </span>
     <span class='ocr_line' id='line_1_17' title="bbox 361 1568 1938 1653; baseline -0.004 -24"><span class='ocrx_word' id='word_1_122' title='bbox 361 1575 615 1653; x_wconf 89' lang='lat' dir='ltr'><strong>princeps</strong></span> <span class='ocrx_word' id='word_1_123' title='bbox 647 1576 994 1631; x_wconf 87' lang='lat' dir='ltr'><strong>tenebrarum</strong></span> <span class='ocrx_word' id='word_1_124' title='bbox 1036 1572 1430 1631; x_wconf 77' lang='lat' dir='ltr'><strong>famulantibus</strong></span> <span class='ocrx_word' id='word_1_125' title='bbox 1456 1570 1536 1626; x_wconf 87' lang='lat' dir='ltr'><strong>illi</strong></span> <span class='ocrx_word' id='word_1_126' title='bbox 1561 1568 1791 1646; x_wconf 88' lang='lat' dir='ltr'><strong>angelis,</strong></span> <span class='ocrx_word' id='word_1_127' title='bbox 1844 1583 1938 1624; x_wconf 90' lang='lat' dir='ltr'><strong>re-</strong></span> 
     </span>
     <span class='ocr_line' id='line_1_18' title="bbox 361 1658 1939 1735; baseline -0.004 -13"><span class='ocrx_word' id='word_1_128' title='bbox 361 1667 611 1724; x_wconf 87' lang='lat' dir='ltr'><strong>ctoribus</strong></span> <span class='ocrx_word' id='word_1_129' title='bbox 636 1666 1007 1735; x_wconf 86' lang='lat' dir='ltr'><strong>tenebrarum,</strong></span> <span class='ocrx_word' id='word_1_130' title='bbox 1035 1674 1089 1722; x_wconf 87' lang='lat' dir='ltr'><strong>et</strong></span> <span class='ocrx_word' id='word_1_131' title='bbox 1114 1662 1521 1721; x_wconf 66' lang='lat' dir='ltr'><strong>adhaerentibus</strong></span> <span class='ocrx_word' id='word_1_132' title='bbox 1560 1660 1637 1716; x_wconf 92' lang='lat' dir='ltr'><strong>illi</strong></span> <span class='ocrx_word' id='word_1_133' title='bbox 1679 1658 1939 1716; x_wconf 87' lang='lat' dir='ltr'><strong>omnibus</strong></span> 
     </span>
    </p>
   </div>
   <div class='ocr_carea' id='block_1_6' title="bbox 359 1730 2009 1830">
    <p class='ocr_par' dir='ltr' id='par_1_6' title="bbox 359 1730 2009 1830">
     <span class='ocr_line' id='line_1_19' title="bbox 359 1730 2009 1830; baseline -0.004 -16"><span class='ocrx_word' id='word_1_134' title='bbox 359 1759 492 1823; x_wconf 77' lang='lat' dir='ltr'><strong>filiis</strong></span> <span class='ocrx_word' id='word_1_135' title='bbox 530 1759 709 1816; x_wconf 88' lang='lat' dir='ltr'><strong>noctis</strong></span> <span class='ocrx_word' id='word_1_136' title='bbox 736 1768 793 1816; x_wconf 89' lang='lat' dir='ltr'><strong>et</strong></span> <span class='ocrx_word' id='word_1_137' title='bbox 821 1760 1172 1817; x_wconf 89' lang='lat' dir='ltr'><strong>tenebrarum</strong></span> <span class='ocrx_word' id='word_1_138' title='bbox 1223 1773 1363 1830; x_wconf 86' lang='lat' dir='ltr'><strong>pene</strong></span> <span class='ocrx_word' id='word_1_139' title='bbox 1412 1765 1589 1814; x_wconf 90' lang='lat' dir='ltr'><strong>totum</strong></span> <span class='ocrx_word' id='word_1_140' title='bbox 1635 1753 1936 1812; x_wconf 54' lang='lat' dir='ltr'><strong>excaecabit</strong></span> <span class='ocrx_word' id='word_1_141' title='bbox 1963 1730 2009 1787; x_wconf 82' lang='grc' dir='ltr'><strong>Β</strong></span> 
     </span>
    </p>
   </div>
   <div class='ocr_carea' id='block_1_7' title="bbox 360 1846 1951 4420">
    <p class='ocr_par' dir='ltr' id='par_1_7' title="bbox 360 1846 1946 3310">
     <span class='ocr_line' id='line_1_20' title="bbox 363 1846 1939 1934; baseline -0.004 -27"><span class='ocrx_word' id='word_1_142' title='bbox 363 1851 654 1909; x_wconf 89' lang='lat' dir='ltr'><strong>mundum.</strong></span> <span class='ocrx_word' id='word_1_143' title='bbox 690 1850 832 1934; x_wconf 83' lang='lat' dir='ltr'><strong>Quia</strong></span> <span class='ocrx_word' id='word_1_144' title='bbox 881 1867 1013 1925; x_wconf 90' lang='lat' dir='ltr'><strong>ergo</strong></span> <span class='ocrx_word' id='word_1_145' title='bbox 1062 1853 1117 1921; x_wconf 83' lang='lat' dir='ltr'><strong>in</strong></span> <span class='ocrx_word' id='word_1_146' title='bbox 1149 1850 1348 1930; x_wconf 77' lang='lat' dir='ltr'><strong>majori</strong></span> <span class='ocrx_word' id='word_1_147' title='bbox 1378 1849 1704 1913; x_wconf 75' lang='lat' dir='ltr'><strong>necessitate</strong></span> <span class='ocrx_word' id='word_1_148' title='bbox 1742 1846 1939 1919; x_wconf 84' lang='lat' dir='ltr'><strong>majori</strong></span> 
     </span>
     <span class='ocr_line' id='line_1_21' title="bbox 361 1936 1939 2012; baseline -0.005 -15"><span class='ocrx_word' id='word_1_149' title='bbox 361 1956 502 2011; x_wconf 90' lang='lat' dir='ltr'><strong>opus</strong></span> <span class='ocrx_word' id='word_1_150' title='bbox 532 1950 618 1997; x_wconf 86' lang='lat' dir='ltr'><strong>est</strong></span> <span class='ocrx_word' id='word_1_151' title='bbox 642 1940 944 2012; x_wconf 73' lang='lat' dir='ltr'><strong>adiutorio,</strong></span> <span class='ocrx_word' id='word_1_152' title='bbox 973 1949 1031 1997; x_wconf 91' lang='lat' dir='ltr'><strong>et</strong></span> <span class='ocrx_word' id='word_1_153' title='bbox 1057 1940 1332 2012; x_wconf 86' lang='lat' dir='ltr'><strong>custodia,</strong></span> <span class='ocrx_word' id='word_1_154' title='bbox 1361 1948 1496 1996; x_wconf 87' lang='lat' dir='ltr'><strong>tunc</strong></span> <span class='ocrx_word' id='word_1_155' title='bbox 1521 1954 1611 1994; x_wconf 90' lang='lat' dir='ltr'><strong>me</strong></span> <span class='ocrx_word' id='word_1_156' title='bbox 1653 1936 1815 1993; x_wconf 89' lang='lat' dir='ltr'><strong>Pater</strong></span> <span class='ocrx_word' id='word_1_157' title='bbox 1843 1951 1939 1990; x_wconf 80' lang='lat' dir='ltr'><strong>cu-</strong></span> 
     </span>
     <span class='ocr_line' id='line_1_22' title="bbox 362 2027 1941 2103; baseline -0.003 -15"><span class='ocrx_word' id='word_1_158' title='bbox 362 2031 505 2088; x_wconf 73' lang='lat' dir='ltr'><strong>stodi</strong></span> <span class='ocrx_word' id='word_1_159' title='bbox 543 2030 795 2087; x_wconf 89' lang='lat' dir='ltr'><strong>custodia</strong></span> <span class='ocrx_word' id='word_1_160' title='bbox 836 2030 1256 2103; x_wconf 86' lang='lat' dir='ltr'><strong>diligentissima</strong></span> <span class='ocrx_word' id='word_1_161' title='bbox 1286 2040 1346 2087; x_wconf 77' lang='lat' dir='ltr'><strong>ut</strong></span> <span class='ocrx_word' id='word_1_162' title='bbox 1376 2028 1637 2101; x_wconf 73' lang='lat' dir='ltr'><strong>pupillam</strong></span> <span class='ocrx_word' id='word_1_163' title='bbox 1664 2027 1839 2095; x_wconf 77' lang='lat' dir='ltr'><strong>oculi,</strong></span> <span class='ocrx_word' id='word_1_164' title='bbox 1867 2040 1941 2083; x_wconf 84' lang='lat' dir='ltr'><strong>ne</strong></span> 
     </span>
     <span class='ocr_line' id='line_1_23' title="bbox 360 2111 1941 2192; baseline -0.003 -16"><span class='ocrx_word' id='word_1_165' title='bbox 360 2121 689 2178; x_wconf 77' lang='lat' dir='ltr'><strong>Antichristi</strong></span> <span class='ocrx_word' id='word_1_166' title='bbox 715 2121 971 2192; x_wconf 80' lang='lat' dir='ltr'><strong>minister</strong></span> <span class='ocrx_word' id='word_1_167' title='bbox 997 2122 1186 2192; x_wconf 79' lang='lat' dir='ltr'><strong>Arius,</strong></span> <span class='ocrx_word' id='word_1_168' title='bbox 1227 2131 1325 2178; x_wconf 89' lang='lat' dir='ltr'><strong>aut</strong></span> <span class='ocrx_word' id='word_1_169' title='bbox 1350 2111 1492 2178; x_wconf 86' lang='lat' dir='ltr'><strong>alius</strong></span> <span class='ocrx_word' id='word_1_170' title='bbox 1527 2119 1729 2190; x_wconf 90' lang='lat' dir='ltr'><strong>aliquis</strong></span> <span class='ocrx_word' id='word_1_171' title='bbox 1767 2118 1941 2174; x_wconf 84' lang='lat' dir='ltr'><strong>haere-</strong></span> 
     </span>
     <span class='ocr_line' id='line_1_24' title="bbox 363 2210 1935 2289; baseline -0.003 -20"><span class='ocrx_word' id='word_1_172' title='bbox 363 2212 509 2270; x_wconf 89' lang='lat' dir='ltr'><strong>tiens</strong></span> <span class='ocrx_word' id='word_1_173' title='bbox 538 2229 627 2269; x_wconf 88' lang='lat' dir='ltr'><strong>me</strong></span> <span class='ocrx_word' id='word_1_174' title='bbox 655 2214 710 2269; x_wconf 91' lang='lat' dir='ltr'><strong>in</strong></span> <span class='ocrx_word' id='word_1_175' title='bbox 750 2214 890 2271; x_wconf 91' lang='lat' dir='ltr'><strong>meis</strong></span> <span class='ocrx_word' id='word_1_176' title='bbox 931 2215 1279 2289; x_wconf 82' lang='lat' dir='ltr'><strong>exstinguat,</strong></span> <span class='ocrx_word' id='word_1_177' title='bbox 1306 2229 1378 2271; x_wconf 88' lang='lat' dir='ltr'><strong>ne</strong></span> <span class='ocrx_word' id='word_1_178' title='bbox 1415 2213 1578 2270; x_wconf 82' lang='lat' dir='ltr'><strong>fldem</strong></span> <span class='ocrx_word' id='word_1_179' title='bbox 1601 2210 1935 2275; x_wconf 86' lang='lat' dir='ltr'><strong>Divinitatis,</strong></span> 
     </span>
     <span class='ocr_line' id='line_1_25' title="bbox 363 2302 1941 2381; baseline -0.002 -19"><span class='ocrx_word' id='word_1_180' title='bbox 363 2321 473 2377; x_wconf 87' lang='lat' dir='ltr'><strong>qua</strong></span> <span class='ocrx_word' id='word_1_181' title='bbox 509 2321 610 2379; x_wconf 88' lang='lat' dir='ltr'><strong>ego</strong></span> <span class='ocrx_word' id='word_1_182' title='bbox 637 2306 841 2378; x_wconf 90' lang='lat' dir='ltr'><strong>pupilla</strong></span> <span class='ocrx_word' id='word_1_183' title='bbox 867 2307 1007 2377; x_wconf 69' lang='lat' dir='ltr'><strong>ocuti</strong></span> <span class='ocrx_word' id='word_1_184' title='bbox 1048 2308 1126 2381; x_wconf 85' lang='lat' dir='ltr'><strong>tui</strong></span> <span class='ocrx_word' id='word_1_185' title='bbox 1169 2306 1484 2378; x_wconf 80' lang='lat' dir='ltr'><strong>plenissime</strong></span> <span class='ocrx_word' id='word_1_186' title='bbox 1515 2306 1691 2373; x_wconf 87' lang='lat' dir='ltr'><strong>luceo,</strong></span> <span class='ocrx_word' id='word_1_187' title='bbox 1717 2303 1776 2359; x_wconf 91' lang='lat' dir='ltr'><strong>in</strong></span> <span class='ocrx_word' id='word_1_188' title='bbox 1801 2302 1941 2359; x_wconf 88' lang='lat' dir='ltr'><strong>meis</strong></span> 
     </span>
     <span class='ocr_line' id='line_1_26' title="bbox 363 2396 1942 2471; baseline -0.006 -12"><span class='ocrx_word' id='word_1_189' title='bbox 363 2399 672 2470; x_wconf 79' lang='lat' dir='ltr'><strong>diminuat,</strong></span> <span class='ocrx_word' id='word_1_190' title='bbox 725 2415 862 2457; x_wconf 85' lang='lat' dir='ltr'><strong>neve</strong></span> <span class='ocrx_word' id='word_1_191' title='bbox 888 2399 1043 2467; x_wconf 78' lang='lat' dir='ltr'><strong>Judae</strong></span> <span class='ocrx_word' id='word_1_192' title='bbox 1071 2401 1363 2469; x_wconf 76' lang='lat' dir='ltr'><strong>mercatori</strong></span> <span class='ocrx_word' id='word_1_193' title='bbox 1391 2398 1654 2471; x_wconf 86' lang='lat' dir='ltr'><strong>pessimo,</strong></span> <span class='ocrx_word' id='word_1_194' title='bbox 1709 2396 1807 2468; x_wconf 86' lang='lat' dir='ltr'><strong>qui</strong></span> <span class='ocrx_word' id='word_1_195' title='bbox 1851 2410 1942 2451; x_wconf 94' lang='lat' dir='ltr'><strong>me</strong></span> 
     </span>
     <span class='ocr_line' id='line_1_27' title="bbox 364 2492 1943 2564; baseline -0.004 -16"><span class='ocrx_word' id='word_1_196' title='bbox 364 2508 515 2564; x_wconf 82' lang='lat' dir='ltr'><strong>nune</strong></span> <span class='ocrx_word' id='word_1_197' title='bbox 542 2493 808 2564; x_wconf 61' lang='lat' dir='ltr'><strong>vendidit,</strong></span> <span class='ocrx_word' id='word_1_198' title='bbox 838 2493 895 2549; x_wconf 94' lang='lat' dir='ltr'><strong>in</strong></span> <span class='ocrx_word' id='word_1_199' title='bbox 919 2493 1038 2551; x_wconf 87' lang='lat' dir='ltr'><strong>suis</strong></span> <span class='ocrx_word' id='word_1_200' title='bbox 1081 2492 1497 2550; x_wconf 85' lang='lat' dir='ltr'><strong>successoribus</strong></span> <span class='ocrx_word' id='word_1_201' title='bbox 1529 2497 1774 2561; x_wconf 85' lang='lat' dir='ltr'><strong>potestas</strong></span> <span class='ocrx_word' id='word_1_202' title='bbox 1824 2502 1943 2542; x_wconf 89' lang='lat' dir='ltr'><strong>ma-</strong></span> 
     </span>
     <span class='ocr_line' id='line_1_28' title="bbox 365 2577 1941 2655; baseline -0.005 -14"><span class='ocrx_word' id='word_1_203' title='bbox 365 2594 496 2655; x_wconf 80' lang='lat' dir='ltr'><strong>neat</strong></span> <span class='ocrx_word' id='word_1_204' title='bbox 523 2600 612 2640; x_wconf 84' lang='lat' dir='ltr'><strong>me</strong></span> <span class='ocrx_word' id='word_1_205' title='bbox 637 2582 929 2653; x_wconf 80' lang='lat' dir='ltr'><strong>vendendi,</strong></span> <span class='ocrx_word' id='word_1_206' title='bbox 980 2591 1037 2640; x_wconf 92' lang='lat' dir='ltr'><strong>et</strong></span> <span class='ocrx_word' id='word_1_207' title='bbox 1066 2603 1086 2636; x_wconf 78' lang='grc' dir='ltr'>ι</span> <span class='ocrx_word' id='word_1_208' title='bbox 1123 2583 1383 2655; x_wconf 89' lang='lat' dir='ltr'><strong>pretium,</strong></span> <span class='ocrx_word' id='word_1_209' title='bbox 1440 2596 1554 2653; x_wconf 88' lang='lat' dir='ltr'><strong>quo</strong></span> <span class='ocrx_word' id='word_1_210' title='bbox 1603 2577 1941 2653; x_wconf 89' lang='lat' dir='ltr'><strong>appretiatus</strong></span> 
     </span>
     <span class='ocr_line' id='line_1_29' title="bbox 365 2672 1942 2749; baseline -0.004 -18"><span class='ocrx_word' id='word_1_211' title='bbox 365 2691 491 2749; x_wconf 75' lang='lat' dir='ltr'><strong>sum</strong></span> <span class='ocrx_word' id='word_1_212' title='bbox 516 2674 701 2749; x_wconf 78' lang='grc' dir='ltr'>(ΖασΙι.</span> <span class='ocrx_word' id='word_1_213' title='bbox 729 2692 821 2745; x_wconf 78' lang='lat'><strong>11,</strong></span> <span class='ocrx_word' id='word_1_214' title='bbox 845 2677 972 2749; x_wconf 79' lang='lat'><strong>15),</strong></span> <span class='ocrx_word' id='word_1_215' title='bbox 1021 2694 1042 2729; x_wconf 75' lang='grc' dir='ltr'>ι</span> <span class='ocrx_word' id='word_1_216' title='bbox 1075 2674 1415 2747; x_wconf 84' lang='lat' dir='ltr'><strong>possidendi.</strong></span> <span class='ocrx_word' id='word_1_217' title='bbox 1474 2672 1668 2729; x_wconf 81' lang='lat' dir='ltr'><strong>Potius</strong></span> <span class='ocrx_word' id='word_1_218' title='bbox 1711 2680 1942 2743; x_wconf 81' lang='lat' dir='ltr'><strong>cogatur</strong></span> 
     </span>
     <span class='ocr_line' id='line_1_30' title="bbox 363 2757 1943 2851; baseline -0.005 -28"><span class='ocrx_word' id='word_1_219' title='bbox 363 2775 650 2851; x_wconf 81' lang='lat' dir='ltr'><strong>peccatum</strong></span> <span class='ocrx_word' id='word_1_220' title='bbox 676 2781 841 2823; x_wconf 82' lang='lat' dir='ltr'><strong>suum</strong></span> <span class='ocrx_word' id='word_1_221' title='bbox 869 2765 1140 2833; x_wconf 75' lang='lat' dir='ltr'><strong>cotiliteri,</strong></span> <span class='ocrx_word' id='word_1_222' title='bbox 1167 2772 1223 2821; x_wconf 89' lang='lat' dir='ltr'><strong>et</strong></span> <span class='ocrx_word' id='word_1_223' title='bbox 1242 2763 1477 2835; x_wconf 90' lang='lat' dir='ltr'><strong>pretium</strong></span> <span class='ocrx_word' id='word_1_224' title='bbox 1494 2762 1767 2834; x_wconf 82' lang='lat' dir='ltr'><strong>amittere,</strong></span> <span class='ocrx_word' id='word_1_225' title='bbox 1795 2757 1943 2830; x_wconf 85' lang='lat' dir='ltr'><strong>quod</strong></span> 
     </span>
     <span class='ocr_line' id='line_1_31' title="bbox 366 2850 1944 2934; baseline -0.005 -20"><span class='ocrx_word' id='word_1_226' title='bbox 366 2858 441 2931; x_wconf 81' lang='lat' dir='ltr'><strong>sit</strong></span> <span class='ocrx_word' id='word_1_227' title='bbox 471 2857 528 2930; x_wconf 82' lang='lat' dir='ltr'><strong>in</strong></span> <span class='ocrx_word' id='word_1_228' title='bbox 560 2858 898 2934; x_wconf 83' lang='lat' dir='ltr'><strong>sepulturam</strong></span> <span class='ocrx_word' id='word_1_229' title='bbox 949 2857 1388 2930; x_wconf 89' lang='lat' dir='ltr'><strong>peregrinorum,</strong></span> <span class='ocrx_word' id='word_1_230' title='bbox 1423 2855 1517 2928; x_wconf 92' lang='lat' dir='ltr'><strong>qui</strong></span> <span class='ocrx_word' id='word_1_231' title='bbox 1566 2861 1698 2911; x_wconf 87' lang='lat' dir='ltr'><strong>sunt</strong></span> <span class='ocrx_word' id='word_1_232' title='bbox 1737 2850 1944 2923; x_wconf 86' lang='lat' dir='ltr'><strong>pupilla</strong></span> 
     </span>
     <span class='ocr_line' id='line_1_32' title="bbox 366 2948 1946 3026; baseline -0.005 -19"><span class='ocrx_word' id='word_1_233' title='bbox 366 2950 511 3026; x_wconf 74' lang='lat' dir='ltr'><strong>oculi</strong></span> <span class='ocrx_word' id='word_1_234' title='bbox 537 2951 638 3018; x_wconf 90' lang='lat' dir='ltr'><strong>tui,</strong></span> <span class='ocrx_word' id='word_1_235' title='bbox 657 2958 718 3006; x_wconf 91' lang='lat' dir='ltr'><strong>ut</strong></span> <span class='ocrx_word' id='word_1_236' title='bbox 743 2951 800 3007; x_wconf 90' lang='lat' dir='ltr'><strong>in</strong></span> <span class='ocrx_word' id='word_1_237' title='bbox 824 2951 1063 3022; x_wconf 84' lang='lat' dir='ltr'><strong>pretioso</strong></span> <span class='ocrx_word' id='word_1_238' title='bbox 1083 2948 1415 3024; x_wconf 82' lang='lat' dir='ltr'><strong>haereditatis</strong></span> <span class='ocrx_word' id='word_1_239' title='bbox 1443 2955 1661 3004; x_wconf 83' lang='lat' dir='ltr'><strong>aeternae</strong></span> <span class='ocrx_word' id='word_1_240' title='bbox 1693 2959 1827 3018; x_wconf 87' lang='lat' dir='ltr'><strong>agro</strong></span> <span class='ocrx_word' id='word_1_241' title='bbox 1845 2957 1946 3015; x_wconf 90' lang='lat' dir='ltr'><strong>per</strong></span> 
     </span>
     <span class='ocr_line' id='line_1_33' title="bbox 367 3039 1946 3119; baseline -0.004 -19"><span class='ocrx_word' id='word_1_242' title='bbox 367 3059 553 3119; x_wconf 75' lang='lat' dir='ltr'><strong>meum</strong></span> <span class='ocrx_word' id='word_1_243' title='bbox 571 3044 890 3116; x_wconf 86' lang='lat' dir='ltr'><strong>sanguinem</strong></span> <span class='ocrx_word' id='word_1_244' title='bbox 910 3043 1181 3114; x_wconf 82' lang='lat' dir='ltr'><strong>acquisito</strong></span> <span class='ocrx_word' id='word_1_245' title='bbox 1207 3042 1342 3099; x_wconf 91' lang='lat' dir='ltr'><strong>mihi</strong></span> <span class='ocrx_word' id='word_1_246' title='bbox 1365 3039 1669 3112; x_wconf 81' lang='lat' dir='ltr'><strong>consepulti</strong></span> <span class='ocrx_word' id='word_1_247' title='bbox 1695 3039 1826 3107; x_wconf 90' lang='lat' dir='ltr'><strong>sint,</strong></span> <span class='ocrx_word' id='word_1_248' title='bbox 1847 3053 1946 3095; x_wconf 85' lang='lat' dir='ltr'><strong>eu-</strong></span> 
     </span>
     <span class='ocr_line' id='line_1_34' title="bbox 371 3130 1946 3215; baseline -0.006 -19"><span class='ocrx_word' id='word_1_249' title='bbox 371 3140 558 3215; x_wconf 65' lang='lat' dir='ltr'><strong>stoditi</strong></span> <span class='ocrx_word' id='word_1_250' title='bbox 583 3148 644 3195; x_wconf 91' lang='lat' dir='ltr'><strong>ut</strong></span> <span class='ocrx_word' id='word_1_251' title='bbox 660 3138 865 3210; x_wconf 90' lang='lat' dir='ltr'><strong>pupilla</strong></span> <span class='ocrx_word' id='word_1_252' title='bbox 894 3138 1034 3193; x_wconf 77' lang='lat' dir='ltr'><strong>ocuti</strong></span> <span class='ocrx_word' id='word_1_253' title='bbox 1063 3136 1142 3193; x_wconf 90' lang='lat' dir='ltr'><strong>tui</strong></span> <span class='ocrx_word' id='word_1_254' title='bbox 1171 3136 1242 3207; x_wconf 79' lang='lat' dir='ltr'><strong>ab</strong></span> <span class='ocrx_word' id='word_1_255' title='bbox 1270 3136 1420 3209; x_wconf 88' lang='lat' dir='ltr'><strong>omni</strong></span> <span class='ocrx_word' id='word_1_256' title='bbox 1445 3132 1809 3193; x_wconf 81' lang='lat' dir='ltr'><strong>exeaecatione</strong></span> <span class='ocrx_word' id='word_1_257' title='bbox 1831 3130 1946 3187; x_wconf 82' lang='lat' dir='ltr'><strong>An-</strong></span> 
     </span>
     <span class='ocr_line' id='line_1_35' title="bbox 373 3232 634 3310; baseline -0.015 -19"><span class='ocrx_word' id='word_1_258' title='bbox 373 3232 634 3310; x_wconf 63' lang='lat' dir='ltr'><strong>tichristi.</strong></span> 
     </span>
    </p>

    <p class='ocr_par' dir='ltr' id='par_1_8' title="bbox 366 3320 1951 4420">
     <span class='ocr_line' id='line_1_36' title="bbox 441 3320 1946 3404; baseline -0.005 -22"><span class='ocrx_word' id='word_1_259' title='bbox 441 3326 551 3404; x_wconf 79' lang='lat' dir='ltr'><strong>Sub</strong></span> <span class='ocrx_word' id='word_1_260' title='bbox 602 3327 792 3381; x_wconf 80' lang='lat' dir='ltr'><strong>umbra</strong></span> <span class='ocrx_word' id='word_1_261' title='bbox 837 3325 1050 3383; x_wconf 79' lang='lat' dir='ltr'><strong>aearum</strong></span> <span class='ocrx_word' id='word_1_262' title='bbox 1086 3333 1294 3398; x_wconf 63' lang='lat' dir='ltr'><strong>protege</strong></span> <span class='ocrx_word' id='word_1_263' title='bbox 1336 3339 1434 3378; x_wconf 82' lang='lat' dir='ltr'><strong>me.</strong></span> <span class='ocrx_word' id='word_1_264' title='bbox 1467 3321 1646 3378; x_wconf 81' lang='lat' dir='ltr'><strong>Habes</strong></span> <span class='ocrx_word' id='word_1_265' title='bbox 1673 3320 1946 3394; x_wconf 74' lang='lat' dir='ltr'><strong>enim,tu,</strong></span> 
     </span>
     <span class='ocr_line' id='line_1_37' title="bbox 366 3410 1949 3495; baseline -0.005 -22"><span class='ocrx_word' id='word_1_266' title='bbox 366 3417 548 3495; x_wconf 63' lang='lat' dir='ltr'><strong>lJater,</strong></span> <span class='ocrx_word' id='word_1_267' title='bbox 568 3417 704 3481; x_wconf 88' lang='lat' dir='ltr'><strong>alas,</strong></span> <span class='ocrx_word' id='word_1_268' title='bbox 736 3417 845 3473; x_wconf 92' lang='lat' dir='ltr'><strong>duo</strong></span> <span class='ocrx_word' id='word_1_269' title='bbox 897 3415 1146 3492; x_wconf 72' lang='lat' dir='ltr'><strong>videlieet</strong></span> <span class='ocrx_word' id='word_1_270' title='bbox 1203 3413 1583 3481; x_wconf 87' lang='lat' dir='ltr'><strong>Testamenta,</strong></span> <span class='ocrx_word' id='word_1_271' title='bbox 1608 3426 1845 3484; x_wconf 90' lang='lat' dir='ltr'><strong>quorum</strong></span> <span class='ocrx_word' id='word_1_272' title='bbox 1890 3410 1949 3465; x_wconf 89' lang='lat' dir='ltr'><strong>in</strong></span> 
     </span>
     <span class='ocr_line' id='line_1_38' title="bbox 367 3503 1948 3582; baseline -0.006 -15"><span class='ocrx_word' id='word_1_273' title='bbox 367 3527 482 3568; x_wconf 88' lang='lat' dir='ltr'><strong>uno</strong></span> <span class='ocrx_word' id='word_1_274' title='bbox 537 3508 810 3581; x_wconf 87' lang='lat' dir='ltr'><strong>promittis</strong></span> <span class='ocrx_word' id='word_1_275' title='bbox 854 3507 1158 3582; x_wconf 77' lang='lat' dir='ltr'><strong>cultoribus</strong></span> <span class='ocrx_word' id='word_1_276' title='bbox 1187 3508 1299 3562; x_wconf 89' lang='lat' dir='ltr'><strong>tuis</strong></span> <span class='ocrx_word' id='word_1_277' title='bbox 1340 3505 1657 3580; x_wconf 84' lang='lat' dir='ltr'><strong>temporalia</strong></span> <span class='ocrx_word' id='word_1_278' title='bbox 1681 3503 1846 3571; x_wconf 90' lang='lat' dir='ltr'><strong>bona,</strong></span> <span class='ocrx_word' id='word_1_279' title='bbox 1890 3503 1948 3558; x_wconf 90' lang='lat' dir='ltr'><strong>in</strong></span> 
     </span>
     <span class='ocr_line' id='line_1_39' title="bbox 368 3596 1948 3673; baseline -0.006 -12"><span class='ocrx_word' id='word_1_280' title='bbox 368 3606 541 3665; x_wconf 83' lang='lat' dir='ltr'><strong>altero</strong></span> <span class='ocrx_word' id='word_1_281' title='bbox 566 3611 748 3658; x_wconf 88' lang='lat' dir='ltr'><strong>autem</strong></span> <span class='ocrx_word' id='word_1_282' title='bbox 783 3603 1058 3673; x_wconf 86' lang='lat' dir='ltr'><strong>promittis</strong></span> <span class='ocrx_word' id='word_1_283' title='bbox 1091 3609 1313 3657; x_wconf 83' lang='lat' dir='ltr'><strong>aeterna.</strong></span> <span class='ocrx_word' id='word_1_284' title='bbox 1339 3597 1446 3655; x_wconf 74' lang='lat' dir='ltr'><strong>Sub</strong></span> <span class='ocrx_word' id='word_1_285' title='bbox 1488 3599 1672 3652; x_wconf 78' lang='lat' dir='ltr'><strong>umbra</strong></span> <span class='ocrx_word' id='word_1_286' title='bbox 1717 3596 1948 3652; x_wconf 84' lang='lat' dir='ltr'><strong>istarum</strong></span> 
     </span>
     <span class='ocr_line' id='line_1_40' title="bbox 367 3685 1948 3774; baseline -0.006 -23"><span class='ocrx_word' id='word_1_287' title='bbox 367 3696 580 3774; x_wconf 59' lang='lat' dir='ltr'><strong>clarum</strong></span> <span class='ocrx_word' id='word_1_288' title='bbox 618 3688 827 3766; x_wconf 51' lang='lat' dir='ltr'><strong>protege</strong></span> <span class='ocrx_word' id='word_1_289' title='bbox 850 3709 950 3771; x_wconf 68' lang='lat' dir='ltr'><strong>me,</strong></span> <span class='ocrx_word' id='word_1_290' title='bbox 975 3700 1033 3747; x_wconf 88' lang='lat' dir='ltr'><strong>ut</strong></span> <span class='ocrx_word' id='word_1_291' title='bbox 1058 3691 1183 3747; x_wconf 84' lang='lat' dir='ltr'><strong>data</strong></span> <span class='ocrx_word' id='word_1_292' title='bbox 1224 3690 1356 3763; x_wconf 81' lang='lat' dir='ltr'><strong>mihi</strong></span> <span class='ocrx_word' id='word_1_293' title='bbox 1388 3688 1538 3745; x_wconf 92' lang='lat' dir='ltr'><strong>omni</strong></span> <span class='ocrx_word' id='word_1_294' title='bbox 1578 3695 1840 3759; x_wconf 83' lang='lat' dir='ltr'><strong>potestate</strong></span> <span class='ocrx_word' id='word_1_295' title='bbox 1890 3685 1948 3742; x_wconf 92' lang='lat' dir='ltr'><strong>in</strong></span> 
     </span>
     <span class='ocr_line' id='line_1_41' title="bbox 367 3778 1948 3866; baseline -0.008 -20"><span class='ocrx_word' id='word_1_296' title='bbox 367 3787 600 3866; x_wconf 82' lang='lat' dir='ltr'><strong>coelo,et</strong></span> <span class='ocrx_word' id='word_1_297' title='bbox 623 3787 680 3865; x_wconf 86' lang='lat' dir='ltr'><strong>in</strong></span> <span class='ocrx_word' id='word_1_298' title='bbox 728 3795 869 3856; x_wconf 85' lang='lat' dir='ltr'><strong>terra</strong></span> <span class='ocrx_word' id='word_1_299' title='bbox 910 3784 1113 3855; x_wconf 89' lang='lat' dir='ltr'><strong>possim</strong></span> <span class='ocrx_word' id='word_1_300' title='bbox 1157 3784 1408 3840; x_wconf 76' lang='lat' dir='ltr'><strong>conferre</strong></span> <span class='ocrx_word' id='word_1_301' title='bbox 1431 3783 1568 3837; x_wconf 89' lang='lat' dir='ltr'><strong>meis</strong></span> <span class='ocrx_word' id='word_1_302' title='bbox 1591 3779 1844 3852; x_wconf 76' lang='lat' dir='ltr'><strong>perfectis</strong></span> <span class='ocrx_word' id='word_1_303' title='bbox 1864 3778 1948 3835; x_wconf 92' lang='lat' dir='ltr'><strong>di-</strong></span> 
     </span>
     <span class='ocr_line' id='line_1_42' title="bbox 368 3872 1950 3947; baseline -0.005 -12"><span class='ocrx_word' id='word_1_304' title='bbox 368 3879 667 3936; x_wconf 88' lang='lat' dir='ltr'><strong>lectoribus</strong></span> <span class='ocrx_word' id='word_1_305' title='bbox 687 3886 742 3934; x_wconf 92' lang='lat' dir='ltr'><strong>et</strong></span> <span class='ocrx_word' id='word_1_306' title='bbox 785 3878 839 3933; x_wconf 92' lang='lat' dir='ltr'><strong>in</strong></span> <span class='ocrx_word' id='word_1_307' title='bbox 872 3876 1034 3933; x_wconf 89' lang='lat' dir='ltr'><strong>rebus</strong></span> <span class='ocrx_word' id='word_1_308' title='bbox 1073 3874 1464 3947; x_wconf 88' lang='lat' dir='ltr'><strong>temporalibus</strong></span> <span class='ocrx_word' id='word_1_309' title='bbox 1504 3874 1788 3946; x_wconf 85' lang='lat' dir='ltr'><strong>praesentis</strong></span> <span class='ocrx_word' id='word_1_310' title='bbox 1825 3872 1950 3928; x_wconf 80' lang='lat' dir='ltr'><strong>vitae</strong></span> 
     </span>
     <span class='ocr_line' id='line_1_43' title="bbox 369 3962 1947 4052; baseline -0.008 -21"><span class='ocrx_word' id='word_1_311' title='bbox 369 3971 700 4052; x_wconf 81' lang='lat' dir='ltr'><strong>subsidium,</strong></span> <span class='ocrx_word' id='word_1_312' title='bbox 735 3978 791 4025; x_wconf 90' lang='lat' dir='ltr'><strong>et</strong></span> <span class='ocrx_word' id='word_1_313' title='bbox 834 3968 893 4025; x_wconf 87' lang='lat' dir='ltr'><strong>in</strong></span> <span class='ocrx_word' id='word_1_314' title='bbox 940 3967 1161 4025; x_wconf 85' lang='lat' dir='ltr'><strong>aeternis</strong></span> <span class='ocrx_word' id='word_1_315' title='bbox 1192 3968 1351 4024; x_wconf 85' lang='lat' dir='ltr'><strong>bonis</strong></span> <span class='ocrx_word' id='word_1_316' title='bbox 1378 3980 1800 4039; x_wconf 87' lang='lat' dir='ltr'><strong>permansurum</strong></span> <span class='ocrx_word' id='word_1_317' title='bbox 1827 3962 1947 4019; x_wconf 76' lang='lat' dir='ltr'><strong>fru-</strong></span> 
     </span>
     <span class='ocr_line' id='line_1_44' title="bbox 369 4046 1950 4143; baseline -0.008 -21"><span class='ocrx_word' id='word_1_318' title='bbox 369 4076 519 4122; x_wconf 84' lang='lat' dir='ltr'><strong>ctum</strong></span> <span class='ocrx_word' id='word_1_319' title='bbox 543 4046 995 4143; x_wconf 83' lang='lat' dir='ltr'><strong>sempiternorum</strong></span> <span class='ocrx_word' id='word_1_320' title='bbox 1021 4061 1365 4133; x_wconf 85' lang='lat' dir='ltr'><strong>gaudiorum.</strong></span> <span class='ocrx_word' id='word_1_321' title='bbox 1393 4054 1450 4113; x_wconf 87' lang='lat' dir='ltr'><strong>ln</strong></span> <span class='ocrx_word' id='word_1_322' title='bbox 1485 4058 1652 4113; x_wconf 89' lang='lat' dir='ltr'><strong>rebus</strong></span> <span class='ocrx_word' id='word_1_323' title='bbox 1675 4067 1950 4127; x_wconf 87' lang='lat' dir='ltr'><strong>tempora·</strong></span> 
     </span>
     <span class='ocr_line' id='line_1_45' title="bbox 369 4149 1951 4235; baseline -0.005 -23"><span class='ocrx_word' id='word_1_324' title='bbox 369 4157 515 4235; x_wconf 86' lang='lat' dir='ltr'><strong>libus</strong></span> <span class='ocrx_word' id='word_1_325' title='bbox 547 4172 658 4227; x_wconf 85' lang='lat' dir='ltr'><strong>non</strong></span> <span class='ocrx_word' id='word_1_326' title='bbox 682 4157 755 4213; x_wconf 89' lang='lat' dir='ltr'><strong>sit</strong></span> <span class='ocrx_word' id='word_1_327' title='bbox 777 4156 1071 4227; x_wconf 85' lang='lat' dir='ltr'><strong>quisquam</strong></span> <span class='ocrx_word' id='word_1_328' title='bbox 1107 4168 1273 4225; x_wconf 85' lang='lat' dir='ltr'><strong>egens</strong></span> <span class='ocrx_word' id='word_1_329' title='bbox 1319 4151 1464 4207; x_wconf 88' lang='lat' dir='ltr'><strong>inter</strong></span> <span class='ocrx_word' id='word_1_330' title='bbox 1494 4165 1612 4218; x_wconf 91' lang='lat' dir='ltr'><strong>eos,</strong></span> <span class='ocrx_word' id='word_1_331' title='bbox 1642 4149 1735 4207; x_wconf 83' lang='lat' dir='ltr'><strong>sed</strong></span> <span class='ocrx_word' id='word_1_332' title='bbox 1761 4149 1951 4205; x_wconf 90' lang='lat' dir='ltr'><strong>distri-</strong></span> 
     </span>
     <span class='ocr_line' id='line_1_46' title="bbox 371 4241 1944 4320; baseline -0.006 -14"><span class='ocrx_word' id='word_1_333' title='bbox 371 4252 572 4308; x_wconf 89' lang='lat' dir='ltr'><strong>buatur</strong></span> <span class='ocrx_word' id='word_1_334' title='bbox 601 4249 916 4320; x_wconf 89' lang='lat' dir='ltr'><strong>unicuique,</strong></span> <span class='ocrx_word' id='word_1_335' title='bbox 950 4249 1094 4304; x_wconf 87' lang='lat' dir='ltr'><strong>sicut</strong></span> <span class='ocrx_word' id='word_1_336' title='bbox 1117 4245 1317 4316; x_wconf 88' lang='lat' dir='ltr'><strong>cuique</strong></span> <span class='ocrx_word' id='word_1_337' title='bbox 1341 4260 1479 4315; x_wconf 91' lang='lat' dir='ltr'><strong>opus</strong></span> <span class='ocrx_word' id='word_1_338' title='bbox 1500 4254 1601 4300; x_wconf 88' lang='lat' dir='ltr'><strong>est.</strong></span> <span class='ocrx_word' id='word_1_339' title='bbox 1628 4241 1688 4298; x_wconf 80' lang='lat' dir='ltr'><strong>ln</strong></span> <span class='ocrx_word' id='word_1_340' title='bbox 1718 4251 1944 4303; x_wconf 82' lang='lat' dir='ltr'><strong>aeterno-</strong></span> 
     </span>
     <span class='ocr_line' id='line_1_47' title="bbox 369 4321 1947 4420; baseline -0.005 -20"><span class='ocrx_word' id='word_1_341' title='bbox 369 4361 493 4400; x_wconf 90' lang='lat' dir='ltr'><strong>rum</strong></span> <span class='ocrx_word' id='word_1_342' title='bbox 516 4350 647 4420; x_wconf 67' lang='lat' dir='ltr'><strong>vero</strong></span> <span class='ocrx_word' id='word_1_343' title='bbox 673 4321 963 4396; x_wconf 79' lang='lat' dir='ltr'><strong>dilectione</strong></span> <span class='ocrx_word' id='word_1_344' title='bbox 994 4339 1065 4395; x_wconf 89' lang='lat' dir='ltr'><strong>sit</strong></span> <span class='ocrx_word' id='word_1_345' title='bbox 1091 4338 1172 4393; x_wconf 88' lang='lat' dir='ltr'><strong>eis</strong></span> <span class='ocrx_word' id='word_1_346' title='bbox 1202 4353 1298 4393; x_wconf 89' lang='lat' dir='ltr'><strong>cor</strong></span> <span class='ocrx_word' id='word_1_347' title='bbox 1319 4352 1490 4391; x_wconf 90' lang='lat' dir='ltr'><strong>unum</strong></span> <span class='ocrx_word' id='word_1_348' title='bbox 1514 4345 1569 4392; x_wconf 90' lang='lat' dir='ltr'><strong>et</strong></span> <span class='ocrx_word' id='word_1_349' title='bbox 1591 4335 1773 4390; x_wconf 87' lang='lat' dir='ltr'><strong>anima</strong></span> <span class='ocrx_word' id='word_1_350' title='bbox 1816 4351 1947 4402; x_wconf 83' lang='lat' dir='ltr'><strong>una,</strong></span> 
     </span>
    </p>
   </div>
   <div class='ocr_carea' id='block_1_8' title="bbox 2032 459 3634 4230">
    <p class='ocr_par' dir='ltr' id='par_1_9' title="bbox 2032 459 3621 1369">
     <span class='ocr_line' id='line_1_48' title="bbox 2036 459 3615 537; baseline -0.004 -13"><span class='ocrx_word' id='word_1_351' title='bbox 2036 469 2166 536; x_wconf 83' lang='lat' dir='ltr'><strong>tiam</strong></span> <span class='ocrx_word' id='word_1_352' title='bbox 2196 465 2581 537; x_wconf 75' lang='lat' dir='ltr'><strong>refrigescente</strong></span> <span class='ocrx_word' id='word_1_353' title='bbox 2601 462 2656 517; x_wconf 91' lang='lat' dir='ltr'><strong>ln</strong></span> <span class='ocrx_word' id='word_1_354' title='bbox 2688 460 2826 518; x_wconf 87' lang='lat' dir='ltr'><strong>meis</strong></span> <span class='ocrx_word' id='word_1_355' title='bbox 2855 461 3123 522; x_wconf 83' lang='lat' dir='ltr'><strong>charitate</strong></span> <span class='ocrx_word' id='word_1_356' title='bbox 3149 459 3379 515; x_wconf 90' lang='lat' dir='ltr'><strong>induant</strong></span> <span class='ocrx_word' id='word_1_357' title='bbox 3403 460 3615 533; x_wconf 89' lang='lat' dir='ltr'><strong>iniqui—</strong></span> 
     </span>
     <span class='ocr_line' id='line_1_49' title="bbox 2033 551 3617 628; baseline -0.004 -10"><span class='ocrx_word' id='word_1_358' title='bbox 2033 561 2162 618; x_wconf 89' lang='lat' dir='ltr'><strong>tatis</strong></span> <span class='ocrx_word' id='word_1_359' title='bbox 2182 558 2572 616; x_wconf 75' lang='lat' dir='ltr'><strong>abundantiam</strong></span> <span class='ocrx_word' id='word_1_360' title='bbox 2592 555 2753 628; x_wconf 85' lang='lat' dir='ltr'><strong>quasi</strong></span> <span class='ocrx_word' id='word_1_361' title='bbox 2771 555 2979 611; x_wconf 83' lang='lat' dir='ltr'><strong>larvam</strong></span> <span class='ocrx_word' id='word_1_362' title='bbox 2998 554 3314 626; x_wconf 90' lang='lat' dir='ltr'><strong>quamdam,</strong></span> <span class='ocrx_word' id='word_1_363' title='bbox 3331 562 3386 610; x_wconf 84' lang='lat' dir='ltr'><strong>et</strong></span> <span class='ocrx_word' id='word_1_364' title='bbox 3415 551 3617 611; x_wconf 76' lang='lat' dir='ltr'><strong>faciem</strong></span> 
     </span>
     <span class='ocr_line' id='line_1_50' title="bbox 2034 646 3621 723; baseline -0.004 -13"><span class='ocrx_word' id='word_1_365' title='bbox 2034 652 2417 717; x_wconf 82' lang='lat' dir='ltr'><strong>l&#39;oedissimam,</strong></span> <span class='ocrx_word' id='word_1_366' title='bbox 2442 667 2565 723; x_wconf 85' lang='lat' dir='ltr'><strong>quae</strong></span> <span class='ocrx_word' id='word_1_367' title='bbox 2591 659 2678 707; x_wconf 89' lang='lat' dir='ltr'><strong>est</strong></span> <span class='ocrx_word' id='word_1_368' title='bbox 2726 648 2893 705; x_wconf 74' lang='lat' dir='ltr'><strong>facies</strong></span> <span class='ocrx_word' id='word_1_369' title='bbox 2946 647 3262 719; x_wconf 90' lang='lat' dir='ltr'><strong>impiorum,</strong></span> <span class='ocrx_word' id='word_1_370' title='bbox 3287 647 3384 717; x_wconf 90' lang='lat' dir='ltr'><strong>qui</strong></span> <span class='ocrx_word' id='word_1_371' title='bbox 3416 663 3504 701; x_wconf 89' lang='lat' dir='ltr'><strong>mc</strong></span> <span class='ocrx_word' id='word_1_372' title='bbox 3529 646 3621 703; x_wconf 73' lang='lat' dir='ltr'><strong>ar·</strong></span> 
     </span>
     <span class='ocr_line' id='line_1_51' title="bbox 2032 735 3621 814; baseline -0.007 -13"><span class='ocrx_word' id='word_1_373' title='bbox 2032 744 2312 812; x_wconf 86' lang='lat' dir='ltr'><strong>ssixerunt,</strong></span> <span class='ocrx_word' id='word_1_374' title='bbox 2341 741 2474 814; x_wconf 89' lang='lat' dir='ltr'><strong>quia</strong></span> <span class='ocrx_word' id='word_1_375' title='bbox 2501 741 2742 797; x_wconf 87' lang='lat' dir='ltr'><strong>maxime</strong></span> <span class='ocrx_word' id='word_1_376' title='bbox 2768 750 2989 811; x_wconf 87' lang='lat' dir='ltr'><strong>propter</strong></span> <span class='ocrx_word' id='word_1_377' title='bbox 3015 738 3300 794; x_wconf 78' lang='lat' dir='ltr'><strong>avaritiam</strong></span> <span class='ocrx_word' id='word_1_378' title='bbox 3322 735 3493 792; x_wconf 78' lang='lat' dir='ltr'><strong>Judaei</strong></span> <span class='ocrx_word' id='word_1_379' title='bbox 3523 750 3621 791; x_wconf 82' lang='lat' dir='ltr'><strong>me</strong></span> 
     </span>
     <span class='ocr_line' id='line_1_52' title="bbox 2036 828 3618 906; baseline -0.006 -13"><span class='ocrx_word' id='word_1_380' title='bbox 2036 846 2226 893; x_wconf 85' lang='lat' dir='ltr'><strong>eontra</strong></span> <span class='ocrx_word' id='word_1_381' title='bbox 2272 835 2517 906; x_wconf 90' lang='lat' dir='ltr'><strong>ipsorum</strong></span> <span class='ocrx_word' id='word_1_382' title='bbox 2567 832 2854 889; x_wconf 85' lang='lat' dir='ltr'><strong>avaritiam</strong></span> <span class='ocrx_word' id='word_1_383' title='bbox 2922 830 3288 903; x_wconf 86' lang='lat' dir='ltr'><strong>disputantem</strong></span> <span class='ocrx_word' id='word_1_384' title='bbox 3323 828 3618 887; x_wconf 73' lang='lat' dir='ltr'><strong>crucifixe-</strong></span> 
     </span>
     <span class='ocr_line' id='line_1_53' title="bbox 2035 922 3619 1001; baseline -0.006 -15"><span class='ocrx_word' id='word_1_385' title='bbox 2035 939 2186 998; x_wconf 88' lang='lat' dir='ltr'><strong>runt,</strong></span> <span class='ocrx_word' id='word_1_386' title='bbox 2205 930 2475 1001; x_wconf 85' lang='lat' dir='ltr'><strong>praecipue</strong></span> <span class='ocrx_word' id='word_1_387' title='bbox 2520 926 2726 984; x_wconf 84' lang='lat' dir='ltr'><strong>Scribis</strong></span> <span class='ocrx_word' id='word_1_388' title='bbox 2748 933 2805 983; x_wconf 89' lang='lat' dir='ltr'><strong>et</strong></span> <span class='ocrx_word' id='word_1_389' title='bbox 2825 925 3117 981; x_wconf 82' lang='lat' dir='ltr'><strong>Pharisaeis</strong></span> <span class='ocrx_word' id='word_1_390' title='bbox 3138 933 3329 980; x_wconf 89' lang='lat' dir='ltr'><strong>contra</strong></span> <span class='ocrx_word' id='word_1_391' title='bbox 3370 938 3458 979; x_wconf 92' lang='lat' dir='ltr'><strong>me</strong></span> <span class='ocrx_word' id='word_1_392' title='bbox 3503 922 3619 977; x_wconf 84' lang='lat' dir='ltr'><strong>ira-</strong></span> 
     </span>
     <span class='ocr_line' id='line_1_54' title="bbox 2037 1013 3617 1093; baseline -0.008 -12"><span class='ocrx_word' id='word_1_393' title='bbox 2037 1022 2333 1089; x_wconf 73' lang='lat' dir='ltr'><strong>scentibuS,</strong></span> <span class='ocrx_word' id='word_1_394' title='bbox 2362 1020 2507 1093; x_wconf 90' lang='lat' dir='ltr'><strong>quod</strong></span> <span class='ocrx_word' id='word_1_395' title='bbox 2553 1018 2719 1091; x_wconf 89' lang='lat' dir='ltr'><strong>paulo</strong></span> <span class='ocrx_word' id='word_1_396' title='bbox 2766 1027 2894 1074; x_wconf 89' lang='lat' dir='ltr'><strong>ante</strong></span> <span class='ocrx_word' id='word_1_397' title='bbox 2927 1017 3237 1088; x_wconf 88' lang='lat' dir='ltr'><strong>passionem</strong></span> <span class='ocrx_word' id='word_1_398' title='bbox 3270 1030 3447 1070; x_wconf 89' lang='lat' dir='ltr'><strong>meam</strong></span> <span class='ocrx_word' id='word_1_399' title='bbox 3476 1013 3617 1069; x_wconf 89' lang='lat' dir='ltr'><strong>sub-</strong></span> 
     </span>
     <span class='ocr_line' id='line_1_55' title="bbox 2036 1105 3621 1179; baseline -0.006 -9"><span class='ocrx_word' id='word_1_400' title='bbox 2036 1114 2173 1172; x_wconf 79' lang='lat' dir='ltr'><strong>verti</strong></span> <span class='ocrx_word' id='word_1_401' title='bbox 2216 1127 2439 1169; x_wconf 86' lang='lat' dir='ltr'><strong>mensas</strong></span> <span class='ocrx_word' id='word_1_402' title='bbox 2489 1126 2684 1168; x_wconf 92' lang='lat' dir='ltr'><strong>eorum</strong></span> <span class='ocrx_word' id='word_1_403' title='bbox 2725 1118 2782 1166; x_wconf 89' lang='lat' dir='ltr'><strong>et</strong></span> <span class='ocrx_word' id='word_1_404' title='bbox 2824 1107 3137 1174; x_wconf 81' lang='lat' dir='ltr'><strong>cathedras,</strong></span> <span class='ocrx_word' id='word_1_405' title='bbox 3166 1107 3354 1179; x_wconf 84' lang='lat' dir='ltr'><strong>ejectis</strong></span> <span class='ocrx_word' id='word_1_406' title='bbox 3413 1106 3495 1162; x_wconf 88' lang='lat' dir='ltr'><strong>eis</strong></span> <span class='ocrx_word' id='word_1_407' title='bbox 3544 1105 3621 1161; x_wconf 90' lang='lat' dir='ltr'><strong>de</strong></span> 
     </span>
     <span class='ocr_line' id='line_1_56' title="bbox 2037 1196 3619 1277; baseline -0.006 -16"><span class='ocrx_word' id='word_1_408' title='bbox 2037 1205 2241 1277; x_wconf 90' lang='lat' dir='ltr'><strong>templo</strong></span> <span class='ocrx_word' id='word_1_409' title='bbox 2264 1246 2280 1273; x_wconf 91' lang='lat'><strong>,</strong></span> <span class='ocrx_word' id='word_1_410' title='bbox 2308 1213 2361 1261; x_wconf 88' lang='lat' dir='ltr'><strong>et</strong></span> <span class='ocrx_word' id='word_1_411' title='bbox 2394 1217 2585 1260; x_wconf 90' lang='lat' dir='ltr'><strong>eorum</strong></span> <span class='ocrx_word' id='word_1_412' title='bbox 2627 1218 2735 1259; x_wconf 83' lang='lat' dir='ltr'><strong>aere</strong></span> <span class='ocrx_word' id='word_1_413' title='bbox 2781 1202 2838 1257; x_wconf 89' lang='lat' dir='ltr'><strong>in</strong></span> <span class='ocrx_word' id='word_1_414' title='bbox 2882 1208 3084 1256; x_wconf 87' lang='lat' dir='ltr'><strong>terram</strong></span> <span class='ocrx_word' id='word_1_415' title='bbox 3138 1198 3313 1256; x_wconf 71' lang='lat' dir='ltr'><strong>effuso</strong></span> <span class='ocrx_word' id='word_1_416' title='bbox 3335 1196 3517 1269; x_wconf 73' lang='lat' dir='ltr'><strong>(loun.</strong></span> <span class='ocrx_word' id='word_1_417' title='bbox 3547 1213 3619 1264; x_wconf 84' lang='lat'><strong>11,</strong></span> 
     </span>
     <span class='ocr_line' id='line_1_57' title="bbox 2038 1298 2152 1369; baseline 0.026 -16"><span class='ocrx_word' id='word_1_418' title='bbox 2038 1298 2152 1369; x_wconf 77' lang='grc'><strong>15).</strong></span> 
     </span>
    </p>

    <p class='ocr_par' dir='ltr' id='par_1_10' title="bbox 2037 1384 3632 3024">
     <span class='ocr_line' id='line_1_58' title="bbox 2112 1384 3625 1469; baseline -0.007 -21"><span class='ocrx_word' id='word_1_419' title='bbox 2112 1390 2374 1448; x_wconf 86' lang='lat' dir='ltr'><strong>Similiter</strong></span> <span class='ocrx_word' id='word_1_420' title='bbox 2421 1391 2477 1446; x_wconf 89' lang='lat' dir='ltr'><strong>ln</strong></span> <span class='ocrx_word' id='word_1_421' title='bbox 2525 1398 2770 1469; x_wconf 88' lang='lat' dir='ltr'><strong>tempore</strong></span> <span class='ocrx_word' id='word_1_422' title='bbox 2834 1386 3156 1444; x_wconf 87' lang='lat' dir='ltr'><strong>Antichristi</strong></span> <span class='ocrx_word' id='word_1_423' title='bbox 3234 1384 3625 1457; x_wconf 78' lang='lat' dir='ltr'><strong>refrigescente</strong></span> 
     </span>
     <span class='ocr_line' id='line_1_59' title="bbox 2038 1474 3622 1554; baseline -0.009 -12"><span class='ocrx_word' id='word_1_424' title='bbox 2038 1485 2323 1552; x_wconf 81' lang='lat' dir='ltr'><strong>charitate,</strong></span> <span class='ocrx_word' id='word_1_425' title='bbox 2350 1493 2514 1554; x_wconf 90' lang='lat' dir='ltr'><strong>atque</strong></span> <span class='ocrx_word' id='word_1_426' title='bbox 2540 1481 2853 1539; x_wconf 83' lang='lat' dir='ltr'><strong>abundante</strong></span> <span class='ocrx_word' id='word_1_427' title='bbox 2875 1479 3164 1551; x_wconf 86' lang='lat' dir='ltr'><strong>iniquitate</strong></span> <span class='ocrx_word' id='word_1_428' title='bbox 3189 1494 3285 1549; x_wconf 89' lang='lat' dir='ltr'><strong>per</strong></span> <span class='ocrx_word' id='word_1_429' title='bbox 3309 1478 3485 1549; x_wconf 88' lang='lat' dir='ltr'><strong>ipsam</strong></span> <span class='ocrx_word' id='word_1_430' title='bbox 3506 1474 3622 1530; x_wconf 91' lang='lat' dir='ltr'><strong>ini-</strong></span> 
     </span>
     <span class='ocr_line' id='line_1_60' title="bbox 2038 1568 3627 1650; baseline -0.008 -16"><span class='ocrx_word' id='word_1_431' title='bbox 2038 1577 2264 1650; x_wconf 88' lang='lat' dir='ltr'><strong>quitatis</strong></span> <span class='ocrx_word' id='word_1_432' title='bbox 2296 1584 2351 1634; x_wconf 90' lang='lat' dir='ltr'><strong>et</strong></span> <span class='ocrx_word' id='word_1_433' title='bbox 2386 1576 2700 1647; x_wconf 85' lang='lat' dir='ltr'><strong>iniquorum</strong></span> <span class='ocrx_word' id='word_1_434' title='bbox 2757 1572 3183 1639; x_wconf 80' lang='lat' dir='ltr'><strong>abundantiam,</strong></span> <span class='ocrx_word' id='word_1_435' title='bbox 3227 1580 3357 1625; x_wconf 90' lang='lat' dir='ltr'><strong>tunc</strong></span> <span class='ocrx_word' id='word_1_436' title='bbox 3410 1568 3627 1639; x_wconf 81' lang='lat' dir='ltr'><strong>affligar</strong></span> 
     </span>
     <span class='ocr_line' id='line_1_61' title="bbox 2040 1660 3627 1741; baseline -0.006 -15"><span class='ocrx_word' id='word_1_437' title='bbox 2040 1671 2097 1725; x_wconf 88' lang='lat' dir='ltr'><strong>in</strong></span> <span class='ocrx_word' id='word_1_438' title='bbox 2128 1669 2459 1741; x_wconf 86' lang='lat' dir='ltr'><strong>pauperibus</strong></span> <span class='ocrx_word' id='word_1_439' title='bbox 2505 1668 2663 1733; x_wconf 87' lang='lat' dir='ltr'><strong>meis,</strong></span> <span class='ocrx_word' id='word_1_440' title='bbox 2687 1664 2780 1736; x_wconf 88' lang='lat' dir='ltr'><strong>qui</strong></span> <span class='ocrx_word' id='word_1_441' title='bbox 2810 1674 2940 1720; x_wconf 90' lang='lat' dir='ltr'><strong>tunc</strong></span> <span class='ocrx_word' id='word_1_442' title='bbox 2968 1661 3372 1719; x_wconf 87' lang='lat' dir='ltr'><strong>abundantibus</strong></span> <span class='ocrx_word' id='word_1_443' title='bbox 3415 1660 3627 1731; x_wconf 83' lang='lat' dir='ltr'><strong>iniquis</strong></span> 
     </span>
     <span class='ocr_line' id='line_1_62' title="bbox 2038 1751 3625 1835; baseline -0.008 -17"><span class='ocrx_word' id='word_1_444' title='bbox 2038 1763 2344 1835; x_wconf 82' lang='lat' dir='ltr'><strong>affligentur</strong></span> <span class='ocrx_word' id='word_1_445' title='bbox 2378 1760 2658 1817; x_wconf 86' lang='lat' dir='ltr'><strong>nimietate</strong></span> <span class='ocrx_word' id='word_1_446' title='bbox 2710 1756 3067 1828; x_wconf 85' lang='lat' dir='ltr'><strong>paupertatis,</strong></span> <span class='ocrx_word' id='word_1_447' title='bbox 3098 1754 3360 1826; x_wconf 84' lang='lat' dir='ltr'><strong>quoniam</strong></span> <span class='ocrx_word' id='word_1_448' title='bbox 3412 1751 3625 1825; x_wconf 83' lang='lat' dir='ltr'><strong>egenti-</strong></span> 
     </span>
     <span class='ocr_line' id='line_1_63' title="bbox 2037 1848 3628 1928; baseline -0.009 -16"><span class='ocrx_word' id='word_1_449' title='bbox 2037 1856 2163 1924; x_wconf 89' lang='lat' dir='ltr'><strong>bus,</strong></span> <span class='ocrx_word' id='word_1_450' title='bbox 2193 1853 2541 1928; x_wconf 87' lang='lat' dir='ltr'><strong>angustiatis,</strong></span> <span class='ocrx_word' id='word_1_451' title='bbox 2586 1851 2820 1917; x_wconf 86' lang='lat' dir='ltr'><strong>afflictis,</strong></span> <span class='ocrx_word' id='word_1_452' title='bbox 2853 1848 3055 1921; x_wconf 84' lang='lat' dir='ltr'><strong>quibus</strong></span> <span class='ocrx_word' id='word_1_453' title='bbox 3098 1848 3295 1919; x_wconf 89' lang='lat' dir='ltr'><strong>dignus</strong></span> <span class='ocrx_word' id='word_1_454' title='bbox 3343 1859 3454 1901; x_wconf 89' lang='lat' dir='ltr'><strong>non</strong></span> <span class='ocrx_word' id='word_1_455' title='bbox 3501 1850 3628 1899; x_wconf 87' lang='lat' dir='ltr'><strong>erat</strong></span> 
     </span>
     <span class='ocr_line' id='line_1_64' title="bbox 2038 1937 3625 2018; baseline -0.007 -16"><span class='ocrx_word' id='word_1_456' title='bbox 2038 1947 2301 2013; x_wconf 87' lang='lat' dir='ltr'><strong>mundus,</strong></span> <span class='ocrx_word' id='word_1_457' title='bbox 2330 1944 2644 2018; x_wconf 87' lang='lat' dir='ltr'><strong>gaudebunt</strong></span> <span class='ocrx_word' id='word_1_458' title='bbox 2690 1940 2845 2012; x_wconf 92' lang='lat' dir='ltr'><strong>impii</strong></span> <span class='ocrx_word' id='word_1_459' title='bbox 2873 1938 3015 1995; x_wconf 71' lang='lat' dir='ltr'><strong>facie</strong></span> <span class='ocrx_word' id='word_1_460' title='bbox 3051 1938 3118 1995; x_wconf 92' lang='lat' dir='ltr'><strong>ad</strong></span> <span class='ocrx_word' id='word_1_461' title='bbox 3146 1938 3339 1994; x_wconf 73' lang='lat' dir='ltr'><strong>faeiem</strong></span> <span class='ocrx_word' id='word_1_462' title='bbox 3368 1937 3625 1993; x_wconf 76' lang='lat' dir='ltr'><strong>videntes</strong></span> 
     </span>
     <span class='ocr_line' id='line_1_65' title="bbox 2039 2026 3627 2105; baseline -0.008 -12"><span class='ocrx_word' id='word_1_463' title='bbox 2039 2036 2455 2103; x_wconf 82' lang='lat' dir='ltr'><strong>Antichristum,</strong></span> <span class='ocrx_word' id='word_1_464' title='bbox 2492 2045 2547 2093; x_wconf 90' lang='lat' dir='ltr'><strong>et</strong></span> <span class='ocrx_word' id='word_1_465' title='bbox 2595 2034 2879 2105; x_wconf 84' lang='lat' dir='ltr'><strong>diligentes</strong></span> <span class='ocrx_word' id='word_1_466' title='bbox 2919 2032 3098 2103; x_wconf 90' lang='lat' dir='ltr'><strong>ipsum</strong></span> <span class='ocrx_word' id='word_1_467' title='bbox 3128 2039 3293 2102; x_wconf 86' lang='lat' dir='ltr'><strong>atque</strong></span> <span class='ocrx_word' id='word_1_468' title='bbox 3328 2029 3501 2101; x_wconf 86' lang='lat' dir='ltr'><strong>ipsius</strong></span> <span class='ocrx_word' id='word_1_469' title='bbox 3538 2026 3627 2082; x_wconf 84' lang='lat' dir='ltr'><strong>l&#39;a-</strong></span> 
     </span>
     <span class='ocr_line' id='line_1_66' title="bbox 2039 2119 3626 2194; baseline -0.007 -9"><span class='ocrx_word' id='word_1_470' title='bbox 2039 2129 2179 2185; x_wconf 88' lang='lat' dir='ltr'><strong>eiem</strong></span> <span class='ocrx_word' id='word_1_471' title='bbox 2215 2126 2390 2183; x_wconf 89' lang='lat' dir='ltr'><strong>induti</strong></span> <span class='ocrx_word' id='word_1_472' title='bbox 2426 2144 2441 2181; x_wconf 91' lang='lat'>:</span> <span class='ocrx_word' id='word_1_473' title='bbox 2477 2124 2619 2182; x_wconf 87' lang='lat' dir='ltr'><strong>sicut</strong></span> <span class='ocrx_word' id='word_1_474' title='bbox 2652 2123 2761 2180; x_wconf 90' lang='lat' dir='ltr'><strong>mei</strong></span> <span class='ocrx_word' id='word_1_475' title='bbox 2798 2137 3020 2194; x_wconf 88' lang='lat' dir='ltr'><strong>quoque</strong></span> <span class='ocrx_word' id='word_1_476' title='bbox 3057 2120 3346 2177; x_wconf 85' lang='lat' dir='ltr'><strong>dilectores</strong></span> <span class='ocrx_word' id='word_1_477' title='bbox 3390 2119 3626 2175; x_wconf 86' lang='lat' dir='ltr'><strong>andiunt</strong></span> 
     </span>
     <span class='ocr_line' id='line_1_67' title="bbox 2039 2211 3626 2290; baseline -0.005 -16"><span class='ocrx_word' id='word_1_478' title='bbox 2039 2217 2361 2290; x_wconf 88' lang='lat' dir='ltr'><strong>Apostolum</strong></span> <span class='ocrx_word' id='word_1_479' title='bbox 2384 2231 2565 2273; x_wconf 90' lang='lat' dir='ltr'><strong>meum</strong></span> <span class='ocrx_word' id='word_1_480' title='bbox 2602 2215 2873 2272; x_wconf 88' lang='lat' dir='ltr'><strong>dicentem</strong></span> <span class='ocrx_word' id='word_1_481' title='bbox 2898 2232 2913 2268; x_wconf 72' lang='grc' dir='ltr'>ε</span> <span class='ocrx_word' id='word_1_482' title='bbox 2940 2211 3166 2279; x_wconf 83' lang='lat' dir='ltr'><strong>Omnes,</strong></span> <span class='ocrx_word' id='word_1_483' title='bbox 3196 2213 3290 2285; x_wconf 84' lang='lat' dir='ltr'><strong>qui</strong></span> <span class='ocrx_word' id='word_1_484' title='bbox 3321 2233 3344 2265; x_wconf 73' lang='lat' dir='ltr'><em>c</em></span> <span class='ocrx_word' id='word_1_485' title='bbox 3375 2213 3432 2267; x_wconf 90' lang='lat' dir='ltr'><strong>in</strong></span> <span class='ocrx_word' id='word_1_486' title='bbox 3453 2212 3626 2267; x_wconf 79' lang='lat' dir='ltr'><strong>Chri-</strong></span> 
     </span>
     <span class='ocr_line' id='line_1_68' title="bbox 2042 2302 3629 2379; baseline -0.005 -14"><span class='ocrx_word' id='word_1_487' title='bbox 2042 2319 2128 2366; x_wconf 88' lang='lat' dir='ltr'><strong>sto</strong></span> <span class='ocrx_word' id='word_1_488' title='bbox 2191 2306 2451 2379; x_wconf 83' lang='lat' dir='ltr'><strong>baptizati</strong></span> <span class='ocrx_word' id='word_1_489' title='bbox 2490 2306 2659 2375; x_wconf 88' lang='lat' dir='ltr'><strong>estis,</strong></span> <span class='ocrx_word' id='word_1_490' title='bbox 2685 2304 2967 2361; x_wconf 85' lang='lat' dir='ltr'><strong>Christum</strong></span> <span class='ocrx_word' id='word_1_491' title='bbox 3019 2303 3275 2361; x_wconf 88' lang='lat' dir='ltr'><strong>induistis</strong></span> <span class='ocrx_word' id='word_1_492' title='bbox 3298 2302 3503 2375; x_wconf 80' lang='lat' dir='ltr'><strong>(Galat.</strong></span> <span class='ocrx_word' id='word_1_493' title='bbox 3538 2320 3629 2371; x_wconf 77' lang='grc' dir='ltr'>ιιι,</span> 
     </span>
     <span class='ocr_line' id='line_1_69' title="bbox 2041 2393 3631 2472; baseline -0.005 -15"><span class='ocrx_word' id='word_1_494' title='bbox 2041 2401 2187 2471; x_wconf 84' lang='grc'><strong>27).</strong></span> <span class='ocrx_word' id='word_1_495' title='bbox 2219 2422 2238 2454; x_wconf 78' lang='grc' dir='ltr'>ι</span> <span class='ocrx_word' id='word_1_496' title='bbox 2272 2400 2416 2472; x_wconf 84' lang='lat' dir='ltr'><strong>Ergo</strong></span> <span class='ocrx_word' id='word_1_497' title='bbox 2470 2408 2534 2455; x_wconf 91' lang='lat' dir='ltr'><strong>ut</strong></span> <span class='ocrx_word' id='word_1_498' title='bbox 2578 2398 2633 2454; x_wconf 88' lang='lat' dir='ltr'><strong>in</strong></span> <span class='ocrx_word' id='word_1_499' title='bbox 2699 2396 3031 2468; x_wconf 79' lang='lat' dir='ltr'><strong>pauperibus</strong></span> <span class='ocrx_word' id='word_1_500' title='bbox 3090 2395 3268 2464; x_wconf 88' lang='lat' dir='ltr'><strong>meis,</strong></span> <span class='ocrx_word' id='word_1_501' title='bbox 3298 2410 3478 2451; x_wconf 86' lang='lat' dir='ltr'><strong>meam</strong></span> <span class='ocrx_word' id='word_1_502' title='bbox 3546 2393 3631 2450; x_wconf 76' lang='lat' dir='ltr'><strong>fa-</strong></span> 
     </span>
     <span class='ocr_line' id='line_1_70' title="bbox 2043 2486 3632 2564; baseline -0.008 -10"><span class='ocrx_word' id='word_1_503' title='bbox 2043 2497 2183 2555; x_wconf 90' lang='lat' dir='ltr'><strong>ciem</strong></span> <span class='ocrx_word' id='word_1_504' title='bbox 2235 2494 2459 2561; x_wconf 88' lang='lat' dir='ltr'><strong>indutis,</strong></span> <span class='ocrx_word' id='word_1_505' title='bbox 2482 2492 2597 2564; x_wconf 89' lang='lat' dir='ltr'><strong>ipsa</strong></span> <span class='ocrx_word' id='word_1_506' title='bbox 2630 2506 2750 2547; x_wconf 91' lang='lat' dir='ltr'><strong>mea</strong></span> <span class='ocrx_word' id='word_1_507' title='bbox 2779 2489 2948 2547; x_wconf 79' lang='lat' dir='ltr'><strong>faeles</strong></span> <span class='ocrx_word' id='word_1_508' title='bbox 2982 2499 3242 2561; x_wconf 80' lang='lat' dir='ltr'><strong>tanquam</strong></span> <span class='ocrx_word' id='word_1_509' title='bbox 3297 2487 3354 2543; x_wconf 91' lang='lat' dir='ltr'><strong>in</strong></span> <span class='ocrx_word' id='word_1_510' title='bbox 3389 2486 3632 2558; x_wconf 74' lang='lat' dir='ltr'><strong>speculis</strong></span> 
     </span>
     <span class='ocr_line' id='line_1_71' title="bbox 2043 2581 3629 2660; baseline -0.007 -15"><span class='ocrx_word' id='word_1_511' title='bbox 2043 2587 2355 2660; x_wconf 86' lang='lat' dir='ltr'><strong>purissimis</strong></span> <span class='ocrx_word' id='word_1_512' title='bbox 2389 2587 2534 2645; x_wconf 84' lang='lat' dir='ltr'><strong>clare</strong></span> <span class='ocrx_word' id='word_1_513' title='bbox 2576 2596 2835 2657; x_wconf 84' lang='lat' dir='ltr'><strong>appareat</strong></span> <span class='ocrx_word' id='word_1_514' title='bbox 2870 2583 2969 2639; x_wconf 72' lang='lat' dir='ltr'><strong>sub</strong></span> <span class='ocrx_word' id='word_1_515' title='bbox 3015 2584 3202 2637; x_wconf 70' lang='lat' dir='ltr'><strong>umbra</strong></span> <span class='ocrx_word' id='word_1_516' title='bbox 3235 2581 3448 2636; x_wconf 73' lang='lat' dir='ltr'><strong>alarum</strong></span> <span class='ocrx_word' id='word_1_517' title='bbox 3498 2590 3629 2635; x_wconf 71' lang='lat' dir='ltr'><strong>tua-</strong></span> 
     </span>
     <span class='ocr_line' id='line_1_72' title="bbox 2045 2670 3631 2747; baseline -0.005 -13"><span class='ocrx_word' id='word_1_518' title='bbox 2045 2696 2185 2747; x_wconf 80' lang='lat' dir='ltr'><strong>rum,</strong></span> <span class='ocrx_word' id='word_1_519' title='bbox 2219 2679 2303 2735; x_wconf 77' lang='lat' dir='ltr'><strong>vel</strong></span> <span class='ocrx_word' id='word_1_520' title='bbox 2342 2679 2485 2735; x_wconf 85' lang='lat' dir='ltr'><strong>sicut</strong></span> <span class='ocrx_word' id='word_1_521' title='bbox 2519 2675 2725 2734; x_wconf 88' lang='lat' dir='ltr'><strong>dietum</strong></span> <span class='ocrx_word' id='word_1_522' title='bbox 2752 2686 2855 2744; x_wconf 84' lang='lat' dir='ltr'><strong>est,</strong></span> <span class='ocrx_word' id='word_1_523' title='bbox 2883 2675 2971 2731; x_wconf 77' lang='lat' dir='ltr'><strong>vel</strong></span> <span class='ocrx_word' id='word_1_524' title='bbox 3003 2673 3108 2731; x_wconf 86' lang='lat' dir='ltr'><strong>sub</strong></span> <span class='ocrx_word' id='word_1_525' title='bbox 3149 2670 3527 2729; x_wconf 83' lang='lat' dir='ltr'><strong>misericordia</strong></span> <span class='ocrx_word' id='word_1_526' title='bbox 3569 2678 3631 2726; x_wconf 84' lang='lat' dir='ltr'><strong>et</strong></span> 
     </span>
     <span class='ocr_line' id='line_1_73' title="bbox 2044 2763 3627 2840; baseline -0.006 -12"><span class='ocrx_word' id='word_1_527' title='bbox 2044 2770 2418 2833; x_wconf 88' lang='lat' dir='ltr'><strong>miseratione,</strong></span> <span class='ocrx_word' id='word_1_528' title='bbox 2442 2784 2675 2840; x_wconf 88' lang='lat' dir='ltr'><strong>quarum</strong></span> <span class='ocrx_word' id='word_1_529' title='bbox 2718 2767 2934 2822; x_wconf 75' lang='lat' dir='ltr'><strong>aearum</strong></span> <span class='ocrx_word' id='word_1_530' title='bbox 2981 2765 3151 2821; x_wconf 83' lang='lat' dir='ltr'><strong>altera</strong></span> <span class='ocrx_word' id='word_1_531' title='bbox 3184 2773 3269 2821; x_wconf 80' lang='lat' dir='ltr'><strong>est</strong></span> <span class='ocrx_word' id='word_1_532' title='bbox 3319 2765 3374 2820; x_wconf 84' lang='lat' dir='ltr'><strong>in</strong></span> <span class='ocrx_word' id='word_1_533' title='bbox 3406 2763 3627 2831; x_wconf 76' lang='lat' dir='ltr'><strong>affectu,</strong></span> 
     </span>
     <span class='ocr_line' id='line_1_74' title="bbox 2046 2854 3631 2927; baseline -0.006 -7"><span class='ocrx_word' id='word_1_534' title='bbox 2046 2865 2212 2920; x_wconf 86' lang='lat' dir='ltr'><strong>altera</strong></span> <span class='ocrx_word' id='word_1_535' title='bbox 2243 2863 2298 2918; x_wconf 92' lang='lat' dir='ltr'><strong>in</strong></span> <span class='ocrx_word' id='word_1_536' title='bbox 2349 2860 2565 2917; x_wconf 78' lang='lat' dir='ltr'><strong>effectu.</strong></span> <span class='ocrx_word' id='word_1_537' title='bbox 2593 2857 2701 2915; x_wconf 79' lang='lat' dir='ltr'><strong>Sub</strong></span> <span class='ocrx_word' id='word_1_538' title='bbox 2746 2856 2954 2924; x_wconf 78' lang='lat' dir='ltr'><strong>umbra,</strong></span> <span class='ocrx_word' id='word_1_539' title='bbox 2983 2855 3230 2927; x_wconf 90' lang='lat' dir='ltr'><strong>inquam,</strong></span> <span class='ocrx_word' id='word_1_540' title='bbox 3252 2854 3465 2910; x_wconf 69' lang='lat' dir='ltr'><strong>aterum</strong></span> <span class='ocrx_word' id='word_1_541' title='bbox 3494 2854 3631 2911; x_wconf 77' lang='lat' dir='ltr'><strong>ista·</strong></span> 
     </span>
     <span class='ocr_line' id='line_1_75' title="bbox 2044 2950 3012 3024; baseline -0.006 -11"><span class='ocrx_word' id='word_1_542' title='bbox 2044 2972 2191 3023; x_wconf 91' lang='lat' dir='ltr'><strong>rum,</strong></span> <span class='ocrx_word' id='word_1_543' title='bbox 2213 2954 2375 3012; x_wconf 86' lang='lat' dir='ltr'><strong>Pater</strong></span> <span class='ocrx_word' id='word_1_544' title='bbox 2392 2964 2610 3020; x_wconf 78' lang='lat' dir='ltr'><strong>aeterne,</strong></span> <span class='ocrx_word' id='word_1_545' title='bbox 2642 2959 2864 3024; x_wconf 87' lang='lat' dir='ltr'><strong>protege</strong></span> <span class='ocrx_word' id='word_1_546' title='bbox 2890 2950 3012 3007; x_wconf 82' lang='lat' dir='ltr'><strong>illos</strong></span> 
     </span>
    </p>

    <p class='ocr_par' dir='ltr' id='par_1_11' title="bbox 2051 3038 3632 3670">
     <span class='ocr_line' id='line_1_76' title="bbox 2120 3038 3630 3116; baseline -0.007 -12"><span class='ocrx_word' id='word_1_547' title='bbox 2120 3047 2285 3104; x_wconf 75' lang='lat' dir='ltr'><strong>Vens.</strong></span> <span class='ocrx_word' id='word_1_548' title='bbox 2324 3047 2379 3103; x_wconf 88' lang='grc'><strong>9.</strong></span> <span class='ocrx_word' id='word_1_549' title='bbox 2418 3050 2463 3100; x_wconf 81' lang='grc' dir='ltr'><strong><em>Α</em></strong></span> <span class='ocrx_word' id='word_1_550' title='bbox 2517 3044 2654 3116; x_wconf 77' lang='lat' dir='ltr'><strong>[acie</strong></span> <span class='ocrx_word' id='word_1_551' title='bbox 2705 3039 3112 3114; x_wconf 80' lang='lat' dir='ltr'><strong>impiorum.Ne</strong></span> <span class='ocrx_word' id='word_1_552' title='bbox 3161 3040 3383 3114; x_wconf 89' lang='lat' dir='ltr'><strong>quando</strong></span> <span class='ocrx_word' id='word_1_553' title='bbox 3445 3038 3630 3111; x_wconf 86' lang='lat' dir='ltr'><strong>impiis</strong></span> 
     </span>
     <span class='ocr_line' id='line_1_77' title="bbox 2051 3130 3629 3205; baseline -0.009 -7"><span class='ocrx_word' id='word_1_554' title='bbox 2051 3139 2463 3200; x_wconf 74' lang='lat' dir='ltr'><strong>conformentur</strong></span> <span class='ocrx_word' id='word_1_555' title='bbox 2485 3138 2541 3195; x_wconf 88' lang='lat' dir='ltr'><strong>in</strong></span> <span class='ocrx_word' id='word_1_556' title='bbox 2569 3137 2818 3203; x_wconf 81' lang='lat' dir='ltr'><strong>avaritia,</strong></span> <span class='ocrx_word' id='word_1_557' title='bbox 2840 3136 2927 3192; x_wconf 83' lang='lat' dir='ltr'><strong>vel</strong></span> <span class='ocrx_word' id='word_1_558' title='bbox 2953 3135 3059 3190; x_wconf 87' lang='lat' dir='ltr'><strong>alia</strong></span> <span class='ocrx_word' id='word_1_559' title='bbox 3081 3134 3386 3205; x_wconf 87' lang='lat' dir='ltr'><strong>iniquitate.</strong></span> <span class='ocrx_word' id='word_1_560' title='bbox 3410 3130 3509 3188; x_wconf 78' lang='lat' dir='ltr'><strong>Vel</strong></span> <span class='ocrx_word' id='word_1_561' title='bbox 3529 3132 3629 3185; x_wconf 70' lang='lat' dir='ltr'><strong>sub</strong></span> 
     </span>
     <span class='ocr_line' id='line_1_78' title="bbox 2051 3224 3631 3289; baseline -0.006 0"><span class='ocrx_word' id='word_1_562' title='bbox 2051 3235 2242 3289; x_wconf 77' lang='lat' dir='ltr'><strong>umbra</strong></span> <span class='ocrx_word' id='word_1_563' title='bbox 2282 3232 2497 3287; x_wconf 77' lang='lat' dir='ltr'><strong>alarum</strong></span> <span class='ocrx_word' id='word_1_564' title='bbox 2542 3230 2849 3288; x_wconf 85' lang='lat' dir='ltr'><strong>dilectionis</strong></span> <span class='ocrx_word' id='word_1_565' title='bbox 2875 3228 3126 3285; x_wconf 78' lang='lat' dir='ltr'><strong>videlicet</strong></span> <span class='ocrx_word' id='word_1_566' title='bbox 3152 3236 3207 3282; x_wconf 91' lang='lat' dir='ltr'><strong>et</strong></span> <span class='ocrx_word' id='word_1_567' title='bbox 3238 3224 3631 3281; x_wconf 78' lang='lat' dir='ltr'><strong>misericordiae</strong></span> 
     </span>
     <span class='ocr_line' id='line_1_79' title="bbox 2052 3315 3631 3395; baseline -0.005 -16"><span class='ocrx_word' id='word_1_568' title='bbox 2052 3334 2178 3395; x_wconf 76' lang='lat' dir='ltr'><strong>tuae.</strong></span> <span class='ocrx_word' id='word_1_569' title='bbox 2221 3321 2556 3389; x_wconf 86' lang='lat' dir='ltr'><strong>Dilectionis,</strong></span> <span class='ocrx_word' id='word_1_570' title='bbox 2586 3336 2695 3393; x_wconf 92' lang='lat' dir='ltr'><strong>qua</strong></span> <span class='ocrx_word' id='word_1_571' title='bbox 2721 3319 2961 3376; x_wconf 87' lang='lat' dir='ltr'><strong>dilexisti</strong></span> <span class='ocrx_word' id='word_1_572' title='bbox 2992 3333 3090 3375; x_wconf 89' lang='lat' dir='ltr'><strong>eos</strong></span> <span class='ocrx_word' id='word_1_573' title='bbox 3130 3326 3257 3374; x_wconf 86' lang='lat' dir='ltr'><strong>ante</strong></span> <span class='ocrx_word' id='word_1_574' title='bbox 3283 3315 3631 3373; x_wconf 88' lang='lat' dir='ltr'><strong>constitutio·</strong></span> 
     </span>
     <span class='ocr_line' id='line_1_80' title="bbox 2051 3407 3632 3483; baseline -0.006 -10"><span class='ocrx_word' id='word_1_575' title='bbox 2051 3432 2175 3473; x_wconf 89' lang='lat' dir='ltr'><strong>nem</strong></span> <span class='ocrx_word' id='word_1_576' title='bbox 2215 3414 2440 3483; x_wconf 89' lang='lat' dir='ltr'><strong>mundi;</strong></span> <span class='ocrx_word' id='word_1_577' title='bbox 2473 3412 2893 3481; x_wconf 63' lang='lat' dir='ltr'><strong>misericordiae,</strong></span> <span class='ocrx_word' id='word_1_578' title='bbox 2916 3427 3027 3483; x_wconf 81' lang='lat' dir='ltr'><strong>qna</strong></span> <span class='ocrx_word' id='word_1_579' title='bbox 3067 3425 3236 3467; x_wconf 75' lang='lat' dir='ltr'><strong>vocas</strong></span> <span class='ocrx_word' id='word_1_580' title='bbox 3275 3418 3332 3467; x_wconf 91' lang='lat' dir='ltr'><strong>et</strong></span> <span class='ocrx_word' id='word_1_581' title='bbox 3360 3407 3632 3481; x_wconf 80' lang='lat' dir='ltr'><strong>justificas</strong></span> 
     </span>
     <span class='ocr_line' id='line_1_81' title="bbox 2051 3500 3632 3576; baseline -0.006 -11"><span class='ocrx_word' id='word_1_582' title='bbox 2051 3525 2147 3566; x_wconf 88' lang='lat' dir='ltr'><strong>cos</strong></span> <span class='ocrx_word' id='word_1_583' title='bbox 2182 3509 2237 3564; x_wconf 89' lang='lat' dir='ltr'><strong>in</strong></span> <span class='ocrx_word' id='word_1_584' title='bbox 2274 3509 2499 3564; x_wconf 88' lang='lat' dir='ltr'><strong>mundo.</strong></span> <span class='ocrx_word' id='word_1_585' title='bbox 2526 3504 2747 3563; x_wconf 66' lang='lat' dir='ltr'><strong>Custodi</strong></span> <span class='ocrx_word' id='word_1_586' title='bbox 2787 3520 2940 3562; x_wconf 83' lang='lat' dir='ltr'><strong>meos</strong></span> <span class='ocrx_word' id='word_1_587' title='bbox 2962 3521 2997 3560; x_wconf 79' lang='lat' dir='ltr'><strong>a</strong></span> <span class='ocrx_word' id='word_1_588' title='bbox 3031 3504 3187 3576; x_wconf 72' lang='lat' dir='ltr'><strong>facie,</strong></span> <span class='ocrx_word' id='word_1_589' title='bbox 3217 3503 3271 3558; x_wconf 92' lang='lat' dir='ltr'><strong>id</strong></span> <span class='ocrx_word' id='word_1_590' title='bbox 3298 3510 3384 3559; x_wconf 88' lang='lat' dir='ltr'><strong>est</strong></span> <span class='ocrx_word' id='word_1_591' title='bbox 3410 3500 3632 3558; x_wconf 74' lang='lat' dir='ltr'><strong>eonfor-</strong></span> 
     </span>
     <span class='ocr_line' id='line_1_82' title="bbox 2051 3599 2578 3670; baseline -0.004 -15"><span class='ocrx_word' id='word_1_592' title='bbox 2051 3601 2239 3656; x_wconf 88' lang='lat' dir='ltr'><strong>mitate</strong></span> <span class='ocrx_word' id='word_1_593' title='bbox 2262 3599 2578 3670; x_wconf 88' lang='lat' dir='ltr'><strong>impiorum.</strong></span> 
     </span>
    </p>

    <p class='ocr_par' dir='ltr' id='par_1_12' title="bbox 2049 3683 3634 4230">
     <span class='ocr_line' id='line_1_83' title="bbox 2122 3683 3630 3746; baseline -0.003 -1"><span class='ocrx_word' id='word_1_594' title='bbox 2122 3690 2339 3746; x_wconf 75' lang='lat' dir='ltr'><strong>Inimici</strong></span> <span class='ocrx_word' id='word_1_595' title='bbox 2362 3691 2466 3746; x_wconf 75' lang='lat' dir='ltr'><strong>mei</strong></span> <span class='ocrx_word' id='word_1_596' title='bbox 2492 3690 2727 3745; x_wconf 81' lang='lat' dir='ltr'><strong>animam</strong></span> <span class='ocrx_word' id='word_1_597' title='bbox 2773 3705 2940 3744; x_wconf 86' lang='lat' dir='ltr'><strong>meam</strong></span> <span class='ocrx_word' id='word_1_598' title='bbox 2984 3686 3459 3742; x_wconf 56' lang='lat' dir='ltr'><strong>circundederunt.</strong></span> <span class='ocrx_word' id='word_1_599' title='bbox 3490 3683 3630 3741; x_wconf 82' lang='lat' dir='ltr'><strong>Nam</strong></span> 
     </span>
     <span class='ocr_line' id='line_1_84' title="bbox 2050 3781 3633 3858; baseline -0.004 -15"><span class='ocrx_word' id='word_1_600' title='bbox 2050 3801 2176 3858; x_wconf 85' lang='lat' dir='ltr'><strong>cum</strong></span> <span class='ocrx_word' id='word_1_601' title='bbox 2213 3808 2235 3839; x_wconf 79' lang='grc' dir='ltr'>ι</span> <span class='ocrx_word' id='word_1_602' title='bbox 2269 3783 2413 3842; x_wconf 75' lang='lat' dir='ltr'><strong>facta</strong></span> <span class='ocrx_word' id='word_1_603' title='bbox 2450 3806 2471 3839; x_wconf 76' lang='grc' dir='ltr'>ι</span> <span class='ocrx_word' id='word_1_604' title='bbox 2495 3793 2681 3842; x_wconf 89' lang='lat' dir='ltr'><strong>essent</strong></span> <span class='ocrx_word' id='word_1_605' title='bbox 2708 3802 2730 3837; x_wconf 78' lang='lat' dir='ltr'><strong>t</strong></span> <span class='ocrx_word' id='word_1_606' title='bbox 2767 3783 3026 3840; x_wconf 84' lang='lat' dir='ltr'><strong>Eneoenia</strong></span> <span class='ocrx_word' id='word_1_607' title='bbox 3073 3783 3129 3838; x_wconf 90' lang='lat' dir='ltr'><strong>in</strong></span> <span class='ocrx_word' id='word_1_608' title='bbox 3168 3781 3542 3855; x_wconf 66' lang='lat' dir='ltr'><strong>¹ierosolymiS,</strong></span> <span class='ocrx_word' id='word_1_609' title='bbox 3572 3790 3633 3837; x_wconf 85' lang='lat' dir='ltr'><strong>et</strong></span> 
     </span>
     <span class='ocr_line' id='line_1_85' title="bbox 2051 3872 3632 3951; baseline -0.004 -16"><span class='ocrx_word' id='word_1_610' title='bbox 2051 3880 2228 3938; x_wconf 86' lang='lat' dir='ltr'><strong>hiems</strong></span> <span class='ocrx_word' id='word_1_611' title='bbox 2255 3899 2274 3932; x_wconf 77' lang='grc' dir='ltr'>ι</span> <span class='ocrx_word' id='word_1_612' title='bbox 2300 3887 2467 3946; x_wconf 89' lang='lat' dir='ltr'><strong>esset,</strong></span> <span class='ocrx_word' id='word_1_613' title='bbox 2501 3889 2555 3934; x_wconf 89' lang='lat' dir='ltr'><strong>et</strong></span> <span class='ocrx_word' id='word_1_614' title='bbox 2580 3893 2681 3951; x_wconf 91' lang='lat' dir='ltr'><strong>ego</strong></span> <span class='ocrx_word' id='word_1_615' title='bbox 2707 3876 3044 3933; x_wconf 89' lang='lat' dir='ltr'><strong>ambularem</strong></span> <span class='ocrx_word' id='word_1_616' title='bbox 3078 3895 3098 3929; x_wconf 72' lang='grc' dir='ltr'>ι</span> <span class='ocrx_word' id='word_1_617' title='bbox 3126 3877 3184 3932; x_wconf 90' lang='lat' dir='ltr'><strong>in</strong></span> <span class='ocrx_word' id='word_1_618' title='bbox 3226 3875 3437 3946; x_wconf 90' lang='lat' dir='ltr'><strong>porticu</strong></span> <span class='ocrx_word' id='word_1_619' title='bbox 3470 3872 3632 3929; x_wconf 84' lang='lat' dir='ltr'><strong>Salo-</strong></span> 
     </span>
     <span class='ocr_line' id='line_1_86' title="bbox 2050 3971 3634 4045; baseline -0.006 -11"><span class='ocrx_word' id='word_1_620' title='bbox 2050 3979 2253 4045; x_wconf 85' lang='lat' dir='ltr'><strong>monis,</strong></span> <span class='ocrx_word' id='word_1_621' title='bbox 2274 3975 2750 4033; x_wconf 90' lang='lat' dir='ltr'><strong>cireumdederunt</strong></span> <span class='ocrx_word' id='word_1_622' title='bbox 2780 3992 2799 4026; x_wconf 82' lang='lat'><strong>›</strong></span> <span class='ocrx_word' id='word_1_623' title='bbox 2836 3990 2925 4030; x_wconf 90' lang='lat' dir='ltr'><strong>me</strong></span> <span class='ocrx_word' id='word_1_624' title='bbox 2951 3994 2971 4027; x_wconf 78' lang='grc' dir='ltr'>ι</span> <span class='ocrx_word' id='word_1_625' title='bbox 2999 3971 3196 4037; x_wconf 83' lang='lat' dir='ltr'><strong>Judaei,</strong></span> <span class='ocrx_word' id='word_1_626' title='bbox 3229 3991 3248 4025; x_wconf 74' lang='grc' dir='ltr'>ι</span> <span class='ocrx_word' id='word_1_627' title='bbox 3274 3980 3329 4028; x_wconf 91' lang='lat' dir='ltr'><strong>et</strong></span> <span class='ocrx_word' id='word_1_628' title='bbox 3372 3971 3634 4028; x_wconf 84' lang='lat' dir='ltr'><strong>dixerunt</strong></span> 
     </span>
     <span class='ocr_line' id='line_1_87' title="bbox 2051 4060 3633 4145; baseline -0.004 -21"><span class='ocrx_word' id='word_1_629' title='bbox 2051 4069 2186 4145; x_wconf 85' lang='lat' dir='ltr'><strong>mibi</strong></span> <span class='ocrx_word' id='word_1_630' title='bbox 2222 4087 2236 4123; x_wconf 71' lang='grc' dir='ltr'>ι</span> <span class='ocrx_word' id='word_1_631' title='bbox 2263 4087 2283 4120; x_wconf 74' lang='grc' dir='ltr'>ι</span> <span class='ocrx_word' id='word_1_632' title='bbox 2318 4066 2618 4137; x_wconf 85' lang='lat' dir='ltr'><strong>Quousque</strong></span> <span class='ocrx_word' id='word_1_633' title='bbox 2651 4065 2891 4120; x_wconf 88' lang='lat' dir='ltr'><strong>animam</strong></span> <span class='ocrx_word' id='word_1_634' title='bbox 2918 4073 3163 4121; x_wconf 89' lang='lat' dir='ltr'><strong>nostram</strong></span> <span class='ocrx_word' id='word_1_635' title='bbox 3183 4063 3375 4120; x_wconf 76' lang='lat' dir='ltr'><strong>tollis?</strong></span> <span class='ocrx_word' id='word_1_636' title='bbox 3399 4060 3458 4119; x_wconf 91' lang='lat' dir='ltr'><strong>Si</strong></span> <span class='ocrx_word' id='word_1_637' title='bbox 3479 4073 3537 4118; x_wconf 92' lang='lat' dir='ltr'><strong>tu</strong></span> <span class='ocrx_word' id='word_1_638' title='bbox 3565 4077 3633 4117; x_wconf 86' lang='lat' dir='ltr'><strong>es</strong></span> 
     </span>
     <span class='ocr_line' id='line_1_88' title="bbox 2049 4154 3627 4230; baseline -0.008 -12"><span class='ocrx_word' id='word_1_639' title='bbox 2049 4162 2325 4229; x_wconf 75' lang='lat' dir='ltr'><strong>ChristuS,</strong></span> <span class='ocrx_word' id='word_1_640' title='bbox 2355 4161 2445 4216; x_wconf 90' lang='lat' dir='ltr'><strong>dic</strong></span> <span class='ocrx_word' id='word_1_641' title='bbox 2474 4158 2631 4215; x_wconf 90' lang='lat' dir='ltr'><strong>nobis</strong></span> <span class='ocrx_word' id='word_1_642' title='bbox 2655 4157 2833 4230; x_wconf 89' lang='lat' dir='ltr'><strong>palam</strong></span> <span class='ocrx_word' id='word_1_643' title='bbox 2860 4155 3042 4229; x_wconf 75' lang='grc' dir='ltr'>(Ιοαιι.</span> <span class='ocrx_word' id='word_1_644' title='bbox 3063 4173 3120 4223; x_wconf 80' lang='lat' dir='ltr'><strong>x,</strong></span> <span class='ocrx_word' id='word_1_645' title='bbox 3149 4155 3243 4224; x_wconf 83' lang='grc'><strong>22,</strong></span> <span class='ocrx_word' id='word_1_646' title='bbox 3269 4156 3342 4211; x_wconf 78' lang='grc'><strong>23</strong></span> <span class='ocrx_word' id='word_1_647' title='bbox 3371 4164 3427 4211; x_wconf 88' lang='lat' dir='ltr'><strong>et</strong></span> <span class='ocrx_word' id='word_1_648' title='bbox 3452 4154 3569 4224; x_wconf 69' lang='lat'><strong>24).</strong></span> <span class='ocrx_word' id='word_1_649' title='bbox 3604 4173 3627 4205; x_wconf 84' lang='lat'><strong>›</strong></span> 
     </span>
    </p>
   </div>
   <div class='ocr_carea' id='block_1_9' title="bbox 2035 4247 3630 4323">
    <p class='ocr_par' dir='ltr' id='par_1_13' title="bbox 2035 4247 3630 4323">
     <span class='ocr_line' id='line_1_89' title="bbox 2035 4247 3630 4323; baseline -0.006 -14"><span class='ocrx_word' id='word_1_650' title='bbox 2035 4252 2146 4309; x_wconf 75' lang='lat' dir='ltr'><strong>Sic</strong></span> <span class='ocrx_word' id='word_1_651' title='bbox 2173 4251 2446 4323; x_wconf 90' lang='lat' dir='ltr'><strong>loquendo</strong></span> <span class='ocrx_word' id='word_1_652' title='bbox 2468 4249 2924 4305; x_wconf 73' lang='lat' dir='ltr'><strong>circumdederunt</strong></span> <span class='ocrx_word' id='word_1_653' title='bbox 2970 4250 3207 4303; x_wconf 80' lang='lat' dir='ltr'><strong>animam</strong></span> <span class='ocrx_word' id='word_1_654' title='bbox 3247 4264 3417 4303; x_wconf 80' lang='lat' dir='ltr'><strong>meam</strong></span> <span class='ocrx_word' id='word_1_655' title='bbox 3445 4247 3630 4303; x_wconf 81' lang='lat' dir='ltr'><strong>inten-</strong></span> 
     </span>
    </p>
   </div>
   <div class='ocr_carea' id='block_1_10' title="bbox 2051 4341 3642 4416">
    <p class='ocr_par' dir='ltr' id='par_1_14' title="bbox 2051 4341 3642 4416">
     <span class='ocr_line' id='line_1_90' title="bbox 2051 4341 3642 4416; baseline -0.008 -11"><span class='ocrx_word' id='word_1_656' title='bbox 2051 4349 2239 4405; x_wconf 85' lang='lat' dir='ltr'><strong>dentes</strong></span> <span class='ocrx_word' id='word_1_657' title='bbox 2295 4346 2561 4416; x_wconf 83' lang='lat' dir='ltr'><strong>laqueos,</strong></span> <span class='ocrx_word' id='word_1_658' title='bbox 2603 4342 2805 4413; x_wconf 89' lang='lat' dir='ltr'><strong>quibus</strong></span> <span class='ocrx_word' id='word_1_659' title='bbox 2877 4342 3130 4399; x_wconf 86' lang='lat' dir='ltr'><strong>tollerent</strong></span> <span class='ocrx_word' id='word_1_660' title='bbox 3198 4341 3332 4397; x_wconf 92' lang='lat' dir='ltr'><strong>mihi</strong></span> <span class='ocrx_word' id='word_1_661' title='bbox 3387 4341 3533 4396; x_wconf 90' lang='lat' dir='ltr'><strong>anim</strong></span> <span class='ocrx_word' id='word_1_662' title='bbox 3550 4357 3642 4394; x_wconf 80' lang='lat' dir='ltr'><strong>ani</strong></span> 
     </span>
    </p>
   </div>
   <div class='ocr_carea' id='block_1_11' title="bbox 374 4426 3644 4505">
    <p class='ocr_par' dir='ltr' id='par_1_15' title="bbox 374 4426 3644 4505">
     <span class='ocr_line' id='line_1_91' title="bbox 374 4426 3644 4505; baseline -0.004 -16"><span class='ocrx_word' id='word_1_663' title='bbox 374 4437 450 4489; x_wconf 61' lang='lat' dir='ltr'><strong>rili:</strong></span> <span class='ocrx_word' id='word_1_664' title='bbox 482 4437 606 4489; x_wconf 57' lang='lat' dir='ltr'><strong>{mvl}</strong></span> <span class='ocrx_word' id='word_1_665' title='bbox 638 4445 726 4485; x_wconf 71' lang='lat' dir='ltr'><strong>[tm</strong></span> <span class='ocrx_word' id='word_1_666' title='bbox 763 4433 904 4485; x_wconf 59' lang='lat' dir='ltr'><strong>milti</strong></span> <span class='ocrx_word' id='word_1_667' title='bbox 935 4433 1015 4481; x_wconf 66' lang='grc' dir='ltr'>ἑιῖὲι</span> <span class='ocrx_word' id='word_1_668' title='bbox 1051 4445 1155 4481; x_wconf 70' lang='lat' dir='ltr'><strong>llll-‘1</strong></span> <span class='ocrx_word' id='word_1_669' title='bbox 1187 4433 1251 4481; x_wconf 58' lang='lat' dir='ltr'><strong>ait</strong></span> <span class='ocrx_word' id='word_1_670' title='bbox 1288 4428 1392 4484; x_wconf 75' lang='lat' dir='ltr'><strong>sub</strong></span> <span class='ocrx_word' id='word_1_671' title='bbox 1413 4427 1608 4499; x_wconf 52' lang='lat' dir='ltr'><strong>capite,</strong></span> <span class='ocrx_word' id='word_1_672' title='bbox 1644 4436 1699 4482; x_wconf 71' lang='lat' dir='ltr'><strong>et</strong></span> <span class='ocrx_word' id='word_1_673' title='bbox 1725 4426 1949 4482; x_wconf 65' lang='lat' dir='ltr'><strong>dextera</strong></span> <span class='ocrx_word' id='word_1_674' title='bbox 1981 4440 2026 4496; x_wconf 74' lang='grc' dir='ltr'><strong>Ι)</strong></span> <span class='ocrx_word' id='word_1_675' title='bbox 2054 4456 2251 4500; x_wconf 61' lang='lat' dir='ltr'><strong>meam,</strong></span> <span class='ocrx_word' id='word_1_676' title='bbox 2282 4438 2642 4505; x_wconf 63' lang='lat' dir='ltr'><strong>Adduxepunt</strong></span> <span class='ocrx_word' id='word_1_677' title='bbox 2666 4435 2814 4491; x_wconf 72' lang='lat' dir='ltr'><strong>enim</strong></span> <span class='ocrx_word' id='word_1_678' title='bbox 2853 4432 3116 4490; x_wconf 69' lang='lat' dir='ltr'><strong>insidiose</strong></span> <span class='ocrx_word' id='word_1_679' title='bbox 3141 4434 3341 4489; x_wconf 59' lang='lat' dir='ltr'><strong>milites</strong></span> <span class='ocrx_word' id='word_1_680' title='bbox 3370 4431 3644 4496; x_wconf 65' lang='lat' dir='ltr'><strong>Caesal&#39;ib&#39;,</strong></span> 
     </span>
    </p>
   </div>
   <div class='ocr_carea' id='block_1_12' title="bbox 370 4520 1953 5797">
    <p class='ocr_par' dir='ltr' id='par_1_16' title="bbox 370 4520 1953 5797">
     <span class='ocr_line' id='line_1_92' title="bbox 374 4520 1946 4591; baseline -0.004 -10"><span class='ocrx_word' id='word_1_681' title='bbox 374 4541 462 4581; x_wconf 71' lang='grc' dir='ltr'>ιιιῑι</span> <span class='ocrx_word' id='word_1_682' title='bbox 514 4525 658 4577; x_wconf 60' lang='lat' dir='ltr'><strong>vellit.</strong></span> <span class='ocrx_word' id='word_1_683' title='bbox 694 4525 779 4577; x_wconf 70' lang='lat' dir='ltr'><strong>:sia</strong></span> <span class='ocrx_word' id='word_1_684' title='bbox 811 4525 979 4577; x_wconf 69' lang='lat' dir='ltr'><strong>allelu</strong></span> <span class='ocrx_word' id='word_1_685' title='bbox 1023 4541 1239 4573; x_wconf 62' lang='lat' dir='ltr'><strong>{nuncin</strong></span> <span class='ocrx_word' id='word_1_686' title='bbox 1293 4521 1535 4576; x_wconf 76' lang='lat' dir='ltr'><strong>animam</strong></span> <span class='ocrx_word' id='word_1_687' title='bbox 1583 4520 1946 4591; x_wconf 76' lang='lat' dir='ltr'><strong>amplexetur,</strong></span> 
     </span>
     <span class='ocr_line' id='line_1_93' title="bbox 370 4604 1946 4689; baseline -0.001 -20"><span class='ocrx_word' id='word_1_688' title='bbox 370 4633 494 4689; x_wconf 63' lang='lat' dir='ltr'><strong>quan</strong></span> <span class='ocrx_word' id='word_1_689' title='bbox 518 4617 847 4673; x_wconf 67' lang='lat' dir='ltr'><strong>veluntatem</strong></span> <span class='ocrx_word' id='word_1_690' title='bbox 883 4625 1027 4666; x_wconf 73' lang='lat' dir='ltr'><strong>tuam</strong></span> <span class='ocrx_word' id='word_1_691' title='bbox 1055 4613 1211 4665; x_wconf 67' lang='lat' dir='ltr'><strong>Pann·</strong></span> <span class='ocrx_word' id='word_1_692' title='bbox 1235 4613 1500 4682; x_wconf 67' lang='lat' dir='ltr'><strong>fuciendo,</strong></span> <span class='ocrx_word' id='word_1_693' title='bbox 1524 4621 1579 4669; x_wconf 88' lang='lat' dir='ltr'><strong>et</strong></span> <span class='ocrx_word' id='word_1_694' title='bbox 1600 4604 1692 4669; x_wconf 67' lang='lat' dir='ltr'><strong>me&#39;</strong></span> <span class='ocrx_word' id='word_1_695' title='bbox 1721 4611 1946 4668; x_wconf 81' lang='lat' dir='ltr'><strong>verbum</strong></span> 
     </span>
     <span class='ocr_line' id='line_1_94' title="bbox 378 4684 1949 4777; baseline -0.002 -12"><span class='ocrx_word' id='word_1_696' title='bbox 378 4721 526 4765; x_wconf 72' lang='lat' dir='ltr'><strong>luunt</strong></span> <span class='ocrx_word' id='word_1_697' title='bbox 570 4709 943 4777; x_wconf 68' lang='lat' dir='ltr'><strong>nnnripieudu,</strong></span> <span class='ocrx_word' id='word_1_698' title='bbox 979 4717 1031 4761; x_wconf 73' lang='lat' dir='ltr'><strong>ut</strong></span> <span class='ocrx_word' id='word_1_699' title='bbox 1079 4707 1343 4777; x_wconf 53' lang='lat' dir='ltr'><strong>gigni-udo</strong></span> <span class='ocrx_word' id='word_1_700' title='bbox 1367 4705 1503 4761; x_wconf 85' lang='lat' dir='ltr'><strong>mihi</strong></span> <span class='ocrx_word' id='word_1_701' title='bbox 1538 4715 1733 4772; x_wconf 80' lang='lat' dir='ltr'><strong>mater,</strong></span> <span class='ocrx_word' id='word_1_702' title='bbox 1755 4713 1811 4760; x_wconf 86' lang='lat' dir='ltr'><strong>et</strong></span> <span class='ocrx_word' id='word_1_703' title='bbox 1850 4684 1949 4762; x_wconf 80' lang='lat' dir='ltr'><strong>tibi</strong></span> 
     </span>
     <span class='ocr_line' id='line_1_95' title="bbox 370 4799 1949 4873; baseline -0.002 -16"><span class='ocrx_word' id='word_1_704' title='bbox 370 4817 570 4873; x_wconf 59' lang='lat' dir='ltr'><strong>spuma</strong></span> <span class='ocrx_word' id='word_1_705' title='bbox 602 4801 879 4857; x_wconf 51' lang='lat' dir='ltr'><strong>efficimur.</strong></span> <span class='ocrx_word' id='word_1_706' title='bbox 923 4821 937 4849; x_wconf 77' lang='grc' dir='ltr'>ι</span> <span class='ocrx_word' id='word_1_707' title='bbox 975 4801 1299 4869; x_wconf 59' lang='lat' dir='ltr'><strong>quicumvis</strong></span> <span class='ocrx_word' id='word_1_708' title='bbox 1343 4799 1491 4855; x_wconf 86' lang='lat' dir='ltr'><strong>enim</strong></span> <span class='ocrx_word' id='word_1_709' title='bbox 1520 4799 1708 4855; x_wconf 74' lang='lat' dir='ltr'><strong>feeerit</strong></span> <span class='ocrx_word' id='word_1_710' title='bbox 1750 4799 1949 4871; x_wconf 70' lang='lat' dir='ltr'><strong>volun-</strong></span> 
     </span>
     <span class='ocr_line' id='line_1_96' title="bbox 370 4891 1953 4966; baseline 0.001 -20"><span class='ocrx_word' id='word_1_711' title='bbox 370 4902 534 4950; x_wconf 73' lang='lat' dir='ltr'><strong>tatem</strong></span> <span class='ocrx_word' id='word_1_712' title='bbox 582 4914 596 4946; x_wconf 73' lang='grc' dir='ltr'>ι</span> <span class='ocrx_word' id='word_1_713' title='bbox 634 4906 779 4946; x_wconf 72' lang='lat' dir='ltr'><strong>tuam</strong></span> <span class='ocrx_word' id='word_1_714' title='bbox 823 4894 1019 4958; x_wconf 46' lang='lat' dir='ltr'><strong>‚seiten</strong></span> <span class='ocrx_word' id='word_1_715' title='bbox 1055 4914 1069 4942; x_wconf 71' lang='grc' dir='ltr'>ι</span> <span class='ocrx_word' id='word_1_716' title='bbox 1115 4894 1223 4962; x_wconf 50' lang='lat' dir='ltr'><strong>ipse</strong></span> <span class='ocrx_word' id='word_1_717' title='bbox 1286 4907 1443 4948; x_wconf 89' lang='lat' dir='ltr'><strong>meus</strong></span> <span class='ocrx_word' id='word_1_718' title='bbox 1493 4891 1953 4966; x_wconf 77' lang='lat' dir='ltr'><strong>frater,sororet</strong></span> 
     </span>
     <span class='ocr_line' id='line_1_97' title="bbox 374 4983 1951 5054; baseline -0.001 -13"><span class='ocrx_word' id='word_1_719' title='bbox 374 4997 546 5042; x_wconf 69' lang='lat' dir='ltr'><strong>suatur</strong></span> <span class='ocrx_word' id='word_1_720' title='bbox 586 4986 911 5054; x_wconf 57' lang='lat' dir='ltr'><strong>carminuli.</strong></span> <span class='ocrx_word' id='word_1_721' title='bbox 947 4986 1175 5050; x_wconf 46' lang='lat' dir='ltr'><strong>andilli.</strong></span> <span class='ocrx_word' id='word_1_722' title='bbox 1219 5006 1231 5032; x_wconf 77' lang='grc' dir='ltr'><strong>ι·</strong></span> <span class='ocrx_word' id='word_1_723' title='bbox 1275 4984 1335 5040; x_wconf 82' lang='lat' dir='ltr'><strong>Et</strong></span> <span class='ocrx_word' id='word_1_724' title='bbox 1372 4984 1418 5038; x_wconf 90' lang='lat' dir='ltr'><strong>si</strong></span> <span class='ocrx_word' id='word_1_725' title='bbox 1485 4984 1618 5039; x_wconf 89' lang='lat' dir='ltr'><strong>mihi</strong></span> <span class='ocrx_word' id='word_1_726' title='bbox 1671 4983 1810 5039; x_wconf 85' lang='lat' dir='ltr'><strong>Filio</strong></span> <span class='ocrx_word' id='word_1_727' title='bbox 1856 4994 1951 5040; x_wconf 88' lang='lat' dir='ltr'><strong>tuo</strong></span> 
     </span>
     <span class='ocr_line' id='line_1_98' title="bbox 374 5077 1953 5150; baseline 0.003 -20"><span class='ocrx_word' id='word_1_728' title='bbox 374 5094 546 5134; x_wconf 65' lang='lat' dir='ltr'><strong>matur</strong></span> <span class='ocrx_word' id='word_1_729' title='bbox 570 5094 670 5142; x_wconf 65' lang='lat' dir='ltr'><strong>nst,</strong></span> <span class='ocrx_word' id='word_1_730' title='bbox 714 5098 847 5150; x_wconf 59' lang='lat' dir='ltr'><strong>argu</strong></span> <span class='ocrx_word' id='word_1_731' title='bbox 871 5090 959 5134; x_wconf 74' lang='lat' dir='ltr'><strong>lun</strong></span> <span class='ocrx_word' id='word_1_732' title='bbox 987 5094 1183 5150; x_wconf 8' lang='lat' dir='ltr'><strong>spiritns-„i</strong></span> <span class='ocrx_word' id='word_1_733' title='bbox 1215 5088 1314 5134; x_wconf 59' lang='lat'><strong>1²:32.</strong></span> <span class='ocrx_word' id='word_1_734' title='bbox 1341 5077 1492 5134; x_wconf 84' lang='lat' dir='ltr'><strong>Dicat</strong></span> <span class='ocrx_word' id='word_1_735' title='bbox 1515 5079 1677 5149; x_wconf 85' lang='lat' dir='ltr'><strong>igitur</strong></span> <span class='ocrx_word' id='word_1_736' title='bbox 1697 5077 1953 5149; x_wconf 83' lang='lat' dir='ltr'><strong>quaelibet</strong></span> 
     </span>
     <span class='ocr_line' id='line_1_99' title="bbox 378 5168 1953 5240; baseline 0 -18"><span class='ocrx_word' id='word_1_737' title='bbox 378 5170 682 5238; x_wconf 59' lang='lat' dir='ltr'><strong>[liquatur-idi</strong></span> <span class='ocrx_word' id='word_1_738' title='bbox 718 5186 835 5222; x_wconf 69' lang='lat' dir='ltr'><strong>mea</strong></span> <span class='ocrx_word' id='word_1_739' title='bbox 859 5182 1047 5230; x_wconf 66' lang='lat' dir='ltr'><strong>uniter,</strong></span> <span class='ocrx_word' id='word_1_740' title='bbox 1079 5182 1167 5222; x_wconf 67' lang='lat' dir='ltr'><strong>lli-„i</strong></span> <span class='ocrx_word' id='word_1_741' title='bbox 1203 5185 1398 5238; x_wconf 54' lang='lat' dir='ltr'><strong>sponsa</strong></span> <span class='ocrx_word' id='word_1_742' title='bbox 1427 5189 1439 5223; x_wconf 90' lang='lat'>:</span> <span class='ocrx_word' id='word_1_743' title='bbox 1471 5189 1489 5221; x_wconf 80' lang='lat' dir='ltr'><strong>t</strong></span> <span class='ocrx_word' id='word_1_744' title='bbox 1521 5168 1677 5224; x_wconf 83' lang='lat' dir='ltr'><strong>Laeva</strong></span> <span class='ocrx_word' id='word_1_745' title='bbox 1701 5169 1819 5240; x_wconf 83' lang='lat' dir='ltr'><strong>ejus</strong></span> <span class='ocrx_word' id='word_1_746' title='bbox 1848 5168 1953 5224; x_wconf 88' lang='lat' dir='ltr'><strong>sub</strong></span> 
     </span>
     <span class='ocr_line' id='line_1_100' title="bbox 374 5260 1946 5342; baseline 0.001 -28"><span class='ocrx_word' id='word_1_747' title='bbox 374 5286 382 5314; x_wconf 81' lang='lat' dir='ltr'><strong>l</strong></span> <span class='ocrx_word' id='word_1_748' title='bbox 406 5270 546 5330; x_wconf 67' lang='lat' dir='ltr'><strong>apin:</strong></span> <span class='ocrx_word' id='word_1_749' title='bbox 574 5278 718 5342; x_wconf 23' lang='lat' dir='ltr'><strong>:tl-nu,</strong></span> <span class='ocrx_word' id='word_1_750' title='bbox 742 5274 795 5318; x_wconf 67' lang='lat' dir='ltr'><strong>el</strong></span> <span class='ocrx_word' id='word_1_751' title='bbox 819 5266 915 5318; x_wconf 53' lang='grc' dir='ltr'>ι’]ιιῑ</span> <span class='ocrx_word' id='word_1_752' title='bbox 931 5278 1039 5318; x_wconf 63' lang='grc' dir='ltr'>ιυιπιι</span> <span class='ocrx_word' id='word_1_753' title='bbox 1071 5266 1215 5318; x_wconf 56' lang='lat' dir='ltr'><strong>iilius</strong></span> <span class='ocrx_word' id='word_1_754' title='bbox 1239 5263 1635 5334; x_wconf 60' lang='lat' dir='ltr'><strong>ztlnplexabilur</strong></span> <span class='ocrx_word' id='word_1_755' title='bbox 1660 5276 1747 5320; x_wconf 82' lang='lat' dir='ltr'><strong>me</strong></span> <span class='ocrx_word' id='word_1_756' title='bbox 1765 5260 1946 5333; x_wconf 81' lang='lat' dir='ltr'><strong>(Cam.</strong></span> 
     </span>
     <span class='ocr_line' id='line_1_101' title="bbox 371 5354 1951 5430; baseline -0.001 -19"><span class='ocrx_word' id='word_1_757' title='bbox 371 5373 434 5421; x_wconf 88' lang='grc' dir='ltr'><strong>ιι,</strong></span> <span class='ocrx_word' id='word_1_758' title='bbox 464 5356 540 5426; x_wconf 89' lang='grc'><strong>6).</strong></span> <span class='ocrx_word' id='word_1_759' title='bbox 571 5375 594 5410; x_wconf 77' lang='grc' dir='ltr'>ι</span> <span class='ocrx_word' id='word_1_760' title='bbox 625 5354 701 5411; x_wconf 89' lang='lat' dir='ltr'><strong>lta</strong></span> <span class='ocrx_word' id='word_1_761' title='bbox 731 5354 826 5430; x_wconf 67' lang='lat' dir='ltr'><strong>snb</strong></span> <span class='ocrx_word' id='word_1_762' title='bbox 858 5356 1044 5410; x_wconf 79' lang='lat' dir='ltr'><strong>umbra</strong></span> <span class='ocrx_word' id='word_1_763' title='bbox 1073 5357 1285 5410; x_wconf 75' lang='lat' dir='ltr'><strong>aearum</strong></span> <span class='ocrx_word' id='word_1_764' title='bbox 1307 5366 1520 5411; x_wconf 80' lang='lat' dir='ltr'><strong>tuarum</strong></span> <span class='ocrx_word' id='word_1_765' title='bbox 1540 5366 1748 5426; x_wconf 76' lang='lat' dir='ltr'><strong>proteqe</strong></span> <span class='ocrx_word' id='word_1_766' title='bbox 1770 5371 1872 5422; x_wconf 81' lang='lat' dir='ltr'><strong>me,</strong></span> <span class='ocrx_word' id='word_1_767' title='bbox 1896 5354 1951 5410; x_wconf 86' lang='lat' dir='ltr'><strong>id</strong></span> 
     </span>
     <span class='ocr_line' id='line_1_102' title="bbox 371 5430 1952 5527; baseline 0.001 -26"><span class='ocrx_word' id='word_1_768' title='bbox 371 5455 457 5502; x_wconf 89' lang='lat' dir='ltr'><strong>est</strong></span> <span class='ocrx_word' id='word_1_769' title='bbox 485 5463 656 5527; x_wconf 81' lang='lat' dir='ltr'><strong>meos,</strong></span> <span class='ocrx_word' id='word_1_770' title='bbox 688 5464 797 5505; x_wconf 92' lang='lat' dir='ltr'><strong>non</strong></span> <span class='ocrx_word' id='word_1_771' title='bbox 845 5458 906 5514; x_wconf 82' lang='lat' dir='ltr'><strong>ut</strong></span> <span class='ocrx_word' id='word_1_772' title='bbox 950 5447 1087 5503; x_wconf 91' lang='lat' dir='ltr'><strong>nihil</strong></span> <span class='ocrx_word' id='word_1_773' title='bbox 1133 5447 1466 5504; x_wconf 82' lang='lat' dir='ltr'><strong>difficultatis</strong></span> <span class='ocrx_word' id='word_1_774' title='bbox 1496 5430 1553 5502; x_wconf 87' lang='lat' dir='ltr'><strong>in</strong></span> <span class='ocrx_word' id='word_1_775' title='bbox 1601 5448 1705 5503; x_wconf 89' lang='lat' dir='ltr'><strong>hoc</strong></span> <span class='ocrx_word' id='word_1_776' title='bbox 1747 5447 1952 5503; x_wconf 91' lang='lat' dir='ltr'><strong>mundo</strong></span> 
     </span>
     <span class='ocr_line' id='line_1_103' title="bbox 374 5525 1951 5627; baseline 0.001 -34"><span class='ocrx_word' id='word_1_777' title='bbox 374 5538 672 5627; x_wconf 78' lang='lat' dir='ltr'><strong>patiantur,</strong></span> <span class='ocrx_word' id='word_1_778' title='bbox 706 5543 799 5597; x_wconf 85' lang='lat' dir='ltr'><strong>sed</strong></span> <span class='ocrx_word' id='word_1_779' title='bbox 842 5557 910 5598; x_wconf 92' lang='lat' dir='ltr'><strong>ne</strong></span> <span class='ocrx_word' id='word_1_780' title='bbox 970 5541 1195 5613; x_wconf 89' lang='lat' dir='ltr'><strong>projecti</strong></span> <span class='ocrx_word' id='word_1_781' title='bbox 1243 5525 1552 5597; x_wconf 46' lang='lat' dir='ltr'><strong>extra&#39;tuas</strong></span> <span class='ocrx_word' id='word_1_782' title='bbox 1595 5541 1712 5595; x_wconf 74' lang='lat' dir='ltr'><strong>alas</strong></span> <span class='ocrx_word' id='word_1_783' title='bbox 1744 5541 1828 5597; x_wconf 85' lang='lat' dir='ltr'><strong>vel</strong></span> <span class='ocrx_word' id='word_1_784' title='bbox 1855 5556 1951 5611; x_wconf 90' lang='lat' dir='ltr'><strong>per</strong></span> 
     </span>
     <span class='ocr_line' id='line_1_104' title="bbox 375 5629 1952 5704; baseline 0.004 -22"><span class='ocrx_word' id='word_1_785' title='bbox 375 5629 604 5703; x_wconf 78' lang='lat' dir='ltr'><strong>nimiam</strong></span> <span class='ocrx_word' id='word_1_786' title='bbox 646 5646 829 5701; x_wconf 85' lang='lat' dir='ltr'><strong>rerum</strong></span> <span class='ocrx_word' id='word_1_787' title='bbox 885 5633 1264 5704; x_wconf 85' lang='lat' dir='ltr'><strong>temporalium</strong></span> <span class='ocrx_word' id='word_1_788' title='bbox 1308 5632 1660 5703; x_wconf 88' lang='lat' dir='ltr'><strong>indigentiam</strong></span> <span class='ocrx_word' id='word_1_789' title='bbox 1707 5633 1952 5689; x_wconf 86' lang='lat' dir='ltr'><strong>incidant</strong></span> 
     </span>
     <span class='ocr_line' id='line_1_105' title="bbox 378 5713 1949 5797; baseline 0.007 -24"><span class='ocrx_word' id='word_1_790' title='bbox 378 5719 464 5789; x_wconf 58' lang='lat' dir='ltr'><strong>wel⁸</strong></span> <span class='ocrx_word' id='word_1_791' title='bbox 496 5718 720 5781; x_wconf 83' lang='lat' dir='ltr'><strong>induant</strong></span> <span class='ocrx_word' id='word_1_792' title='bbox 749 5713 1052 5793; x_wconf 76' lang='lat' dir='ltr'><strong>avaritiam,</strong></span> <span class='ocrx_word' id='word_1_793' title='bbox 1082 5742 1201 5797; x_wconf 68' lang='lat' dir='ltr'><strong>quae</strong></span> <span class='ocrx_word' id='word_1_794' title='bbox 1239 5734 1321 5784; x_wconf 84' lang='lat' dir='ltr'><strong>est</strong></span> <span class='ocrx_word' id='word_1_795' title='bbox 1347 5726 1496 5782; x_wconf 74' lang='lat' dir='ltr'><strong>larva</strong></span> <span class='ocrx_word' id='word_1_796' title='bbox 1518 5726 1764 5796; x_wconf 80' lang='lat' dir='ltr'><strong>quaedam</strong></span> <span class='ocrx_word' id='word_1_797' title='bbox 1794 5734 1845 5782; x_wconf 89' lang='lat' dir='ltr'><strong>et</strong></span> <span class='ocrx_word' id='word_1_798' title='bbox 1867 5725 1949 5784; x_wconf 75' lang='lat' dir='ltr'><strong>la·</strong></span> 
     </span>
    </p>
   </div>
   <div class='ocr_carea' id='block_1_13' title="bbox 2049 4525 3647 5706">
    <p class='ocr_par' dir='ltr' id='par_1_17' title="bbox 2049 4525 3647 5706">
     <span class='ocr_line' id='line_1_106' title="bbox 2052 4525 3644 4602; baseline -0.009 -13"><span class='ocrx_word' id='word_1_799' title='bbox 2052 4543 2115 4589; x_wconf 88' lang='lat' dir='ltr'><strong>ut</strong></span> <span class='ocrx_word' id='word_1_800' title='bbox 2141 4533 2188 4588; x_wconf 88' lang='lat' dir='ltr'><strong>si</strong></span> <span class='ocrx_word' id='word_1_801' title='bbox 2220 4546 2321 4602; x_wconf 86' lang='lat' dir='ltr'><strong>ego</strong></span> <span class='ocrx_word' id='word_1_802' title='bbox 2346 4530 2524 4600; x_wconf 89' lang='lat' dir='ltr'><strong>palam</strong></span> <span class='ocrx_word' id='word_1_803' title='bbox 2547 4527 2806 4584; x_wconf 80' lang='lat' dir='ltr'><strong>dixissem</strong></span> <span class='ocrx_word' id='word_1_804' title='bbox 2829 4541 2951 4583; x_wconf 87' lang='lat' dir='ltr'><strong>esse</strong></span> <span class='ocrx_word' id='word_1_805' title='bbox 2986 4541 3077 4582; x_wconf 89' lang='lat' dir='ltr'><strong>me</strong></span> <span class='ocrx_word' id='word_1_806' title='bbox 3114 4525 3395 4582; x_wconf 86' lang='lat' dir='ltr'><strong>Christum</strong></span> <span class='ocrx_word' id='word_1_807' title='bbox 3422 4539 3516 4594; x_wconf 90' lang='lat' dir='ltr'><strong>reg</strong></span> <span class='ocrx_word' id='word_1_808' title='bbox 3529 4538 3644 4588; x_wconf 75' lang='lat' dir='ltr'><strong>cni,</strong></span> 
     </span>
     <span class='ocr_line' id='line_1_107' title="bbox 2050 4617 3647 4696; baseline -0.007 -17"><span class='ocrx_word' id='word_1_809' title='bbox 2050 4625 2207 4696; x_wconf 89' lang='lat' dir='ltr'><strong>quasi</strong></span> <span class='ocrx_word' id='word_1_810' title='bbox 2237 4622 2379 4692; x_wconf 86' lang='lat' dir='ltr'><strong>regis</strong></span> <span class='ocrx_word' id='word_1_811' title='bbox 2408 4619 2642 4675; x_wconf 85' lang='lat' dir='ltr'><strong>Romani</strong></span> <span class='ocrx_word' id='word_1_812' title='bbox 2684 4617 3053 4675; x_wconf 85' lang='lat' dir='ltr'><strong>contradictor</strong></span> <span class='ocrx_word' id='word_1_813' title='bbox 3078 4618 3262 4673; x_wconf 88' lang='lat' dir='ltr'><strong>statim</strong></span> <span class='ocrx_word' id='word_1_814' title='bbox 3302 4630 3528 4686; x_wconf 88' lang='lat' dir='ltr'><strong>caperer</strong></span> <span class='ocrx_word' id='word_1_815' title='bbox 3587 4634 3604 4666; x_wconf 79' lang='lat' dir='ltr'><strong>t</strong></span> <span class='ocrx_word' id='word_1_816' title='bbox 3626 4625 3647 4668; x_wconf 90' lang='lat' dir='ltr'><strong>t</strong></span> 
     </span>
     <span class='ocr_line' id='line_1_108' title="bbox 2049 4705 3643 4780; baseline -0.007 -10"><span class='ocrx_word' id='word_1_817' title='bbox 2049 4713 2402 4770; x_wconf 82' lang='lat' dir='ltr'><strong>interficerer.</strong></span> <span class='ocrx_word' id='word_1_818' title='bbox 2429 4709 2584 4766; x_wconf 86' lang='lat' dir='ltr'><strong>Unde</strong></span> <span class='ocrx_word' id='word_1_819' title='bbox 2613 4725 2723 4766; x_wconf 88' lang='lat' dir='ltr'><strong>non</strong></span> <span class='ocrx_word' id='word_1_820' title='bbox 2751 4718 2882 4766; x_wconf 88' lang='lat' dir='ltr'><strong>tunc</strong></span> <span class='ocrx_word' id='word_1_821' title='bbox 2903 4709 3080 4780; x_wconf 89' lang='lat' dir='ltr'><strong>palam</strong></span> <span class='ocrx_word' id='word_1_822' title='bbox 3102 4709 3214 4766; x_wconf 86' lang='lat' dir='ltr'><strong>dixi</strong></span> <span class='ocrx_word' id='word_1_823' title='bbox 3241 4724 3329 4764; x_wconf 92' lang='lat' dir='ltr'><strong>me</strong></span> <span class='ocrx_word' id='word_1_824' title='bbox 3349 4705 3643 4762; x_wconf 81' lang='lat' dir='ltr'><strong>Christum</strong></span> 
     </span>
     <span class='ocr_line' id='line_1_109' title="bbox 2049 4801 3631 4880; baseline -0.004 -18"><span class='ocrx_word' id='word_1_825' title='bbox 2049 4821 2229 4878; x_wconf 89' lang='lat' dir='ltr'><strong>regem</strong></span> <span class='ocrx_word' id='word_1_826' title='bbox 2267 4819 2409 4869; x_wconf 84' lang='lat' dir='ltr'><strong>esse,</strong></span> <span class='ocrx_word' id='word_1_827' title='bbox 2439 4804 2517 4880; x_wconf 88' lang='lat' dir='ltr'><strong>uti</strong></span> <span class='ocrx_word' id='word_1_828' title='bbox 2547 4802 2818 4870; x_wconf 84' lang='lat' dir='ltr'><strong>volebant,</strong></span> <span class='ocrx_word' id='word_1_829' title='bbox 2853 4801 2946 4858; x_wconf 89' lang='lat' dir='ltr'><strong>sed</strong></span> <span class='ocrx_word' id='word_1_830' title='bbox 2973 4802 3086 4858; x_wconf 82' lang='lat' dir='ltr'><strong>dixi</strong></span> <span class='ocrx_word' id='word_1_831' title='bbox 3118 4817 3214 4858; x_wconf 91' lang='lat' dir='ltr'><strong>eos</strong></span> <span class='ocrx_word' id='word_1_832' title='bbox 3259 4817 3368 4857; x_wconf 89' lang='lat' dir='ltr'><strong>non</strong></span> <span class='ocrx_word' id='word_1_833' title='bbox 3416 4817 3540 4857; x_wconf 84' lang='lat' dir='ltr'><strong>esse</strong></span> <span class='ocrx_word' id='word_1_834' title='bbox 3560 4816 3631 4856; x_wconf 89' lang='lat' dir='ltr'><strong>ex</strong></span> 
     </span>
     <span class='ocr_line' id='line_1_110' title="bbox 2052 4892 3632 4962; baseline -0.005 -8"><span class='ocrx_word' id='word_1_835' title='bbox 2052 4898 2244 4954; x_wconf 88' lang='lat' dir='ltr'><strong>ovibus</strong></span> <span class='ocrx_word' id='word_1_836' title='bbox 2270 4895 2428 4962; x_wconf 88' lang='lat' dir='ltr'><strong>meis,</strong></span> <span class='ocrx_word' id='word_1_837' title='bbox 2458 4903 2520 4949; x_wconf 85' lang='lat' dir='ltr'><strong>nt</strong></span> <span class='ocrx_word' id='word_1_838' title='bbox 2539 4892 2771 4948; x_wconf 80' lang='lat' dir='ltr'><strong>Romani</strong></span> <span class='ocrx_word' id='word_1_839' title='bbox 2799 4893 2998 4950; x_wconf 87' lang='lat' dir='ltr'><strong>milites</strong></span> <span class='ocrx_word' id='word_1_840' title='bbox 3024 4892 3306 4949; x_wconf 89' lang='lat' dir='ltr'><strong>audientes</strong></span> <span class='ocrx_word' id='word_1_841' title='bbox 3334 4907 3421 4947; x_wconf 91' lang='lat' dir='ltr'><strong>mc</strong></span> <span class='ocrx_word' id='word_1_842' title='bbox 3443 4898 3632 4961; x_wconf 86' lang='lat' dir='ltr'><strong>pasto-</strong></span> 
     </span>
     <span class='ocr_line' id='line_1_111' title="bbox 2052 4984 3628 5066; baseline -0.004 -21"><span class='ocrx_word' id='word_1_843' title='bbox 2052 5005 2167 5057; x_wconf 81' lang='lat' dir='ltr'><strong>rem</strong></span> <span class='ocrx_word' id='word_1_844' title='bbox 2196 4987 2375 5066; x_wconf 84' lang='lat' dir='ltr'><strong>potius</strong></span> <span class='ocrx_word' id='word_1_845' title='bbox 2407 5001 2573 5056; x_wconf 88' lang='lat' dir='ltr'><strong>quam</strong></span> <span class='ocrx_word' id='word_1_846' title='bbox 2614 5000 2796 5056; x_wconf 85' lang='lat' dir='ltr'><strong>regem</strong></span> <span class='ocrx_word' id='word_1_847' title='bbox 2821 4984 3114 5057; x_wconf 85' lang='lat' dir='ltr'><strong>designari,</strong></span> <span class='ocrx_word' id='word_1_848' title='bbox 3150 4984 3461 5041; x_wconf 86' lang='lat' dir='ltr'><strong>desinerent</strong></span> <span class='ocrx_word' id='word_1_849' title='bbox 3491 4984 3628 5038; x_wconf 89' lang='lat' dir='ltr'><strong>mihi</strong></span> 
     </span>
     <span class='ocr_line' id='line_1_112' title="bbox 2053 5077 3628 5152; baseline -0.004 -15"><span class='ocrx_word' id='word_1_850' title='bbox 2053 5082 2323 5152; x_wconf 86' lang='lat' dir='ltr'><strong>indignari</strong></span> <span class='ocrx_word' id='word_1_851' title='bbox 2384 5078 2466 5134; x_wconf 84' lang='lat' dir='ltr'><strong>vel</strong></span> <span class='ocrx_word' id='word_1_852' title='bbox 2516 5078 2785 5146; x_wconf 86' lang='lat' dir='ltr'><strong>insidiari,</strong></span> <span class='ocrx_word' id='word_1_853' title='bbox 2816 5077 3036 5149; x_wconf 88' lang='lat' dir='ltr'><strong>quando</strong></span> <span class='ocrx_word' id='word_1_854' title='bbox 3076 5092 3264 5133; x_wconf 90' lang='lat' dir='ltr'><strong>curam</strong></span> <span class='ocrx_word' id='word_1_855' title='bbox 3303 5091 3478 5131; x_wconf 91' lang='lat' dir='ltr'><strong>meam</strong></span> <span class='ocrx_word' id='word_1_856' title='bbox 3533 5092 3628 5146; x_wconf 85' lang='lat' dir='ltr'><strong>pa-</strong></span> 
     </span>
     <span class='ocr_line' id='line_1_113' title="bbox 2054 5169 3627 5245; baseline -0.003 -15"><span class='ocrx_word' id='word_1_857' title='bbox 2054 5174 2309 5245; x_wconf 88' lang='lat' dir='ltr'><strong>storalem</strong></span> <span class='ocrx_word' id='word_1_858' title='bbox 2339 5187 2447 5228; x_wconf 90' lang='lat' dir='ltr'><strong>non</strong></span> <span class='ocrx_word' id='word_1_859' title='bbox 2480 5169 2842 5241; x_wconf 88' lang='lat' dir='ltr'><strong>intelligerent</strong></span> <span class='ocrx_word' id='word_1_860' title='bbox 2875 5171 3075 5227; x_wconf 89' lang='lat' dir='ltr'><strong>habere</strong></span> <span class='ocrx_word' id='word_1_861' title='bbox 3116 5178 3435 5242; x_wconf 87' lang='lat' dir='ltr'><strong>potestatem</strong></span> <span class='ocrx_word' id='word_1_862' title='bbox 3468 5184 3627 5239; x_wconf 80' lang='lat' dir='ltr'><strong>rega-</strong></span> 
     </span>
     <span class='ocr_line' id='line_1_114' title="bbox 2053 5260 3628 5339; baseline -0.003 -19"><span class='ocrx_word' id='word_1_863' title='bbox 2053 5266 2179 5331; x_wconf 92' lang='lat' dir='ltr'><strong>lem,</strong></span> <span class='ocrx_word' id='word_1_864' title='bbox 2204 5263 2346 5334; x_wconf 86' lang='lat' dir='ltr'><strong>quod</strong></span> <span class='ocrx_word' id='word_1_865' title='bbox 2374 5271 2576 5328; x_wconf 89' lang='lat' dir='ltr'><strong>tamen,</strong></span> <span class='ocrx_word' id='word_1_866' title='bbox 2601 5261 2728 5317; x_wconf 89' lang='lat' dir='ltr'><strong>licet</strong></span> <span class='ocrx_word' id='word_1_867' title='bbox 2754 5260 2934 5339; x_wconf 88' lang='lat' dir='ltr'><strong>palam</strong></span> <span class='ocrx_word' id='word_1_868' title='bbox 2967 5277 3077 5318; x_wconf 94' lang='lat' dir='ltr'><strong>non</strong></span> <span class='ocrx_word' id='word_1_869' title='bbox 3103 5261 3376 5332; x_wconf 88' lang='lat' dir='ltr'><strong>loquerer,</strong></span> <span class='ocrx_word' id='word_1_870' title='bbox 3398 5260 3628 5316; x_wconf 88' lang='lat' dir='ltr'><strong>omnino</strong></span> 
     </span>
     <span class='ocr_line' id='line_1_115' title="bbox 2052 5351 3628 5430; baseline -0.003 -17"><span class='ocrx_word' id='word_1_871' title='bbox 2052 5372 2161 5427; x_wconf 85' lang='lat' dir='ltr'><strong>non</strong></span> <span class='ocrx_word' id='word_1_872' title='bbox 2216 5355 2380 5413; x_wconf 89' lang='lat' dir='ltr'><strong>tacui.</strong></span> <span class='ocrx_word' id='word_1_873' title='bbox 2419 5353 2541 5408; x_wconf 83' lang='lat' dir='ltr'><strong>Dixi</strong></span> <span class='ocrx_word' id='word_1_874' title='bbox 2574 5354 2725 5430; x_wconf 87' lang='lat' dir='ltr'><strong>enim</strong></span> <span class='ocrx_word' id='word_1_875' title='bbox 2759 5372 2773 5409; x_wconf 78' lang='grc' dir='ltr'><strong><em>ε</em></strong></span> <span class='ocrx_word' id='word_1_876' title='bbox 2807 5375 2827 5408; x_wconf 78' lang='grc' dir='ltr'>ι</span> <span class='ocrx_word' id='word_1_877' title='bbox 2861 5353 3033 5411; x_wconf 88' lang='lat' dir='ltr'><strong>Nemo</strong></span> <span class='ocrx_word' id='word_1_878' title='bbox 3095 5364 3273 5426; x_wconf 89' lang='lat' dir='ltr'><strong>potest</strong></span> <span class='ocrx_word' id='word_1_879' title='bbox 3322 5368 3512 5424; x_wconf 89' lang='lat' dir='ltr'><strong>rapere</strong></span> <span class='ocrx_word' id='word_1_880' title='bbox 3555 5351 3628 5408; x_wconf 81' lang='lat' dir='ltr'><strong>de</strong></span> 
     </span>
     <span class='ocr_line' id='line_1_116' title="bbox 2052 5446 3628 5522; baseline -0.004 -15"><span class='ocrx_word' id='word_1_881' title='bbox 2052 5465 2220 5506; x_wconf 88' lang='lat' dir='ltr'><strong>manu</strong></span> <span class='ocrx_word' id='word_1_882' title='bbox 2248 5447 2426 5503; x_wconf 83' lang='lat' dir='ltr'><strong>Patris</strong></span> <span class='ocrx_word' id='word_1_883' title='bbox 2458 5446 2564 5502; x_wconf 89' lang='lat' dir='ltr'><strong>mei</strong></span> <span class='ocrx_word' id='word_1_884' title='bbox 2607 5446 2785 5517; x_wconf 55' lang='lat' dir='ltr'><strong>(ibim,</strong></span> <span class='ocrx_word' id='word_1_885' title='bbox 2814 5446 2906 5515; x_wconf 88' lang='grc'><strong>28,</strong></span> <span class='ocrx_word' id='word_1_886' title='bbox 2953 5448 3069 5522; x_wconf 80' lang='grc'><strong>29),</strong></span> <span class='ocrx_word' id='word_1_887' title='bbox 3100 5468 3119 5502; x_wconf 72' lang='grc' dir='ltr'>ι</span> <span class='ocrx_word' id='word_1_888' title='bbox 3146 5457 3200 5504; x_wconf 90' lang='lat' dir='ltr'><strong>et</strong></span> <span class='ocrx_word' id='word_1_889' title='bbox 3244 5456 3406 5504; x_wconf 90' lang='lat' dir='ltr'><strong>nemo</strong></span> <span class='ocrx_word' id='word_1_890' title='bbox 3446 5453 3628 5517; x_wconf 80' lang='lat' dir='ltr'><strong>potest</strong></span> 
     </span>
     <span class='ocr_line' id='line_1_117' title="bbox 2051 5537 3629 5610; baseline -0.002 -15"><span class='ocrx_word' id='word_1_891' title='bbox 2051 5554 2242 5610; x_wconf 88' lang='lat' dir='ltr'><strong>rapere</strong></span> <span class='ocrx_word' id='word_1_892' title='bbox 2263 5537 2331 5593; x_wconf 91' lang='lat' dir='ltr'><strong>de</strong></span> <span class='ocrx_word' id='word_1_893' title='bbox 2357 5551 2523 5592; x_wconf 90' lang='lat' dir='ltr'><strong>manu</strong></span> <span class='ocrx_word' id='word_1_894' title='bbox 2544 5551 2686 5592; x_wconf 90' lang='lat' dir='ltr'><strong>mea.</strong></span> <span class='ocrx_word' id='word_1_895' title='bbox 2717 5537 2784 5593; x_wconf 83' lang='lat' dir='ltr'><strong>Et</strong></span> <span class='ocrx_word' id='word_1_896' title='bbox 2809 5539 2980 5610; x_wconf 83' lang='lat' dir='ltr'><strong>adjeci</strong></span> <span class='ocrx_word' id='word_1_897' title='bbox 3005 5558 3019 5593; x_wconf 91' lang='lat'>:</span> <span class='ocrx_word' id='word_1_898' title='bbox 3054 5558 3074 5591; x_wconf 77' lang='grc' dir='ltr'>ι</span> <span class='ocrx_word' id='word_1_899' title='bbox 3107 5538 3211 5596; x_wconf 89' lang='lat' dir='ltr'><strong>Sed</strong></span> <span class='ocrx_word' id='word_1_900' title='bbox 3235 5554 3334 5594; x_wconf 86' lang='lat' dir='ltr'><strong>vos</strong></span> <span class='ocrx_word' id='word_1_901' title='bbox 3366 5551 3475 5594; x_wconf 92' lang='lat' dir='ltr'><strong>non</strong></span> <span class='ocrx_word' id='word_1_902' title='bbox 3504 5551 3629 5593; x_wconf 87' lang='lat' dir='ltr'><strong>cre-</strong></span> 
     </span>
     <span class='ocr_line' id='line_1_118' title="bbox 2052 5606 3628 5706; baseline 0 -22"><span class='ocrx_word' id='word_1_903' title='bbox 2052 5629 2199 5696; x_wconf 86' lang='lat' dir='ltr'><strong>ditis,</strong></span> <span class='ocrx_word' id='word_1_904' title='bbox 2216 5628 2344 5699; x_wconf 87' lang='lat' dir='ltr'><strong>quia</strong></span> <span class='ocrx_word' id='word_1_905' title='bbox 2371 5642 2479 5683; x_wconf 88' lang='lat' dir='ltr'><strong>non</strong></span> <span class='ocrx_word' id='word_1_906' title='bbox 2509 5628 2644 5685; x_wconf 87' lang='lat' dir='ltr'><strong>estis</strong></span> <span class='ocrx_word' id='word_1_907' title='bbox 2671 5645 2737 5686; x_wconf 85' lang='lat' dir='ltr'><strong>ex</strong></span> <span class='ocrx_word' id='word_1_908' title='bbox 2763 5617 2955 5688; x_wconf 80' lang='lat' dir='ltr'><strong>ovibus</strong></span> <span class='ocrx_word' id='word_1_909' title='bbox 2974 5632 3112 5706; x_wconf 88' lang='lat' dir='ltr'><strong>meis</strong></span> <span class='ocrx_word' id='word_1_910' title='bbox 3128 5606 3313 5703; x_wconf 52' lang='lat' dir='ltr'><strong>(ibim,</strong></span> <span class='ocrx_word' id='word_1_911' title='bbox 3341 5631 3454 5699; x_wconf 86' lang='grc'><strong>26).</strong></span> <span class='ocrx_word' id='word_1_912' title='bbox 3480 5649 3500 5682; x_wconf 80' lang='grc' dir='ltr'>ι</span> <span class='ocrx_word' id='word_1_913' title='bbox 3521 5628 3628 5684; x_wconf 82' lang='lat' dir='ltr'><strong>Pcr</strong></span> 
     </span>
    </p>
   </div>
   <div class='ocr_carea' id='block_1_14' title="bbox 2053 5726 3627 5806">
    <p class='ocr_par' dir='ltr' id='par_1_18' title="bbox 2053 5726 3627 5806">
     <span class='ocr_line' id='line_1_119' title="bbox 2053 5726 3627 5806; baseline 0.003 -21"><span class='ocrx_word' id='word_1_914' title='bbox 2053 5727 2169 5785; x_wconf 84' lang='lat' dir='ltr'><strong>haec</strong></span> <span class='ocrx_word' id='word_1_915' title='bbox 2194 5726 2359 5786; x_wconf 85' lang='lat' dir='ltr'><strong>verba</strong></span> <span class='ocrx_word' id='word_1_916' title='bbox 2386 5726 2591 5786; x_wconf 86' lang='lat' dir='ltr'><strong>delusis</strong></span> <span class='ocrx_word' id='word_1_917' title='bbox 2639 5728 2903 5788; x_wconf 85' lang='lat' dir='ltr'><strong>Romanis</strong></span> <span class='ocrx_word' id='word_1_918' title='bbox 2956 5731 3127 5789; x_wconf 87' lang='lat' dir='ltr'><strong>multa</strong></span> <span class='ocrx_word' id='word_1_919' title='bbox 3173 5732 3465 5806; x_wconf 37' lang='lat' dir='ltr'><strong>disputavi·</strong></span> <span class='ocrx_word' id='word_1_920' title='bbox 3492 5746 3627 5798; x_wconf 71' lang='lat' dir='ltr'><strong>cunt,</strong></span> 
     </span>
    </p>
   </div>
  </div>
 </body>
</html>
