<?xml version="1.0" encoding="UTF-8"?>
<!DOCTYPE html PUBLIC "-//W3C//DTD XHTML 1.0 Transitional//EN"
    "http://www.w3.org/TR/xhtml1/DTD/xhtml1-transitional.dtd">
<html xmlns="http://www.w3.org/1999/xhtml" xml:lang="en" lang="en">
 <head>
  <title>
</title>
<meta http-equiv="Content-Type" content="text/html;charset=utf-8" />
  <meta name='ocr-system' content='tesseract 3.04.00' />
  <meta name='ocr-capabilities' content='ocr_page ocr_carea ocr_par ocr_line ocrx_word'/>
</head>
<body>
  <div class='ocr_page' id='page_1' title='image "./patrologiaecurs169unkngoog_0635.png"; bbox 0 0 3817 6000; ppageno 0'>
   <div class='ocr_carea' id='block_1_1' title="bbox 108 281 3354 469">
    <p class='ocr_par' dir='ltr' id='par_1_1' title="bbox 108 281 3354 469">
     <span class='ocr_line' id='line_1_1' title="bbox 108 281 3350 345; baseline -0.001 -1"><span class='ocrx_word' id='word_1_1' title='bbox 108 282 233 345; x_wconf 71' lang='lat'><strong>¹262</strong></span> <span class='ocrx_word' id='word_1_2' title='bbox 751 281 1306 339; x_wconf 64' lang='lat' dir='ltr'><strong>constENTAntUtt</strong></span> <span class='ocrx_word' id='word_1_3' title='bbox 1346 283 1410 339; x_wconf 79' lang='grc' dir='ltr'><strong>ΙΝ</strong></span> <span class='ocrx_word' id='word_1_4' title='bbox 1448 281 1785 339; x_wconf 66' lang='grc' dir='ltr'><strong>ΡΒᾹΙΜΟΒ.</strong></span> <span class='ocrx_word' id='word_1_5' title='bbox 1816 311 1845 318; x_wconf 89' lang='lat'><strong>·-</strong></span> <span class='ocrx_word' id='word_1_6' title='bbox 1882 283 2061 337; x_wconf 64' lang='lat' dir='ltr'><strong>Pntffi</strong></span> <span class='ocrx_word' id='word_1_7' title='bbox 2105 285 2161 338; x_wconf 82' lang='lat' dir='ltr'><strong>li.</strong></span> <span class='ocrx_word' id='word_1_8' title='bbox 2189 317 2250 325; x_wconf 51' lang='lat'><strong>...-</strong></span> <span class='ocrx_word' id='word_1_9' title='bbox 2285 281 2474 337; x_wconf 60' lang='lat' dir='ltr'><strong>l’SnL.</strong></span> <span class='ocrx_word' id='word_1_10' title='bbox 2522 285 2706 337; x_wconf 57' lang='lat' dir='ltr'><strong>xiix.</strong></span> <span class='ocrx_word' id='word_1_11' title='bbox 3181 284 3350 341; x_wconf 50' lang='lat'><strong>4262</strong></span> 
     </span>
     <span class='ocr_line' id='line_1_2' title="bbox 109 377 3354 469; baseline 0 -15"><span class='ocrx_word' id='word_1_12' title='bbox 109 395 278 467; x_wconf 83' lang='lat' dir='ltr'><strong>magis</strong></span> <span class='ocrx_word' id='word_1_13' title='bbox 304 409 485 467; x_wconf 82' lang='lat' dir='ltr'><strong>regem</strong></span> <span class='ocrx_word' id='word_1_14' title='bbox 514 393 891 450; x_wconf 75' lang='lat' dir='ltr'><strong>Caesaremvel</strong></span> <span class='ocrx_word' id='word_1_15' title='bbox 926 398 1088 451; x_wconf 87' lang='lat' dir='ltr'><strong>etiam</strong></span> <span class='ocrx_word' id='word_1_16' title='bbox 1118 396 1451 452; x_wconf 78' lang='lat' dir='ltr'><strong>Bari-abbam</strong></span> <span class='ocrx_word' id='word_1_17' title='bbox 1491 377 1674 453; x_wconf 79' lang='lat' dir='ltr'><strong>latro·</strong></span> <span class='ocrx_word' id='word_1_18' title='bbox 1701 403 1747 458; x_wconf 83' lang='lat' dir='ltr'>A</span> <span class='ocrx_word' id='word_1_19' title='bbox 1777 396 1904 451; x_wconf 86' lang='lat' dir='ltr'><strong>vitia</strong></span> <span class='ocrx_word' id='word_1_20' title='bbox 1937 409 2337 469; x_wconf 57' lang='lat' dir='ltr'><strong>perrarqnnntnr</strong></span> <span class='ocrx_word' id='word_1_21' title='bbox 2373 401 2714 465; x_wconf 63' lang='lat' dir='ltr'><strong>inf-refanum.</strong></span> <span class='ocrx_word' id='word_1_22' title='bbox 2754 401 2818 449; x_wconf 65' lang='lat' dir='ltr'><strong>Jtt</strong></span> <span class='ocrx_word' id='word_1_23' title='bbox 2842 407 3026 455; x_wconf 67' lang='lat' dir='ltr'><strong>cotnra</strong></span> <span class='ocrx_word' id='word_1_24' title='bbox 3051 397 3354 456; x_wconf 66' lang='lat' dir='ltr'><strong>Pharisaeo-</strong></span> 
     </span>
    </p>
   </div>
   <div class='ocr_carea' id='block_1_2' title="bbox 80 486 1681 3040">
    <p class='ocr_par' dir='ltr' id='par_1_2' title="bbox 105 486 1677 648">
     <span class='ocr_line' id='line_1_3' title="bbox 106 486 1677 557; baseline 0.001 -14"><span class='ocrx_word' id='word_1_25' title='bbox 106 503 248 550; x_wconf 85' lang='lat' dir='ltr'><strong>nem,</strong></span> <span class='ocrx_word' id='word_1_26' title='bbox 285 501 448 557; x_wconf 88' lang='lat' dir='ltr'><strong>quam</strong></span> <span class='ocrx_word' id='word_1_27' title='bbox 473 486 646 553; x_wconf 89' lang='lat' dir='ltr'><strong>illum,</strong></span> <span class='ocrx_word' id='word_1_28' title='bbox 676 486 863 542; x_wconf 84' lang='lat' dir='ltr'><strong>volens</strong></span> <span class='ocrx_word' id='word_1_29' title='bbox 892 487 995 542; x_wconf 82' lang='lat' dir='ltr'><strong>hoc</strong></span> <span class='ocrx_word' id='word_1_30' title='bbox 1054 488 1216 543; x_wconf 87' lang='lat' dir='ltr'><strong>modo</strong></span> <span class='ocrx_word' id='word_1_31' title='bbox 1265 487 1477 543; x_wconf 87' lang='lat' dir='ltr'><strong>irritare</strong></span> <span class='ocrx_word' id='word_1_32' title='bbox 1523 488 1677 544; x_wconf 90' lang='lat' dir='ltr'><strong>illum</strong></span> 
     </span>
     <span class='ocr_line' id='line_1_4' title="bbox 105 578 654 648; baseline -0.005 -13"><span class='ocrx_word' id='word_1_33' title='bbox 105 579 170 635; x_wconf 89' lang='lat' dir='ltr'><strong>ad</strong></span> <span class='ocrx_word' id='word_1_34' title='bbox 197 578 654 648; x_wconf 74' lang='lat' dir='ltr'><strong>indignationem.</strong></span> 
     </span>
    </p>

    <p class='ocr_par' dir='ltr' id='par_1_3' title="bbox 80 669 1681 3040">
     <span class='ocr_line' id='line_1_5' title="bbox 174 669 1681 741; baseline 0.004 -17"><span class='ocrx_word' id='word_1_35' title='bbox 174 670 326 726; x_wconf 86' lang='lat' dir='ltr'><strong>Sicut</strong></span> <span class='ocrx_word' id='word_1_36' title='bbox 348 669 476 725; x_wconf 74' lang='lat' dir='ltr'><strong>fecit</strong></span> <span class='ocrx_word' id='word_1_37' title='bbox 505 669 561 724; x_wconf 89' lang='lat' dir='ltr'><strong>in</strong></span> <span class='ocrx_word' id='word_1_38' title='bbox 610 670 786 740; x_wconf 86' lang='lat' dir='ltr'><strong>capite</strong></span> <span class='ocrx_word' id='word_1_39' title='bbox 827 686 1054 741; x_wconf 86' lang='lat' dir='ltr'><strong>serpens</strong></span> <span class='ocrx_word' id='word_1_40' title='bbox 1104 671 1397 741; x_wconf 86' lang='lat' dir='ltr'><strong>malignus,</strong></span> <span class='ocrx_word' id='word_1_41' title='bbox 1422 672 1497 728; x_wconf 89' lang='lat' dir='ltr'><strong>ita</strong></span> <span class='ocrx_word' id='word_1_42' title='bbox 1550 671 1681 730; x_wconf 78' lang='lat' dir='ltr'><strong>facit</strong></span> 
     </span>
     <span class='ocr_line' id='line_1_6' title="bbox 103 760 1677 834; baseline 0.003 -17"><span class='ocrx_word' id='word_1_43' title='bbox 103 762 261 817; x_wconf 87' lang='lat' dir='ltr'><strong>etiam</strong></span> <span class='ocrx_word' id='word_1_44' title='bbox 291 762 345 815; x_wconf 91' lang='lat' dir='ltr'><strong>in</strong></span> <span class='ocrx_word' id='word_1_45' title='bbox 376 762 656 816; x_wconf 81' lang='lat' dir='ltr'><strong>membris,</strong></span> <span class='ocrx_word' id='word_1_46' title='bbox 683 760 833 828; x_wconf 86' lang='lat' dir='ltr'><strong>Quos</strong></span> <span class='ocrx_word' id='word_1_47' title='bbox 862 778 969 816; x_wconf 86' lang='lat' dir='ltr'><strong>non</strong></span> <span class='ocrx_word' id='word_1_48' title='bbox 994 769 1171 832; x_wconf 87' lang='lat' dir='ltr'><strong>potest</strong></span> <span class='ocrx_word' id='word_1_49' title='bbox 1193 763 1413 818; x_wconf 85' lang='lat' dir='ltr'><strong>vincere</strong></span> <span class='ocrx_word' id='word_1_50' title='bbox 1436 779 1532 834; x_wconf 86' lang='lat' dir='ltr'><strong>per</strong></span> <span class='ocrx_word' id='word_1_51' title='bbox 1557 764 1677 822; x_wconf 89' lang='lat' dir='ltr'><strong>ille·</strong></span> 
     </span>
     <span class='ocr_line' id='line_1_7' title="bbox 103 853 1678 928; baseline 0.003 -20"><span class='ocrx_word' id='word_1_52' title='bbox 103 853 350 919; x_wconf 88' lang='lat' dir='ltr'><strong>cebrosa,</strong></span> <span class='ocrx_word' id='word_1_53' title='bbox 384 863 441 909; x_wconf 92' lang='grc' dir='ltr'><strong>ιιι</strong></span> <span class='ocrx_word' id='word_1_54' title='bbox 473 853 842 918; x_wconf 75' lang='lat' dir='ltr'><strong>luxurientur,</strong></span> <span class='ocrx_word' id='word_1_55' title='bbox 887 863 1057 909; x_wconf 89' lang='lat' dir='ltr'><strong>tentat</strong></span> <span class='ocrx_word' id='word_1_56' title='bbox 1105 869 1203 925; x_wconf 88' lang='lat' dir='ltr'><strong>per</strong></span> <span class='ocrx_word' id='word_1_57' title='bbox 1254 870 1463 923; x_wconf 86' lang='lat' dir='ltr'><strong>amara,</strong></span> <span class='ocrx_word' id='word_1_58' title='bbox 1488 865 1547 911; x_wconf 89' lang='grc' dir='ltr'><strong>ιιι</strong></span> <span class='ocrx_word' id='word_1_59' title='bbox 1575 856 1678 928; x_wconf 86' lang='lat' dir='ltr'><strong>ipsi</strong></span> 
     </span>
     <span class='ocr_line' id='line_1_8' title="bbox 102 945 1680 1020; baseline 0.004 -19"><span class='ocrx_word' id='word_1_60' title='bbox 102 945 486 1012; x_wconf 78' lang='lat' dir='ltr'><strong>amaricentur,</strong></span> <span class='ocrx_word' id='word_1_61' title='bbox 510 954 564 1001; x_wconf 89' lang='lat' dir='ltr'><strong>et</strong></span> <span class='ocrx_word' id='word_1_62' title='bbox 586 946 708 1001; x_wconf 87' lang='lat' dir='ltr'><strong>aliis</strong></span> <span class='ocrx_word' id='word_1_63' title='bbox 742 947 1113 1018; x_wconf 80' lang='lat' dir='ltr'><strong>indignentur.</strong></span> <span class='ocrx_word' id='word_1_64' title='bbox 1158 946 1307 1014; x_wconf 85' lang='lat' dir='ltr'><strong>Quos</strong></span> <span class='ocrx_word' id='word_1_65' title='bbox 1359 962 1470 1003; x_wconf 90' lang='lat' dir='ltr'><strong>non</strong></span> <span class='ocrx_word' id='word_1_66' title='bbox 1500 958 1680 1020; x_wconf 88' lang='lat' dir='ltr'><strong>potest</strong></span> 
     </span>
     <span class='ocr_line' id='line_1_9' title="bbox 100 1034 1673 1109; baseline 0.002 -17"><span class='ocrx_word' id='word_1_67' title='bbox 100 1036 316 1092; x_wconf 84' lang='lat' dir='ltr'><strong>vincere</strong></span> <span class='ocrx_word' id='word_1_68' title='bbox 369 1050 465 1106; x_wconf 89' lang='lat' dir='ltr'><strong>per</strong></span> <span class='ocrx_word' id='word_1_69' title='bbox 511 1036 754 1103; x_wconf 85' lang='lat' dir='ltr'><strong>curiosa,</strong></span> <span class='ocrx_word' id='word_1_70' title='bbox 783 1045 842 1092; x_wconf 84' lang='lat' dir='ltr'><strong>nt</strong></span> <span class='ocrx_word' id='word_1_71' title='bbox 875 1052 969 1093; x_wconf 88' lang='lat' dir='ltr'><strong>cos</strong></span> <span class='ocrx_word' id='word_1_72' title='bbox 1003 1037 1232 1093; x_wconf 86' lang='lat' dir='ltr'><strong>delectet</strong></span> <span class='ocrx_word' id='word_1_73' title='bbox 1277 1034 1673 1109; x_wconf 68' lang='lat' dir='ltr'><strong>spectaculum,</strong></span> 
     </span>
     <span class='ocr_line' id='line_1_10' title="bbox 100 1127 1675 1200; baseline 0.004 -18"><span class='ocrx_word' id='word_1_74' title='bbox 100 1128 239 1183; x_wconf 84' lang='lat' dir='ltr'><strong>tollit</strong></span> <span class='ocrx_word' id='word_1_75' title='bbox 265 1128 348 1183; x_wconf 86' lang='lat' dir='ltr'><strong>eis</strong></span> <span class='ocrx_word' id='word_1_76' title='bbox 404 1127 695 1198; x_wconf 79' lang='lat' dir='ltr'><strong>aliquoties</strong></span> <span class='ocrx_word' id='word_1_77' title='bbox 746 1144 910 1185; x_wconf 88' lang='lat' dir='ltr'><strong>omne</strong></span> <span class='ocrx_word' id='word_1_78' title='bbox 962 1131 1356 1200; x_wconf 83' lang='lat' dir='ltr'>spectaculum,</span> <span class='ocrx_word' id='word_1_79' title='bbox 1416 1140 1495 1198; x_wconf 89' lang='lat' dir='ltr'><strong>ut,</strong></span> <span class='ocrx_word' id='word_1_80' title='bbox 1542 1132 1675 1189; x_wconf 88' lang='lat' dir='ltr'><strong>dum</strong></span> 
     </span>
     <span class='ocr_line' id='line_1_11' title="bbox 100 1220 1674 1296; baseline 0.003 -19"><span class='ocrx_word' id='word_1_81' title='bbox 100 1236 200 1277; x_wconf 89' lang='lat' dir='ltr'><strong>nec</strong></span> <span class='ocrx_word' id='word_1_82' title='bbox 228 1220 334 1291; x_wconf 90' lang='lat' dir='ltr'><strong>ipsi</strong></span> <span class='ocrx_word' id='word_1_83' title='bbox 361 1221 580 1277; x_wconf 89' lang='lat' dir='ltr'><strong>curiose</strong></span> <span class='ocrx_word' id='word_1_84' title='bbox 617 1230 883 1291; x_wconf 86' lang='lat' dir='ltr'><strong>spectant,</strong></span> <span class='ocrx_word' id='word_1_85' title='bbox 908 1237 1009 1277; x_wconf 87' lang='lat' dir='ltr'><strong>nec</strong></span> <span class='ocrx_word' id='word_1_86' title='bbox 1036 1223 1109 1277; x_wconf 88' lang='lat' dir='ltr'><strong>ab</strong></span> <span class='ocrx_word' id='word_1_87' title='bbox 1135 1223 1258 1279; x_wconf 90' lang='lat' dir='ltr'><strong>aliis</strong></span> <span class='ocrx_word' id='word_1_88' title='bbox 1282 1224 1499 1281; x_wconf 90' lang='lat' dir='ltr'><strong>curiose</strong></span> <span class='ocrx_word' id='word_1_89' title='bbox 1549 1241 1674 1296; x_wconf 87' lang='lat' dir='ltr'><strong>spe-</strong></span> 
     </span>
     <span class='ocr_line' id='line_1_12' title="bbox 99 1312 1675 1380; baseline 0.004 -13"><span class='ocrx_word' id='word_1_90' title='bbox 99 1321 338 1379; x_wconf 87' lang='lat' dir='ltr'><strong>ctantur,</strong></span> <span class='ocrx_word' id='word_1_91' title='bbox 375 1312 534 1368; x_wconf 66' lang='lat' dir='ltr'><strong>taedio</strong></span> <span class='ocrx_word' id='word_1_92' title='bbox 557 1312 683 1368; x_wconf 63' lang='lat' dir='ltr'><strong>vitae</strong></span> <span class='ocrx_word' id='word_1_93' title='bbox 708 1313 957 1370; x_wconf 84' lang='lat' dir='ltr'><strong>obscurae</strong></span> <span class='ocrx_word' id='word_1_94' title='bbox 981 1313 1173 1380; x_wconf 70' lang='lat' dir='ltr'><strong>‚affecti</strong></span> <span class='ocrx_word' id='word_1_95' title='bbox 1230 1331 1392 1371; x_wconf 88' lang='lat' dir='ltr'><strong>curas</strong></span> <span class='ocrx_word' id='word_1_96' title='bbox 1443 1317 1675 1373; x_wconf 87' lang='lat' dir='ltr'><strong>habeant</strong></span> 
     </span>
     <span class='ocr_line' id='line_1_13' title="bbox 98 1403 1671 1477; baseline 0.003 -18"><span class='ocrx_word' id='word_1_97' title='bbox 98 1403 384 1460; x_wconf 82' lang='lat' dir='ltr'><strong>mordaces</strong></span> <span class='ocrx_word' id='word_1_98' title='bbox 427 1413 482 1460; x_wconf 92' lang='lat' dir='ltr'><strong>et</strong></span> <span class='ocrx_word' id='word_1_99' title='bbox 502 1404 854 1476; x_wconf 86' lang='lat' dir='ltr'><strong>indignentur</strong></span> <span class='ocrx_word' id='word_1_100' title='bbox 875 1419 976 1476; x_wconf 85' lang='lat' dir='ltr'><strong>pro</strong></span> <span class='ocrx_word' id='word_1_101' title='bbox 1003 1421 1070 1461; x_wconf 88' lang='lat' dir='ltr'><strong>eo</strong></span> <span class='ocrx_word' id='word_1_102' title='bbox 1118 1408 1263 1477; x_wconf 87' lang='lat' dir='ltr'><strong>quod</strong></span> <span class='ocrx_word' id='word_1_103' title='bbox 1299 1423 1405 1463; x_wconf 90' lang='lat' dir='ltr'><strong>non</strong></span> <span class='ocrx_word' id='word_1_104' title='bbox 1450 1417 1575 1465; x_wconf 90' lang='lat' dir='ltr'><strong>sunt</strong></span> <span class='ocrx_word' id='word_1_105' title='bbox 1616 1409 1671 1464; x_wconf 92' lang='lat' dir='ltr'><strong>in</strong></span> 
     </span>
     <span class='ocr_line' id='line_1_14' title="bbox 96 1494 1673 1572; baseline 0.004 -21"><span class='ocrx_word' id='word_1_106' title='bbox 96 1496 202 1551; x_wconf 86' lang='lat' dir='ltr'><strong>hoc</strong></span> <span class='ocrx_word' id='word_1_107' title='bbox 237 1495 441 1551; x_wconf 90' lang='lat' dir='ltr'><strong>mundo</strong></span> <span class='ocrx_word' id='word_1_108' title='bbox 468 1496 812 1568; x_wconf 85' lang='lat' dir='ltr'><strong>spectabiles.</strong></span> <span class='ocrx_word' id='word_1_109' title='bbox 839 1494 987 1562; x_wconf 86' lang='lat' dir='ltr'><strong>Quos</strong></span> <span class='ocrx_word' id='word_1_110' title='bbox 1015 1512 1125 1552; x_wconf 89' lang='lat' dir='ltr'><strong>non</strong></span> <span class='ocrx_word' id='word_1_111' title='bbox 1142 1507 1319 1568; x_wconf 89' lang='lat' dir='ltr'><strong>potest</strong></span> <span class='ocrx_word' id='word_1_112' title='bbox 1336 1499 1556 1557; x_wconf 85' lang='lat' dir='ltr'><strong>vincere</strong></span> <span class='ocrx_word' id='word_1_113' title='bbox 1576 1516 1673 1572; x_wconf 89' lang='lat' dir='ltr'><strong>per</strong></span> 
     </span>
     <span class='ocr_line' id='line_1_15' title="bbox 96 1586 1673 1661; baseline 0.006 -20"><span class='ocrx_word' id='word_1_114' title='bbox 96 1586 448 1643; x_wconf 75' lang='lat' dir='ltr'><strong>ambitionem</strong></span> <span class='ocrx_word' id='word_1_115' title='bbox 473 1587 807 1643; x_wconf 88' lang='lat' dir='ltr'><strong>ostendendo</strong></span> <span class='ocrx_word' id='word_1_116' title='bbox 838 1587 947 1644; x_wconf 89' lang='lat' dir='ltr'><strong>illis</strong></span> <span class='ocrx_word' id='word_1_117' title='bbox 971 1588 1154 1644; x_wconf 89' lang='lat' dir='ltr'><strong>omnia</strong></span> <span class='ocrx_word' id='word_1_118' title='bbox 1179 1606 1345 1661; x_wconf 86' lang='lat' dir='ltr'><strong>regna</strong></span> <span class='ocrx_word' id='word_1_119' title='bbox 1375 1594 1587 1660; x_wconf 88' lang='lat' dir='ltr'><strong>mundi,</strong></span> <span class='ocrx_word' id='word_1_120' title='bbox 1618 1604 1673 1650; x_wconf 88' lang='lat' dir='ltr'><strong>et</strong></span> 
     </span>
     <span class='ocr_line' id='line_1_16' title="bbox 96 1676 1671 1755; baseline 0.007 -24"><span class='ocrx_word' id='word_1_121' title='bbox 96 1676 326 1748; x_wconf 81' lang='lat' dir='ltr'><strong>gloriam</strong></span> <span class='ocrx_word' id='word_1_122' title='bbox 372 1692 588 1743; x_wconf 86' lang='lat' dir='ltr'><strong>eorum,</strong></span> <span class='ocrx_word' id='word_1_123' title='bbox 627 1679 730 1735; x_wconf 87' lang='lat' dir='ltr'><strong>hos</strong></span> <span class='ocrx_word' id='word_1_124' title='bbox 774 1679 954 1735; x_wconf 89' lang='lat' dir='ltr'><strong>irritat</strong></span> <span class='ocrx_word' id='word_1_125' title='bbox 992 1681 1061 1736; x_wconf 91' lang='lat' dir='ltr'><strong>ad</strong></span> <span class='ocrx_word' id='word_1_126' title='bbox 1116 1680 1538 1755; x_wconf 78' lang='lat' dir='ltr'><strong>indignationem</strong></span> <span class='ocrx_word' id='word_1_127' title='bbox 1590 1685 1671 1743; x_wconf 78' lang='lat' dir='ltr'><strong>la·</strong></span> 
     </span>
     <span class='ocr_line' id='line_1_17' title="bbox 80 1769 1669 1849; baseline 0.008 -24"><span class='ocrx_word' id='word_1_128' title='bbox 80 1769 291 1826; x_wconf 68' lang='lat' dir='ltr'><strong>ciendo</strong></span> <span class='ocrx_word' id='word_1_129' title='bbox 321 1770 443 1827; x_wconf 91' lang='lat' dir='ltr'><strong>illos</strong></span> <span class='ocrx_word' id='word_1_130' title='bbox 464 1772 767 1842; x_wconf 88' lang='lat' dir='ltr'><strong>reprobari,</strong></span> <span class='ocrx_word' id='word_1_131' title='bbox 795 1780 849 1828; x_wconf 89' lang='lat' dir='ltr'><strong>et</strong></span> <span class='ocrx_word' id='word_1_132' title='bbox 868 1772 1009 1831; x_wconf 86' lang='lat' dir='ltr'><strong>alios</strong></span> <span class='ocrx_word' id='word_1_133' title='bbox 1030 1778 1258 1833; x_wconf 85' lang='lat' dir='ltr'><strong>exaltari</strong></span> <span class='ocrx_word' id='word_1_134' title='bbox 1280 1779 1362 1832; x_wconf 84' lang='lat' dir='ltr'><strong>vel</strong></span> <span class='ocrx_word' id='word_1_135' title='bbox 1393 1779 1526 1849; x_wconf 90' lang='lat' dir='ltr'><strong>ipsis</strong></span> <span class='ocrx_word' id='word_1_136' title='bbox 1554 1796 1669 1837; x_wconf 89' lang='lat' dir='ltr'><strong>me-</strong></span> 
     </span>
     <span class='ocr_line' id='line_1_18' title="bbox 93 1860 1668 1941; baseline 0.009 -27"><span class='ocrx_word' id='word_1_137' title='bbox 93 1860 278 1929; x_wconf 84' lang='lat' dir='ltr'><strong>liores,</strong></span> <span class='ocrx_word' id='word_1_138' title='bbox 302 1862 387 1919; x_wconf 81' lang='lat' dir='ltr'><strong>vel</strong></span> <span class='ocrx_word' id='word_1_139' title='bbox 414 1863 579 1919; x_wconf 86' lang='lat' dir='ltr'><strong>etiam</strong></span> <span class='ocrx_word' id='word_1_140' title='bbox 612 1864 843 1935; x_wconf 79' lang='lat' dir='ltr'><strong>pejoreS.</strong></span> <span class='ocrx_word' id='word_1_141' title='bbox 874 1865 941 1922; x_wconf 86' lang='lat' dir='ltr'><strong>Et</strong></span> <span class='ocrx_word' id='word_1_142' title='bbox 970 1869 1212 1939; x_wconf 86' lang='lat' dir='ltr'><strong>quidem,</strong></span> <span class='ocrx_word' id='word_1_143' title='bbox 1249 1872 1467 1941; x_wconf 86' lang='lat' dir='ltr'><strong>quando</strong></span> <span class='ocrx_word' id='word_1_144' title='bbox 1509 1871 1668 1929; x_wconf 88' lang='lat' dir='ltr'><strong>bonis</strong></span> 
     </span>
     <span class='ocr_line' id='line_1_19' title="bbox 93 1954 1668 2034; baseline 0.01 -29"><span class='ocrx_word' id='word_1_145' title='bbox 93 1954 399 2024; x_wconf 83' lang='lat' dir='ltr'><strong>reprobatis</strong></span> <span class='ocrx_word' id='word_1_146' title='bbox 442 1956 697 2012; x_wconf 85' lang='lat' dir='ltr'><strong>meliores</strong></span> <span class='ocrx_word' id='word_1_147' title='bbox 748 1958 1045 2028; x_wconf 88' lang='lat' dir='ltr'><strong>eliguntur,</strong></span> <span class='ocrx_word' id='word_1_148' title='bbox 1078 1976 1186 2016; x_wconf 89' lang='lat' dir='ltr'><strong>non</strong></span> <span class='ocrx_word' id='word_1_149' title='bbox 1238 1962 1413 2034; x_wconf 88' lang='lat' dir='ltr'><strong>magis</strong></span> <span class='ocrx_word' id='word_1_150' title='bbox 1446 1973 1530 2019; x_wconf 86' lang='lat' dir='ltr'><strong>est</strong></span> <span class='ocrx_word' id='word_1_151' title='bbox 1562 1963 1668 2021; x_wconf 88' lang='lat' dir='ltr'><strong>illis</strong></span> 
     </span>
     <span class='ocr_line' id='line_1_20' title="bbox 93 2044 1661 2125; baseline 0.008 -26"><span class='ocrx_word' id='word_1_152' title='bbox 93 2044 509 2117; x_wconf 84' lang='lat' dir='ltr'><strong>indignandum,</strong></span> <span class='ocrx_word' id='word_1_153' title='bbox 546 2063 709 2120; x_wconf 85' lang='lat' dir='ltr'><strong>quam</strong></span> <span class='ocrx_word' id='word_1_154' title='bbox 740 2048 1053 2121; x_wconf 88' lang='lat' dir='ltr'><strong>indignatus</strong></span> <span class='ocrx_word' id='word_1_155' title='bbox 1074 2061 1159 2107; x_wconf 90' lang='lat' dir='ltr'><strong>est</strong></span> <span class='ocrx_word' id='word_1_156' title='bbox 1184 2050 1405 2124; x_wconf 83' lang='lat' dir='ltr'><strong>Joseph,</strong></span> <span class='ocrx_word' id='word_1_157' title='bbox 1434 2054 1528 2125; x_wconf 88' lang='lat' dir='ltr'><strong>qni</strong></span> <span class='ocrx_word' id='word_1_158' title='bbox 1574 2072 1661 2112; x_wconf 90' lang='lat' dir='ltr'><strong>co-</strong></span> 
     </span>
     <span class='ocr_line' id='line_1_21' title="bbox 91 2139 1667 2219; baseline 0.008 -28"><span class='ocrx_word' id='word_1_159' title='bbox 91 2139 445 2208; x_wconf 88' lang='lat' dir='ltr'><strong>gnominatus</strong></span> <span class='ocrx_word' id='word_1_160' title='bbox 476 2147 562 2196; x_wconf 88' lang='grc' dir='ltr'><strong>εει</strong></span> <span class='ocrx_word' id='word_1_161' title='bbox 595 2141 801 2211; x_wconf 82' lang='lat' dir='ltr'><strong>justus,</strong></span> <span class='ocrx_word' id='word_1_162' title='bbox 834 2142 1055 2213; x_wconf 89' lang='lat' dir='ltr'><strong>quando</strong></span> <span class='ocrx_word' id='word_1_163' title='bbox 1080 2142 1328 2203; x_wconf 83' lang='lat' dir='ltr'><strong>Barnaba</strong></span> <span class='ocrx_word' id='word_1_164' title='bbox 1357 2147 1528 2203; x_wconf 88' lang='lat' dir='ltr'><strong>electo</strong></span> <span class='ocrx_word' id='word_1_165' title='bbox 1553 2147 1667 2219; x_wconf 87' lang='lat' dir='ltr'><strong>ipse</strong></span> 
     </span>
     <span class='ocr_line' id='line_1_22' title="bbox 90 2230 1666 2310; baseline 0.008 -27"><span class='ocrx_word' id='word_1_166' title='bbox 90 2230 414 2299; x_wconf 86' lang='lat' dir='ltr'><strong>reprobatus</strong></span> <span class='ocrx_word' id='word_1_167' title='bbox 435 2232 538 2287; x_wconf 87' lang='lat' dir='ltr'><strong>luit</strong></span> <span class='ocrx_word' id='word_1_168' title='bbox 567 2234 710 2306; x_wconf 79' lang='lat' dir='ltr'><strong>(Act.</strong></span> <span class='ocrx_word' id='word_1_169' title='bbox 740 2251 778 2301; x_wconf 89' lang='grc' dir='ltr'><strong>ι,</strong></span> <span class='ocrx_word' id='word_1_170' title='bbox 802 2236 917 2308; x_wconf 77' lang='lat'><strong>23).</strong></span> <span class='ocrx_word' id='word_1_171' title='bbox 951 2235 1066 2294; x_wconf 87' lang='lat' dir='ltr'><strong>Nisi</strong></span> <span class='ocrx_word' id='word_1_172' title='bbox 1103 2237 1227 2293; x_wconf 87' lang='lat' dir='ltr'><strong>talis</strong></span> <span class='ocrx_word' id='word_1_173' title='bbox 1281 2238 1581 2310; x_wconf 76' lang='lat' dir='ltr'><strong>indignatio</strong></span> <span class='ocrx_word' id='word_1_174' title='bbox 1611 2240 1666 2296; x_wconf 86' lang='lat' dir='ltr'><strong>in</strong></span> 
     </span>
     <span class='ocr_line' id='line_1_23' title="bbox 89 2320 1670 2397; baseline 0.008 -24"><span class='ocrx_word' id='word_1_175' title='bbox 89 2320 295 2377; x_wconf 79' lang='lat' dir='ltr'><strong>talibus</strong></span> <span class='ocrx_word' id='word_1_176' title='bbox 318 2332 595 2392; x_wconf 85' lang='lat' dir='ltr'><strong>caveatur,</strong></span> <span class='ocrx_word' id='word_1_177' title='bbox 623 2325 773 2380; x_wconf 87' lang='lat' dir='ltr'><strong>salus</strong></span> <span class='ocrx_word' id='word_1_178' title='bbox 795 2326 991 2382; x_wconf 86' lang='lat' dir='ltr'><strong>animae</strong></span> <span class='ocrx_word' id='word_1_179' title='bbox 1018 2327 1356 2397; x_wconf 69' lang='lat' dir='ltr'><strong>periclitatur</strong></span> <span class='ocrx_word' id='word_1_180' title='bbox 1386 2326 1502 2384; x_wconf 88' lang='lat' dir='ltr'><strong>Deo</strong></span> <span class='ocrx_word' id='word_1_181' title='bbox 1527 2329 1670 2385; x_wconf 85' lang='lat' dir='ltr'><strong>indi-</strong></span> 
     </span>
     <span class='ocr_line' id='line_1_24' title="bbox 88 2414 1666 2491; baseline 0.006 -24"><span class='ocrx_word' id='word_1_182' title='bbox 88 2422 291 2483; x_wconf 85' lang='lat' dir='ltr'><strong>gnante</strong></span> <span class='ocrx_word' id='word_1_183' title='bbox 310 2423 365 2470; x_wconf 87' lang='lat' dir='ltr'><strong>et</strong></span> <span class='ocrx_word' id='word_1_184' title='bbox 386 2414 675 2486; x_wconf 75' lang='lat' dir='ltr'><strong>irascente,</strong></span> <span class='ocrx_word' id='word_1_185' title='bbox 699 2418 950 2488; x_wconf 77' lang='lat' dir='ltr'><strong>quoniam</strong></span> <span class='ocrx_word' id='word_1_186' title='bbox 968 2420 1051 2473; x_wconf 79' lang='lat' dir='ltr'><strong>ira</strong></span> <span class='ocrx_word' id='word_1_187' title='bbox 1075 2420 1128 2474; x_wconf 83' lang='lat' dir='ltr'><strong>in</strong></span> <span class='ocrx_word' id='word_1_188' title='bbox 1148 2420 1506 2490; x_wconf 67' lang='lat' dir='ltr'><strong>indignatione</strong></span> <span class='ocrx_word' id='word_1_189' title='bbox 1529 2421 1666 2491; x_wconf 68' lang='lat' dir='ltr'><strong>ejus.</strong></span> 
     </span>
     <span class='ocr_line' id='line_1_25' title="bbox 88 2504 1665 2581; baseline 0.004 -20"><span class='ocrx_word' id='word_1_190' title='bbox 88 2504 227 2562; x_wconf 79' lang='lat' dir='ltr'><strong>Nam</strong></span> <span class='ocrx_word' id='word_1_191' title='bbox 256 2506 347 2562; x_wconf 87' lang='lat' dir='ltr'><strong>tall</strong></span> <span class='ocrx_word' id='word_1_192' title='bbox 373 2506 745 2578; x_wconf 82' lang='lat' dir='ltr'><strong>indignatione</strong></span> <span class='ocrx_word' id='word_1_193' title='bbox 772 2509 1052 2581; x_wconf 86' lang='lat' dir='ltr'><strong>perierunt</strong></span> <span class='ocrx_word' id='word_1_194' title='bbox 1097 2510 1306 2568; x_wconf 78' lang='lat' dir='ltr'><strong>Datlian</strong></span> <span class='ocrx_word' id='word_1_195' title='bbox 1335 2523 1389 2569; x_wconf 90' lang='lat' dir='ltr'><strong>et</strong></span> <span class='ocrx_word' id='word_1_196' title='bbox 1442 2513 1665 2581; x_wconf 80' lang='lat' dir='ltr'><strong>Abit-on,</strong></span> 
     </span>
     <span class='ocr_line' id='line_1_26' title="bbox 87 2598 1668 2677; baseline 0.006 -24"><span class='ocrx_word' id='word_1_197' title='bbox 87 2598 269 2655; x_wconf 86' lang='lat' dir='ltr'><strong>electo</strong></span> <span class='ocrx_word' id='word_1_198' title='bbox 295 2599 499 2655; x_wconf 82' lang='lat' dir='ltr'><strong>Aaron.</strong></span> <span class='ocrx_word' id='word_1_199' title='bbox 529 2598 648 2656; x_wconf 91' lang='lat' dir='ltr'><strong>Tali</strong></span> <span class='ocrx_word' id='word_1_200' title='bbox 674 2601 1047 2674; x_wconf 85' lang='lat' dir='ltr'><strong>indignatione</strong></span> <span class='ocrx_word' id='word_1_201' title='bbox 1094 2605 1258 2676; x_wconf 87' lang='lat' dir='ltr'><strong>periit</strong></span> <span class='ocrx_word' id='word_1_202' title='bbox 1306 2603 1435 2661; x_wconf 91' lang='lat' dir='ltr'><strong>Saul</strong></span> <span class='ocrx_word' id='word_1_203' title='bbox 1483 2621 1668 2677; x_wconf 85' lang='lat' dir='ltr'><strong>repro-</strong></span> 
     </span>
     <span class='ocr_line' id='line_1_27' title="bbox 88 2690 1668 2770; baseline 0.004 -24"><span class='ocrx_word' id='word_1_204' title='bbox 88 2690 275 2758; x_wconf 82' lang='lat' dir='ltr'><strong>batus,</strong></span> <span class='ocrx_word' id='word_1_205' title='bbox 308 2691 480 2747; x_wconf 88' lang='lat' dir='ltr'><strong>electo</strong></span> <span class='ocrx_word' id='word_1_206' title='bbox 509 2692 698 2760; x_wconf 79' lang='lat' dir='ltr'><strong>David,</strong></span> <span class='ocrx_word' id='word_1_207' title='bbox 725 2710 887 2765; x_wconf 88' lang='lat' dir='ltr'><strong>quem</strong></span> <span class='ocrx_word' id='word_1_208' title='bbox 917 2711 1023 2752; x_wconf 93' lang='lat' dir='ltr'><strong>non</strong></span> <span class='ocrx_word' id='word_1_209' title='bbox 1057 2699 1221 2754; x_wconf 91' lang='lat' dir='ltr'><strong>rectis</strong></span> <span class='ocrx_word' id='word_1_210' title='bbox 1250 2700 1429 2756; x_wconf 90' lang='lat' dir='ltr'><strong>oculis</strong></span> <span class='ocrx_word' id='word_1_211' title='bbox 1455 2698 1668 2770; x_wconf 79' lang='lat' dir='ltr'><strong>aspexit</strong></span> 
     </span>
     <span class='ocr_line' id='line_1_28' title="bbox 88 2780 1665 2856; baseline 0.006 -20"><span class='ocrx_word' id='word_1_212' title='bbox 88 2780 427 2853; x_wconf 62' lang='lat' dir='ltr'><strong>indignatus»,</strong></span> <span class='ocrx_word' id='word_1_213' title='bbox 454 2783 600 2854; x_wconf 87' lang='lat' dir='ltr'><strong>quod</strong></span> <span class='ocrx_word' id='word_1_214' title='bbox 629 2783 732 2854; x_wconf 87' lang='lat' dir='ltr'><strong>ipsi</strong></span> <span class='ocrx_word' id='word_1_215' title='bbox 757 2784 908 2841; x_wconf 84' lang='lat' dir='ltr'><strong>Sauli</strong></span> <span class='ocrx_word' id='word_1_216' title='bbox 961 2788 1129 2856; x_wconf 90' lang='lat' dir='ltr'><strong>mille,</strong></span> <span class='ocrx_word' id='word_1_217' title='bbox 1160 2797 1216 2844; x_wconf 90' lang='lat' dir='ltr'><strong>et</strong></span> <span class='ocrx_word' id='word_1_218' title='bbox 1265 2788 1433 2845; x_wconf 83' lang='lat' dir='ltr'><strong>David</strong></span> <span class='ocrx_word' id='word_1_219' title='bbox 1478 2790 1665 2845; x_wconf 88' lang='lat' dir='ltr'><strong>decem</strong></span> 
     </span>
     <span class='ocr_line' id='line_1_29' title="bbox 86 2874 1661 2953; baseline 0.007 -26"><span class='ocrx_word' id='word_1_220' title='bbox 86 2874 263 2929; x_wconf 89' lang='lat' dir='ltr'><strong>millia</strong></span> <span class='ocrx_word' id='word_1_221' title='bbox 286 2875 412 2930; x_wconf 89' lang='lat' dir='ltr'><strong>data</strong></span> <span class='ocrx_word' id='word_1_222' title='bbox 442 2875 648 2931; x_wconf 85' lang='lat' dir='ltr'><strong>suntin</strong></span> <span class='ocrx_word' id='word_1_223' title='bbox 678 2876 836 2934; x_wconf 90' lang='lat' dir='ltr'><strong>laude</strong></span> <span class='ocrx_word' id='word_1_224' title='bbox 856 2880 1146 2936; x_wconf 85' lang='lat' dir='ltr'><strong>mulierum</strong></span> <span class='ocrx_word' id='word_1_225' title='bbox 1173 2879 1228 2952; x_wconf 88' lang='lat'><strong>(1</strong></span> <span class='ocrx_word' id='word_1_226' title='bbox 1257 2882 1379 2953; x_wconf 68' lang='grc' dir='ltr'>Περ.</span> <span class='ocrx_word' id='word_1_227' title='bbox 1411 2898 1567 2951; x_wconf 79' lang='lat' dir='ltr'><strong>xvnt,</strong></span> <span class='ocrx_word' id='word_1_228' title='bbox 1588 2881 1661 2950; x_wconf 91' lang='grc'><strong>7).</strong></span> 
     </span>
     <span class='ocr_line' id='line_1_30' title="bbox 84 2963 1666 3040; baseline 0.006 -19"><span class='ocrx_word' id='word_1_229' title='bbox 84 2963 205 3022; x_wconf 75' lang='lat' dir='ltr'><strong>Tali</strong></span> <span class='ocrx_word' id='word_1_230' title='bbox 238 2966 612 3040; x_wconf 86' lang='lat' dir='ltr'><strong>indignatione</strong></span> <span class='ocrx_word' id='word_1_231' title='bbox 631 2968 909 3040; x_wconf 89' lang='lat' dir='ltr'><strong>perierunt</strong></span> <span class='ocrx_word' id='word_1_232' title='bbox 938 2970 1145 3029; x_wconf 82' lang='lat' dir='ltr'><strong>Scribae</strong></span> <span class='ocrx_word' id='word_1_233' title='bbox 1173 2982 1229 3030; x_wconf 90' lang='grc' dir='ltr'><strong>ει</strong></span> <span class='ocrx_word' id='word_1_234' title='bbox 1274 2972 1533 3030; x_wconf 87' lang='lat' dir='ltr'><strong>Pharisaei</strong></span> <span class='ocrx_word' id='word_1_235' title='bbox 1566 2990 1666 3031; x_wconf 89' lang='lat' dir='ltr'><strong>au·</strong></span> 
     </span>
    </p>
   </div>
   <div class='ocr_carea' id='block_1_3' title="bbox 83 3062 1732 3160">
    <p class='ocr_par' dir='ltr' id='par_1_4' title="bbox 83 3062 1732 3160">
     <span class='ocr_line' id='line_1_31' title="bbox 83 3062 1732 3160; baseline 0.004 -43"><span class='ocrx_word' id='word_1_236' title='bbox 83 3062 326 3127; x_wconf 88' lang='lat' dir='ltr'><strong>dientes,</strong></span> <span class='ocrx_word' id='word_1_237' title='bbox 357 3062 502 3133; x_wconf 81' lang='lat' dir='ltr'><strong>qnod</strong></span> <span class='ocrx_word' id='word_1_238' title='bbox 527 3062 800 3133; x_wconf 90' lang='lat' dir='ltr'><strong>publicani</strong></span> <span class='ocrx_word' id='word_1_239' title='bbox 832 3072 886 3120; x_wconf 89' lang='lat' dir='ltr'><strong>et</strong></span> <span class='ocrx_word' id='word_1_240' title='bbox 931 3066 1245 3123; x_wconf 87' lang='lat' dir='ltr'><strong>meretrices</strong></span> <span class='ocrx_word' id='word_1_241' title='bbox 1297 3067 1665 3137; x_wconf 79' lang='lat' dir='ltr'><strong>praecederent</strong></span> <span class='ocrx_word' id='word_1_242' title='bbox 1690 3102 1732 3160; x_wconf 78' lang='lat' dir='ltr'>C</span> 
     </span>
    </p>
   </div>
   <div class='ocr_carea' id='block_1_4' title="bbox 68 3153 1666 4427">
    <p class='ocr_par' dir='ltr' id='par_1_5' title="bbox 68 3153 1666 4427">
     <span class='ocr_line' id='line_1_32' title="bbox 85 3153 1666 3233; baseline 0.007 -25"><span class='ocrx_word' id='word_1_243' title='bbox 85 3153 214 3213; x_wconf 85' lang='lat' dir='ltr'><strong>illos</strong></span> <span class='ocrx_word' id='word_1_244' title='bbox 247 3155 303 3212; x_wconf 91' lang='lat' dir='ltr'><strong>in</strong></span> <span class='ocrx_word' id='word_1_245' title='bbox 357 3173 586 3229; x_wconf 88' lang='lat' dir='ltr'><strong>regnum</strong></span> <span class='ocrx_word' id='word_1_246' title='bbox 626 3159 742 3216; x_wconf 86' lang='lat' dir='ltr'><strong>Dei.</strong></span> <span class='ocrx_word' id='word_1_247' title='bbox 796 3158 912 3216; x_wconf 87' lang='lat' dir='ltr'><strong>Tali</strong></span> <span class='ocrx_word' id='word_1_248' title='bbox 972 3161 1343 3232; x_wconf 81' lang='lat' dir='ltr'><strong>indignatione</strong></span> <span class='ocrx_word' id='word_1_249' title='bbox 1388 3163 1666 3233; x_wconf 84' lang='lat' dir='ltr'><strong>perierunt</strong></span> 
     </span>
     <span class='ocr_line' id='line_1_33' title="bbox 82 3244 1665 3325; baseline 0.006 -23"><span class='ocrx_word' id='word_1_250' title='bbox 82 3244 262 3304; x_wconf 81' lang='lat' dir='ltr'><strong>Judaei</strong></span> <span class='ocrx_word' id='word_1_251' title='bbox 295 3250 504 3320; x_wconf 85' lang='lat' dir='ltr'><strong>pridem</strong></span> <span class='ocrx_word' id='word_1_252' title='bbox 534 3251 713 3317; x_wconf 88' lang='lat' dir='ltr'><strong>electi,</strong></span> <span class='ocrx_word' id='word_1_253' title='bbox 737 3251 833 3307; x_wconf 88' lang='lat' dir='ltr'><strong>sed</strong></span> <span class='ocrx_word' id='word_1_254' title='bbox 881 3260 1068 3323; x_wconf 90' lang='lat' dir='ltr'><strong>postea</strong></span> <span class='ocrx_word' id='word_1_255' title='bbox 1118 3253 1414 3324; x_wconf 86' lang='lat' dir='ltr'><strong>reprobati,</strong></span> <span class='ocrx_word' id='word_1_256' title='bbox 1446 3256 1665 3325; x_wconf 87' lang='lat' dir='ltr'><strong>quando</strong></span> 
     </span>
     <span class='ocr_line' id='line_1_34' title="bbox 82 3338 1663 3418; baseline 0.007 -26"><span class='ocrx_word' id='word_1_257' title='bbox 82 3338 278 3409; x_wconf 87' lang='lat' dir='ltr'><strong>repleti</strong></span> <span class='ocrx_word' id='word_1_258' title='bbox 309 3349 438 3396; x_wconf 87' lang='lat' dir='ltr'><strong>sunt</strong></span> <span class='ocrx_word' id='word_1_259' title='bbox 467 3341 586 3396; x_wconf 86' lang='lat' dir='ltr'><strong>zelo</strong></span> <span class='ocrx_word' id='word_1_260' title='bbox 616 3341 1005 3411; x_wconf 76' lang='lat' dir='ltr'><strong>indignationis</strong></span> <span class='ocrx_word' id='word_1_261' title='bbox 1032 3344 1285 3415; x_wconf 82' lang='lat' dir='ltr'><strong>gentibus</strong></span> <span class='ocrx_word' id='word_1_262' title='bbox 1314 3344 1520 3401; x_wconf 78' lang='lat' dir='ltr'><strong>electis·</strong></span> <span class='ocrx_word' id='word_1_263' title='bbox 1557 3344 1663 3418; x_wconf 83' lang='lat' dir='ltr'><strong>Ipsi</strong></span> 
     </span>
     <span class='ocr_line' id='line_1_35' title="bbox 80 3433 1664 3508; baseline 0.006 -25"><span class='ocrx_word' id='word_1_264' title='bbox 80 3446 307 3502; x_wconf 88' lang='lat' dir='ltr'><strong>qnoque</strong></span> <span class='ocrx_word' id='word_1_265' title='bbox 343 3433 573 3503; x_wconf 87' lang='lat' dir='ltr'><strong>apostoli</strong></span> <span class='ocrx_word' id='word_1_266' title='bbox 612 3433 702 3488; x_wconf 87' lang='lat' dir='ltr'><strong>tali</strong></span> <span class='ocrx_word' id='word_1_267' title='bbox 727 3433 1095 3506; x_wconf 84' lang='lat' dir='ltr'><strong>indignatione</strong></span> <span class='ocrx_word' id='word_1_268' title='bbox 1123 3436 1250 3491; x_wconf 90' lang='lat' dir='ltr'><strong>tacti</strong></span> <span class='ocrx_word' id='word_1_269' title='bbox 1273 3445 1420 3504; x_wconf 89' lang='lat' dir='ltr'><strong>sunt,</strong></span> <span class='ocrx_word' id='word_1_270' title='bbox 1445 3440 1664 3508; x_wconf 85' lang='lat' dir='ltr'><strong>quando</strong></span> 
     </span>
     <span class='ocr_line' id='line_1_36' title="bbox 78 3523 1663 3600; baseline 0.005 -24"><span class='ocrx_word' id='word_1_271' title='bbox 78 3523 353 3579; x_wconf 85' lang='lat' dir='ltr'><strong>adversus</strong></span> <span class='ocrx_word' id='word_1_272' title='bbox 385 3525 585 3580; x_wconf 87' lang='lat' dir='ltr'><strong>bonam</strong></span> <span class='ocrx_word' id='word_1_273' title='bbox 617 3526 901 3582; x_wconf 88' lang='lat' dir='ltr'><strong>mulierem</strong></span> <span class='ocrx_word' id='word_1_274' title='bbox 921 3525 991 3582; x_wconf 89' lang='lat' dir='ltr'><strong>de</strong></span> <span class='ocrx_word' id='word_1_275' title='bbox 1012 3541 1176 3598; x_wconf 87' lang='lat' dir='ltr'><strong>opere</strong></span> <span class='ocrx_word' id='word_1_276' title='bbox 1206 3528 1351 3584; x_wconf 87' lang='lat' dir='ltr'><strong>bono</strong></span> <span class='ocrx_word' id='word_1_277' title='bbox 1400 3529 1663 3600; x_wconf 87' lang='lat' dir='ltr'><strong>indignati</strong></span> 
     </span>
     <span class='ocr_line' id='line_1_37' title="bbox 77 3615 1660 3690; baseline 0.003 -19"><span class='ocrx_word' id='word_1_278' title='bbox 77 3624 239 3682; x_wconf 76' lang='lat' dir='ltr'><strong>sunt,</strong></span> <span class='ocrx_word' id='word_1_279' title='bbox 269 3615 545 3673; x_wconf 86' lang='lat' dir='ltr'><strong>dicentes:</strong></span> <span class='ocrx_word' id='word_1_280' title='bbox 582 3616 649 3672; x_wconf 84' lang='lat' dir='ltr'><strong>Ut</strong></span> <span class='ocrx_word' id='word_1_281' title='bbox 684 3619 815 3689; x_wconf 79' lang='lat' dir='ltr'><strong>quid</strong></span> <span class='ocrx_word' id='word_1_282' title='bbox 835 3617 1062 3688; x_wconf 79' lang='lat' dir='ltr'><strong>perditio</strong></span> <span class='ocrx_word' id='word_1_283' title='bbox 1089 3619 1243 3674; x_wconf 69' lang='lat' dir='ltr'><strong>lioec?</strong></span> <span class='ocrx_word' id='word_1_284' title='bbox 1270 3618 1485 3690; x_wconf 79' lang='grc' dir='ltr'>(ΜαιιΙι.</span> <span class='ocrx_word' id='word_1_285' title='bbox 1513 3637 1660 3689; x_wconf 79' lang='lat' dir='ltr'><strong>xxvi,</strong></span> 
     </span>
     <span class='ocr_line' id='line_1_38' title="bbox 77 3704 1664 3783; baseline 0.005 -23"><span class='ocrx_word' id='word_1_286' title='bbox 77 3704 160 3777; x_wconf 83' lang='lat'><strong>8.)</strong></span> <span class='ocrx_word' id='word_1_287' title='bbox 188 3706 323 3775; x_wconf 87' lang='lat' dir='ltr'><strong>Sed,</strong></span> <span class='ocrx_word' id='word_1_288' title='bbox 344 3710 494 3779; x_wconf 89' lang='lat' dir='ltr'><strong>quia,</strong></span> <span class='ocrx_word' id='word_1_289' title='bbox 526 3708 759 3766; x_wconf 89' lang='lat' dir='ltr'><strong>Domino</strong></span> <span class='ocrx_word' id='word_1_290' title='bbox 780 3721 1061 3783; x_wconf 88' lang='lat' dir='ltr'><strong>arguente,</strong></span> <span class='ocrx_word' id='word_1_291' title='bbox 1086 3711 1290 3766; x_wconf 89' lang='lat' dir='ltr'><strong>bonum</strong></span> <span class='ocrx_word' id='word_1_292' title='bbox 1311 3726 1449 3782; x_wconf 90' lang='lat' dir='ltr'><strong>opus</strong></span> <span class='ocrx_word' id='word_1_293' title='bbox 1471 3727 1664 3783; x_wconf 88' lang='lat' dir='ltr'><strong>opera-</strong></span> 
     </span>
     <span class='ocr_line' id='line_1_39' title="bbox 76 3800 1658 3874; baseline 0.004 -21"><span class='ocrx_word' id='word_1_294' title='bbox 76 3805 195 3853; x_wconf 84' lang='lat' dir='ltr'><strong>tam</strong></span> <span class='ocrx_word' id='word_1_295' title='bbox 233 3814 356 3855; x_wconf 85' lang='lat' dir='ltr'><strong>esse</strong></span> <span class='ocrx_word' id='word_1_296' title='bbox 383 3800 668 3857; x_wconf 88' lang='lat' dir='ltr'><strong>mulierem</strong></span> <span class='ocrx_word' id='word_1_297' title='bbox 721 3810 1178 3873; x_wconf 84' lang='lat' dir='ltr'><strong>recognoverunt,</strong></span> <span class='ocrx_word' id='word_1_298' title='bbox 1211 3819 1320 3859; x_wconf 88' lang='lat' dir='ltr'><strong>non</strong></span> <span class='ocrx_word' id='word_1_299' title='bbox 1362 3804 1658 3874; x_wconf 83' lang='lat' dir='ltr'><strong>perierunt.</strong></span> 
     </span>
     <span class='ocr_line' id='line_1_40' title="bbox 75 3889 1663 3969; baseline 0.006 -23"><span class='ocrx_word' id='word_1_300' title='bbox 75 3889 190 3948; x_wconf 86' lang='lat' dir='ltr'><strong>Pro</strong></span> <span class='ocrx_word' id='word_1_301' title='bbox 219 3892 317 3948; x_wconf 87' lang='lat' dir='ltr'><strong>tali</strong></span> <span class='ocrx_word' id='word_1_302' title='bbox 349 3893 722 3965; x_wconf 80' lang='lat' dir='ltr'><strong>indignatione</strong></span> <span class='ocrx_word' id='word_1_303' title='bbox 747 3896 995 3968; x_wconf 87' lang='lat' dir='ltr'><strong>arguitur</strong></span> <span class='ocrx_word' id='word_1_304' title='bbox 1028 3897 1221 3954; x_wconf 88' lang='lat' dir='ltr'><strong>oculus</strong></span> <span class='ocrx_word' id='word_1_305' title='bbox 1253 3913 1509 3969; x_wconf 83' lang='lat' dir='ltr'><strong>nequam</strong></span> <span class='ocrx_word' id='word_1_306' title='bbox 1542 3901 1663 3956; x_wconf 91' lang='lat' dir='ltr'><strong>illo-</strong></span> 
     </span>
     <span class='ocr_line' id='line_1_41' title="bbox 74 3987 1663 4059; baseline 0.004 -18"><span class='ocrx_word' id='word_1_307' title='bbox 74 4002 234 4055; x_wconf 85' lang='lat' dir='ltr'><strong>rum,</strong></span> <span class='ocrx_word' id='word_1_308' title='bbox 261 3987 353 4058; x_wconf 88' lang='lat' dir='ltr'><strong>qui</strong></span> <span class='ocrx_word' id='word_1_309' title='bbox 386 3997 739 4058; x_wconf 82' lang='lat' dir='ltr'><strong>portaverunt</strong></span> <span class='ocrx_word' id='word_1_310' title='bbox 762 3988 976 4059; x_wconf 85' lang='lat' dir='ltr'><strong>pondus</strong></span> <span class='ocrx_word' id='word_1_311' title='bbox 998 3989 1104 4045; x_wconf 89' lang='lat' dir='ltr'><strong>diei</strong></span> <span class='ocrx_word' id='word_1_312' title='bbox 1135 3998 1189 4045; x_wconf 88' lang='lat' dir='ltr'><strong>et</strong></span> <span class='ocrx_word' id='word_1_313' title='bbox 1213 4000 1401 4058; x_wconf 81' lang='lat' dir='ltr'><strong>aestus,</strong></span> <span class='ocrx_word' id='word_1_314' title='bbox 1432 4000 1487 4047; x_wconf 89' lang='lat' dir='ltr'><strong>et</strong></span> <span class='ocrx_word' id='word_1_315' title='bbox 1519 3993 1663 4048; x_wconf 90' lang='lat' dir='ltr'><strong>indi·</strong></span> 
     </span>
     <span class='ocr_line' id='line_1_42' title="bbox 73 4078 1659 4154; baseline 0.004 -21"><span class='ocrx_word' id='word_1_316' title='bbox 73 4078 235 4150; x_wconf 87' lang='lat' dir='ltr'><strong>gnati</strong></span> <span class='ocrx_word' id='word_1_317' title='bbox 261 4088 410 4149; x_wconf 89' lang='lat' dir='ltr'><strong>sunt,</strong></span> <span class='ocrx_word' id='word_1_318' title='bbox 434 4081 759 4137; x_wconf 79' lang='lat' dir='ltr'><strong>novissimos</strong></span> <span class='ocrx_word' id='word_1_319' title='bbox 782 4096 971 4152; x_wconf 89' lang='lat' dir='ltr'><strong>parum</strong></span> <span class='ocrx_word' id='word_1_320' title='bbox 998 4080 1250 4152; x_wconf 78' lang='lat' dir='ltr'><strong>fatigatos</strong></span> <span class='ocrx_word' id='word_1_321' title='bbox 1272 4081 1404 4154; x_wconf 87' lang='lat' dir='ltr'><strong>ipsis</strong></span> <span class='ocrx_word' id='word_1_322' title='bbox 1428 4084 1659 4139; x_wconf 89' lang='lat' dir='ltr'><strong>multum</strong></span> 
     </span>
     <span class='ocr_line' id='line_1_43' title="bbox 72 4166 1662 4245; baseline 0.006 -23"><span class='ocrx_word' id='word_1_323' title='bbox 72 4166 323 4241; x_wconf 80' lang='lat' dir='ltr'><strong>fatigatis</strong></span> <span class='ocrx_word' id='word_1_324' title='bbox 347 4185 506 4241; x_wconf 89' lang='lat' dir='ltr'><strong>pares</strong></span> <span class='ocrx_word' id='word_1_325' title='bbox 540 4170 654 4225; x_wconf 85' lang='lat' dir='ltr'><strong>lieri</strong></span> <span class='ocrx_word' id='word_1_326' title='bbox 682 4170 735 4225; x_wconf 90' lang='lat' dir='ltr'><strong>in</strong></span> <span class='ocrx_word' id='word_1_327' title='bbox 767 4172 1010 4241; x_wconf 65' lang='lat' dir='ltr'><strong>praemio,</strong></span> <span class='ocrx_word' id='word_1_328' title='bbox 1041 4171 1133 4244; x_wconf 86' lang='lat' dir='ltr'><strong>qui</strong></span> <span class='ocrx_word' id='word_1_329' title='bbox 1180 4186 1288 4227; x_wconf 88' lang='lat' dir='ltr'><strong>non</strong></span> <span class='ocrx_word' id='word_1_330' title='bbox 1318 4182 1476 4229; x_wconf 84' lang='lat' dir='ltr'><strong>eraut</strong></span> <span class='ocrx_word' id='word_1_331' title='bbox 1503 4190 1662 4245; x_wconf 83' lang='lat' dir='ltr'><strong>pares</strong></span> 
     </span>
     <span class='ocr_line' id='line_1_44' title="bbox 70 4260 1663 4338; baseline 0.006 -24"><span class='ocrx_word' id='word_1_332' title='bbox 70 4260 132 4315; x_wconf 89' lang='lat' dir='ltr'><strong>in</strong></span> <span class='ocrx_word' id='word_1_333' title='bbox 159 4260 353 4317; x_wconf 88' lang='lat' dir='ltr'><strong>labore</strong></span> <span class='ocrx_word' id='word_1_334' title='bbox 396 4261 615 4335; x_wconf 72' lang='lat' dir='ltr'><strong>(Mutela.</strong></span> <span class='ocrx_word' id='word_1_335' title='bbox 640 4279 733 4327; x_wconf 81' lang='lat' dir='ltr'><strong>xx,</strong></span> <span class='ocrx_word' id='word_1_336' title='bbox 763 4263 873 4333; x_wconf 70' lang='lat'><strong>12).</strong></span> <span class='ocrx_word' id='word_1_337' title='bbox 937 4262 1052 4319; x_wconf 77' lang='lat' dir='ltr'><strong>Tati</strong></span> <span class='ocrx_word' id='word_1_338' title='bbox 1097 4263 1255 4335; x_wconf 87' lang='lat' dir='ltr'><strong>periit</strong></span> <span class='ocrx_word' id='word_1_339' title='bbox 1293 4264 1663 4338; x_wconf 87' lang='lat' dir='ltr'><strong>indignatione</strong></span> 
     </span>
     <span class='ocr_line' id='line_1_45' title="bbox 68 4348 1663 4427; baseline 0.006 -23"><span class='ocrx_word' id='word_1_340' title='bbox 68 4348 399 4407; x_wconf 60' lang='lat' dir='ltr'><strong>Pharisaeus</strong></span> <span class='ocrx_word' id='word_1_341' title='bbox 424 4360 615 4408; x_wconf 88' lang='lat' dir='ltr'><strong>contra</strong></span> <span class='ocrx_word' id='word_1_342' title='bbox 648 4352 999 4423; x_wconf 85' lang='lat' dir='ltr'><strong>publicanum</strong></span> <span class='ocrx_word' id='word_1_343' title='bbox 1043 4354 1282 4422; x_wconf 81' lang='lat' dir='ltr'><strong>inflatus,</strong></span> <span class='ocrx_word' id='word_1_344' title='bbox 1311 4364 1365 4411; x_wconf 90' lang='grc' dir='ltr'><strong>ει</strong></span> <span class='ocrx_word' id='word_1_345' title='bbox 1412 4357 1663 4427; x_wconf 80' lang='lat' dir='ltr'><strong>arguitur</strong></span> 
     </span>
    </p>
   </div>
   <div class='ocr_carea' id='block_1_5' title="bbox 1761 489 3358 4420">
    <p class='ocr_par' dir='ltr' id='par_1_6' title="bbox 1778 489 3358 830">
     <span class='ocr_line' id='line_1_46' title="bbox 1781 489 3357 559; baseline 0.003 -17"><span class='ocrx_word' id='word_1_346' title='bbox 1781 503 1903 543; x_wconf 80' lang='lat' dir='ltr'><strong>t&#39;ttm</strong></span> <span class='ocrx_word' id='word_1_347' title='bbox 1929 489 2133 545; x_wconf 53' lang='lat' dir='ltr'><strong>simile&amp;</strong></span> <span class='ocrx_word' id='word_1_348' title='bbox 2165 489 2365 559; x_wconf 64' lang='lat' dir='ltr'><strong>:litt-sque</strong></span> <span class='ocrx_word' id='word_1_349' title='bbox 2393 489 2694 541; x_wconf 53' lang='lat' dir='ltr'><strong>nitet-tinnis</strong></span> <span class='ocrx_word' id='word_1_350' title='bbox 2734 489 3112 557; x_wconf 60' lang='lat' dir='ltr'><strong>Etitttpassiotte</strong></span> <span class='ocrx_word' id='word_1_351' title='bbox 3168 489 3248 544; x_wconf 73' lang='lat' dir='ltr'><strong>ira</strong></span> <span class='ocrx_word' id='word_1_352' title='bbox 3302 501 3357 547; x_wconf 77' lang='lat' dir='ltr'><strong>et</strong></span> 
     </span>
     <span class='ocr_line' id='line_1_47' title="bbox 1781 579 3358 651; baseline 0.003 -17"><span class='ocrx_word' id='word_1_353' title='bbox 1781 579 2149 651; x_wconf 63' lang='lat' dir='ltr'><strong>indignantium</strong></span> <span class='ocrx_word' id='word_1_354' title='bbox 2185 582 2438 634; x_wconf 64' lang='lat' dir='ltr'><strong>nummati</strong></span> <span class='ocrx_word' id='word_1_355' title='bbox 2486 582 2790 650; x_wconf 64' lang='lat' dir='ltr'><strong>despiciunt</strong></span> <span class='ocrx_word' id='word_1_356' title='bbox 2834 590 3167 650; x_wconf 77' lang='lat' dir='ltr'><strong>peccatores,</strong></span> <span class='ocrx_word' id='word_1_357' title='bbox 3207 592 3358 639; x_wconf 79' lang='lat' dir='ltr'><strong>certe</strong></span> 
     </span>
     <span class='ocr_line' id='line_1_48' title="bbox 1782 660 3355 743; baseline 0.004 -20"><span class='ocrx_word' id='word_1_358' title='bbox 1782 670 1915 741; x_wconf 83' lang='lat' dir='ltr'><strong>ipsis</strong></span> <span class='ocrx_word' id='word_1_359' title='bbox 1937 674 2357 742; x_wconf 65' lang='lat' dir='ltr'><strong>despicientibus</strong></span> <span class='ocrx_word' id='word_1_360' title='bbox 2418 685 2566 726; x_wconf 77' lang='lat' dir='ltr'><strong>tntttn</strong></span> <span class='ocrx_word' id='word_1_361' title='bbox 2606 674 2874 738; x_wconf 64' lang='lat' dir='ltr'><strong>inelinrffi,</strong></span> <span class='ocrx_word' id='word_1_362' title='bbox 2904 681 3112 743; x_wconf 84' lang='lat' dir='ltr'><strong>quanto</strong></span> <span class='ocrx_word' id='word_1_363' title='bbox 3153 660 3355 730; x_wconf 73' lang='lat' dir='ltr'><strong>suerint</strong></span> 
     </span>
     <span class='ocr_line' id='line_1_49' title="bbox 1778 760 2806 830; baseline 0.002 -14"><span class='ocrx_word' id='word_1_364' title='bbox 1778 760 1835 816; x_wconf 85' lang='lat' dir='ltr'><strong>in</strong></span> <span class='ocrx_word' id='word_1_365' title='bbox 1865 776 2053 818; x_wconf 74' lang='lat' dir='ltr'><strong>eornm</strong></span> <span class='ocrx_word' id='word_1_366' title='bbox 2093 766 2345 830; x_wconf 66' lang='grc' dir='ltr'>ιΊι-εμιϊτιι]</span> <span class='ocrx_word' id='word_1_367' title='bbox 2389 766 2806 818; x_wconf 63' lang='lat' dir='ltr'><strong>ntntffinntintws.</strong></span> 
     </span>
    </p>

    <p class='ocr_par' dir='ltr' id='par_1_7' title="bbox 1765 851 3355 3662">
     <span class='ocr_line' id='line_1_50' title="bbox 1851 851 3353 927; baseline 0.005 -21"><span class='ocrx_word' id='word_1_368' title='bbox 1851 851 1965 907; x_wconf 83' lang='lat' dir='ltr'><strong>Tali</strong></span> <span class='ocrx_word' id='word_1_369' title='bbox 1989 866 2209 926; x_wconf 66' lang='lat' dir='ltr'><strong>[nn-munt</strong></span> <span class='ocrx_word' id='word_1_370' title='bbox 2241 856 2610 926; x_wconf 63' lang='lat' dir='ltr'><strong>indignatione</strong></span> <span class='ocrx_word' id='word_1_371' title='bbox 2654 854 2806 910; x_wconf 77' lang='lat' dir='ltr'><strong>tnnlti</strong></span> <span class='ocrx_word' id='word_1_372' title='bbox 2858 854 3068 912; x_wconf 86' lang='lat' dir='ltr'><strong>nobiles</strong></span> <span class='ocrx_word' id='word_1_373' title='bbox 3119 856 3353 927; x_wconf 75' lang='lat' dir='ltr'><strong>eligente</strong></span> 
     </span>
     <span class='ocr_line' id='line_1_51' title="bbox 1779 944 3355 1018; baseline 0.004 -19"><span class='ocrx_word' id='word_1_374' title='bbox 1779 944 1887 1000; x_wconf 87' lang='lat' dir='ltr'><strong>Deo</strong></span> <span class='ocrx_word' id='word_1_375' title='bbox 1913 944 2168 1016; x_wconf 83' lang='lat' dir='ltr'><strong>ignobilia</strong></span> <span class='ocrx_word' id='word_1_376' title='bbox 2201 946 2385 1000; x_wconf 88' lang='lat' dir='ltr'><strong>mundi</strong></span> <span class='ocrx_word' id='word_1_377' title='bbox 2410 954 2463 1001; x_wconf 88' lang='grc' dir='ltr'><strong>ει</strong></span> <span class='ocrx_word' id='word_1_378' title='bbox 2486 947 2935 1018; x_wconf 86' lang='lat' dir='ltr'><strong>contemptibilia,</strong></span> <span class='ocrx_word' id='word_1_379' title='bbox 2966 960 3025 1003; x_wconf 89' lang='lat' dir='ltr'><strong>ut</strong></span> <span class='ocrx_word' id='word_1_380' title='bbox 3053 950 3355 1005; x_wconf 77' lang='lat' dir='ltr'><strong>confundat</strong></span> 
     </span>
     <span class='ocr_line' id='line_1_52' title="bbox 1778 1036 3351 1110; baseline 0.004 -20"><span class='ocrx_word' id='word_1_381' title='bbox 1778 1036 1959 1103; x_wconf 88' lang='lat' dir='ltr'><strong>l&#39;ortia,</strong></span> <span class='ocrx_word' id='word_1_382' title='bbox 1983 1044 2038 1091; x_wconf 87' lang='lat' dir='ltr'><strong>et</strong></span> <span class='ocrx_word' id='word_1_383' title='bbox 2064 1051 2146 1101; x_wconf 88' lang='lat' dir='ltr'><strong>ea,</strong></span> <span class='ocrx_word' id='word_1_384' title='bbox 2174 1052 2297 1108; x_wconf 83' lang='lat' dir='ltr'><strong>quae</strong></span> <span class='ocrx_word' id='word_1_385' title='bbox 2345 1052 2452 1093; x_wconf 88' lang='lat' dir='ltr'><strong>non</strong></span> <span class='ocrx_word' id='word_1_386' title='bbox 2495 1047 2644 1103; x_wconf 88' lang='lat' dir='ltr'><strong>sunt,</strong></span> <span class='ocrx_word' id='word_1_387' title='bbox 2689 1046 2750 1093; x_wconf 89' lang='lat' dir='ltr'><strong>ut</strong></span> <span class='ocrx_word' id='word_1_388' title='bbox 2792 1054 2880 1104; x_wconf 89' lang='lat' dir='ltr'><strong>ea,</strong></span> <span class='ocrx_word' id='word_1_389' title='bbox 2903 1054 3029 1110; x_wconf 82' lang='lat' dir='ltr'><strong>quae</strong></span> <span class='ocrx_word' id='word_1_390' title='bbox 3075 1049 3223 1107; x_wconf 87' lang='lat' dir='ltr'><strong>sunt,</strong></span> <span class='ocrx_word' id='word_1_391' title='bbox 3254 1041 3351 1096; x_wconf 89' lang='lat' dir='ltr'><strong>de·</strong></span> 
     </span>
     <span class='ocr_line' id='line_1_53' title="bbox 1776 1127 3350 1197; baseline 0.004 -14"><span class='ocrx_word' id='word_1_392' title='bbox 1776 1137 1972 1184; x_wconf 86' lang='lat' dir='ltr'><strong>struat.</strong></span> <span class='ocrx_word' id='word_1_393' title='bbox 2006 1127 2180 1184; x_wconf 88' lang='lat' dir='ltr'><strong>Etiam</strong></span> <span class='ocrx_word' id='word_1_394' title='bbox 2211 1143 2369 1185; x_wconf 89' lang='lat' dir='ltr'><strong>soror</strong></span> <span class='ocrx_word' id='word_1_395' title='bbox 2400 1139 2591 1185; x_wconf 89' lang='lat' dir='ltr'><strong>contra</strong></span> <span class='ocrx_word' id='word_1_396' title='bbox 2620 1145 2888 1197; x_wconf 89' lang='lat' dir='ltr'><strong>sororem,</strong></span> <span class='ocrx_word' id='word_1_397' title='bbox 2911 1132 3163 1189; x_wconf 80' lang='lat' dir='ltr'><strong>videlicet</strong></span> <span class='ocrx_word' id='word_1_398' title='bbox 3206 1133 3350 1189; x_wconf 84' lang='lat' dir='ltr'><strong>Mar-</strong></span> 
     </span>
     <span class='ocr_line' id='line_1_54' title="bbox 1774 1218 3350 1297; baseline 0.007 -25"><span class='ocrx_word' id='word_1_399' title='bbox 1774 1218 1868 1273; x_wconf 90' lang='lat' dir='ltr'><strong>tha</strong></span> <span class='ocrx_word' id='word_1_400' title='bbox 1893 1229 2083 1276; x_wconf 87' lang='lat' dir='ltr'><strong>contra</strong></span> <span class='ocrx_word' id='word_1_401' title='bbox 2110 1220 2334 1278; x_wconf 86' lang='lat' dir='ltr'><strong>Mariam</strong></span> <span class='ocrx_word' id='word_1_402' title='bbox 2357 1233 2599 1293; x_wconf 84' lang='lat' dir='ltr'><strong>coeperat</strong></span> <span class='ocrx_word' id='word_1_403' title='bbox 2616 1223 2904 1295; x_wconf 88' lang='lat' dir='ltr'><strong>indignari,</strong></span> <span class='ocrx_word' id='word_1_404' title='bbox 2927 1239 2994 1281; x_wconf 91' lang='lat' dir='ltr'><strong>eo</strong></span> <span class='ocrx_word' id='word_1_405' title='bbox 3015 1228 3161 1297; x_wconf 85' lang='lat' dir='ltr'><strong>quod</strong></span> <span class='ocrx_word' id='word_1_406' title='bbox 3183 1226 3350 1283; x_wconf 78' lang='lat' dir='ltr'><strong>verbo</strong></span> 
     </span>
     <span class='ocr_line' id='line_1_55' title="bbox 1776 1311 3347 1389; baseline 0.004 -20"><span class='ocrx_word' id='word_1_407' title='bbox 1776 1311 1870 1369; x_wconf 89' lang='lat' dir='ltr'><strong>Dei</strong></span> <span class='ocrx_word' id='word_1_408' title='bbox 1895 1331 2096 1371; x_wconf 73' lang='lat' dir='ltr'><strong>vacans</strong></span> <span class='ocrx_word' id='word_1_409' title='bbox 2117 1316 2411 1388; x_wconf 83' lang='lat' dir='ltr'><strong>reliquerat</strong></span> <span class='ocrx_word' id='word_1_410' title='bbox 2436 1332 2557 1373; x_wconf 89' lang='lat' dir='ltr'><strong>eam</strong></span> <span class='ocrx_word' id='word_1_411' title='bbox 2584 1317 2755 1374; x_wconf 89' lang='lat' dir='ltr'><strong>solam</strong></span> <span class='ocrx_word' id='word_1_412' title='bbox 2780 1318 3089 1375; x_wconf 73' lang='lat' dir='ltr'><strong>ministrate</strong></span> <span class='ocrx_word' id='word_1_413' title='bbox 3113 1318 3266 1388; x_wconf 80' lang='lat' dir='ltr'><strong>(Luc.</strong></span> <span class='ocrx_word' id='word_1_414' title='bbox 3290 1337 3347 1389; x_wconf 85' lang='lat' dir='ltr'><strong>x,</strong></span> 
     </span>
     <span class='ocr_line' id='line_1_56' title="bbox 1773 1405 3345 1481; baseline 0.004 -21"><span class='ocrx_word' id='word_1_415' title='bbox 1773 1405 1887 1476; x_wconf 71' lang='lat'><strong>40).</strong></span> <span class='ocrx_word' id='word_1_416' title='bbox 1924 1405 2027 1464; x_wconf 88' lang='lat' dir='ltr'><strong>Sed</strong></span> <span class='ocrx_word' id='word_1_417' title='bbox 2061 1408 2151 1463; x_wconf 84' lang='lat' dir='ltr'><strong>ubi</strong></span> <span class='ocrx_word' id='word_1_418' title='bbox 2180 1409 2363 1464; x_wconf 83' lang='lat' dir='ltr'><strong>divino</strong></span> <span class='ocrx_word' id='word_1_419' title='bbox 2382 1408 2595 1479; x_wconf 73' lang='lat' dir='ltr'><strong>iudicio</strong></span> <span class='ocrx_word' id='word_1_420' title='bbox 2619 1409 2835 1465; x_wconf 83' lang='lat' dir='ltr'><strong>laudata</strong></span> <span class='ocrx_word' id='word_1_421' title='bbox 2868 1420 2953 1466; x_wconf 91' lang='grc' dir='ltr'><strong>εει</strong></span> <span class='ocrx_word' id='word_1_422' title='bbox 2986 1427 3114 1481; x_wconf 83' lang='lat' dir='ltr'><strong>pars</strong></span> <span class='ocrx_word' id='word_1_423' title='bbox 3140 1410 3345 1479; x_wconf 83' lang='lat' dir='ltr'><strong>Mariae,</strong></span> 
     </span>
     <span class='ocr_line' id='line_1_57' title="bbox 1772 1499 3348 1574; baseline 0.005 -22"><span class='ocrx_word' id='word_1_424' title='bbox 1772 1499 1981 1568; x_wconf 79' lang='lat' dir='ltr'><strong>quievit</strong></span> <span class='ocrx_word' id='word_1_425' title='bbox 2003 1499 2302 1571; x_wconf 84' lang='lat' dir='ltr'><strong>indignatio</strong></span> <span class='ocrx_word' id='word_1_426' title='bbox 2323 1500 2565 1557; x_wconf 67' lang='lat' dir='ltr'><strong>Marthae.</strong></span> <span class='ocrx_word' id='word_1_427' title='bbox 2593 1502 2965 1573; x_wconf 80' lang='lat' dir='ltr'><strong>Agnoscamus</strong></span> <span class='ocrx_word' id='word_1_428' title='bbox 2986 1502 3151 1574; x_wconf 89' lang='lat' dir='ltr'><strong>igitur</strong></span> <span class='ocrx_word' id='word_1_429' title='bbox 3170 1510 3225 1558; x_wconf 85' lang='lat' dir='ltr'><strong>et</strong></span> <span class='ocrx_word' id='word_1_430' title='bbox 3242 1519 3348 1562; x_wconf 77' lang='lat' dir='ltr'><strong>nos</strong></span> 
     </span>
     <span class='ocr_line' id='line_1_58' title="bbox 1774 1590 3348 1664; baseline 0.004 -19"><span class='ocrx_word' id='word_1_431' title='bbox 1774 1590 2098 1648; x_wconf 79' lang='lat' dir='ltr'><strong>laudabilem</strong></span> <span class='ocrx_word' id='word_1_432' title='bbox 2128 1607 2249 1648; x_wconf 77' lang='lat' dir='ltr'><strong>esse</strong></span> <span class='ocrx_word' id='word_1_433' title='bbox 2275 1604 2480 1663; x_wconf 87' lang='lat' dir='ltr'><strong>partem</strong></span> <span class='ocrx_word' id='word_1_434' title='bbox 2510 1591 2714 1658; x_wconf 66' lang='lat' dir='ltr'><strong>Mariae,</strong></span> <span class='ocrx_word' id='word_1_435' title='bbox 2748 1609 2847 1650; x_wconf 84' lang='lat' dir='ltr'><strong>nec</strong></span> <span class='ocrx_word' id='word_1_436' title='bbox 2872 1602 3053 1649; x_wconf 88' lang='lat' dir='ltr'><strong>tamen</strong></span> <span class='ocrx_word' id='word_1_437' title='bbox 3080 1594 3348 1664; x_wconf 81' lang='lat' dir='ltr'><strong>vitupera-</strong></span> 
     </span>
     <span class='ocr_line' id='line_1_59' title="bbox 1772 1681 3342 1754; baseline 0.002 -18"><span class='ocrx_word' id='word_1_438' title='bbox 1772 1681 1937 1738; x_wconf 87' lang='lat' dir='ltr'><strong>bilem</strong></span> <span class='ocrx_word' id='word_1_439' title='bbox 1961 1697 2081 1739; x_wconf 85' lang='lat' dir='ltr'><strong>esse</strong></span> <span class='ocrx_word' id='word_1_440' title='bbox 2107 1692 2316 1754; x_wconf 87' lang='lat' dir='ltr'><strong>partem</strong></span> <span class='ocrx_word' id='word_1_441' title='bbox 2352 1684 2562 1740; x_wconf 84' lang='lat' dir='ltr'><strong>sororis</strong></span> <span class='ocrx_word' id='word_1_442' title='bbox 2594 1683 2837 1740; x_wconf 68' lang='lat' dir='ltr'><strong>Marthae.</strong></span> <span class='ocrx_word' id='word_1_443' title='bbox 2883 1682 3073 1740; x_wconf 81' lang='lat' dir='ltr'><strong>Mutuo</strong></span> <span class='ocrx_word' id='word_1_444' title='bbox 3115 1700 3218 1740; x_wconf 89' lang='lat' dir='ltr'><strong>nos</strong></span> <span class='ocrx_word' id='word_1_445' title='bbox 3253 1684 3342 1739; x_wconf 90' lang='lat' dir='ltr'><strong>in·</strong></span> 
     </span>
     <span class='ocr_line' id='line_1_60' title="bbox 1768 1775 3345 1848; baseline 0.003 -19"><span class='ocrx_word' id='word_1_446' title='bbox 1768 1775 1942 1831; x_wconf 80' lang='lat' dir='ltr'><strong>vicem</strong></span> <span class='ocrx_word' id='word_1_447' title='bbox 1969 1776 2342 1845; x_wconf 83' lang='lat' dir='ltr'><strong>exhortemur,</strong></span> <span class='ocrx_word' id='word_1_448' title='bbox 2370 1792 2439 1832; x_wconf 91' lang='lat' dir='ltr'><strong>ne</strong></span> <span class='ocrx_word' id='word_1_449' title='bbox 2457 1776 2731 1845; x_wconf 86' lang='lat' dir='ltr'><strong>inflemur,</strong></span> <span class='ocrx_word' id='word_1_450' title='bbox 2758 1784 2852 1833; x_wconf 85' lang='lat' dir='ltr'><strong>aut</strong></span> <span class='ocrx_word' id='word_1_451' title='bbox 2875 1776 3219 1848; x_wconf 85' lang='lat' dir='ltr'><strong>indignemur</strong></span> <span class='ocrx_word' id='word_1_452' title='bbox 3246 1777 3345 1834; x_wconf 90' lang='lat' dir='ltr'><strong>ad-</strong></span> 
     </span>
     <span class='ocr_line' id='line_1_61' title="bbox 1768 1866 3343 1939; baseline 0.005 -21"><span class='ocrx_word' id='word_1_453' title='bbox 1768 1880 1962 1922; x_wconf 71' lang='lat' dir='ltr'><strong>versus</strong></span> <span class='ocrx_word' id='word_1_454' title='bbox 1985 1866 2308 1923; x_wconf 88' lang='lat' dir='ltr'><strong>alterutrum</strong></span> <span class='ocrx_word' id='word_1_455' title='bbox 2346 1882 2447 1939; x_wconf 87' lang='lat' dir='ltr'><strong>pro</strong></span> <span class='ocrx_word' id='word_1_456' title='bbox 2474 1869 2689 1924; x_wconf 78' lang='lat' dir='ltr'><strong>diversa</strong></span> <span class='ocrx_word' id='word_1_457' title='bbox 2747 1868 3008 1939; x_wconf 87' lang='lat' dir='ltr'><strong>dignitate</strong></span> <span class='ocrx_word' id='word_1_458' title='bbox 3039 1868 3343 1927; x_wconf 86' lang='lat' dir='ltr'><strong>officiorum</strong></span> 
     </span>
     <span class='ocr_line' id='line_1_62' title="bbox 1767 1956 3346 2033; baseline 0.004 -21"><span class='ocrx_word' id='word_1_459' title='bbox 1767 1956 1883 2012; x_wconf 82' lang='lat' dir='ltr'><strong>sive</strong></span> <span class='ocrx_word' id='word_1_460' title='bbox 1901 1957 1969 2014; x_wconf 87' lang='lat' dir='ltr'><strong>ad</strong></span> <span class='ocrx_word' id='word_1_461' title='bbox 1996 1958 2288 2027; x_wconf 90' lang='lat' dir='ltr'><strong>actionem,</strong></span> <span class='ocrx_word' id='word_1_462' title='bbox 2339 1960 2455 2015; x_wconf 85' lang='lat' dir='ltr'><strong>sive</strong></span> <span class='ocrx_word' id='word_1_463' title='bbox 2509 1960 2578 2015; x_wconf 90' lang='lat' dir='ltr'><strong>ad</strong></span> <span class='ocrx_word' id='word_1_464' title='bbox 2625 1961 3136 2031; x_wconf 82' lang='lat' dir='ltr'><strong>contemplationem</strong></span> <span class='ocrx_word' id='word_1_465' title='bbox 3178 1963 3346 2033; x_wconf 86' lang='lat' dir='ltr'><strong>perti·</strong></span> 
     </span>
     <span class='ocr_line' id='line_1_63' title="bbox 1769 2046 3345 2123; baseline 0.006 -21"><span class='ocrx_word' id='word_1_466' title='bbox 1769 2048 2037 2104; x_wconf 87' lang='lat' dir='ltr'><strong>nentium.</strong></span> <span class='ocrx_word' id='word_1_467' title='bbox 2072 2046 2271 2121; x_wconf 72' lang='lat' dir='ltr'><strong>Siquis</strong></span> <span class='ocrx_word' id='word_1_468' title='bbox 2303 2049 2540 2123; x_wconf 80' lang='lat' dir='ltr'><strong>loquitur</strong></span> <span class='ocrx_word' id='word_1_469' title='bbox 2564 2052 2720 2123; x_wconf 77' lang='lat' dir='ltr'><strong>quasi</strong></span> <span class='ocrx_word' id='word_1_470' title='bbox 2761 2068 3024 2109; x_wconf 68' lang='lat' dir='ltr'><strong>sermones</strong></span> <span class='ocrx_word' id='word_1_471' title='bbox 3063 2053 3182 2122; x_wconf 83' lang='lat' dir='ltr'><strong>Dei,</strong></span> <span class='ocrx_word' id='word_1_472' title='bbox 3211 2056 3345 2111; x_wconf 86' lang='lat' dir='ltr'><strong>dum</strong></span> 
     </span>
     <span class='ocr_line' id='line_1_64' title="bbox 1768 2141 3342 2215; baseline 0.006 -22"><span class='ocrx_word' id='word_1_473' title='bbox 1768 2155 1877 2194; x_wconf 89' lang='lat' dir='ltr'><strong>non</strong></span> <span class='ocrx_word' id='word_1_474' title='bbox 1908 2150 1993 2196; x_wconf 80' lang='lat' dir='ltr'><strong>est</strong></span> <span class='ocrx_word' id='word_1_475' title='bbox 2033 2141 2169 2211; x_wconf 88' lang='lat' dir='ltr'><strong>ipse,</strong></span> <span class='ocrx_word' id='word_1_476' title='bbox 2209 2142 2303 2213; x_wconf 91' lang='lat' dir='ltr'><strong>qui</strong></span> <span class='ocrx_word' id='word_1_477' title='bbox 2344 2142 2607 2212; x_wconf 90' lang='lat' dir='ltr'><strong>loquitur,</strong></span> <span class='ocrx_word' id='word_1_478' title='bbox 2643 2143 2738 2200; x_wconf 87' lang='lat' dir='ltr'><strong>sed</strong></span> <span class='ocrx_word' id='word_1_479' title='bbox 2791 2144 3028 2215; x_wconf 87' lang='lat' dir='ltr'><strong>Spiritus</strong></span> <span class='ocrx_word' id='word_1_480' title='bbox 3076 2153 3342 2202; x_wconf 82' lang='lat' dir='ltr'><strong>sanctus:</strong></span> 
     </span>
     <span class='ocr_line' id='line_1_65' title="bbox 1770 2226 3343 2306; baseline 0.004 -23"><span class='ocrx_word' id='word_1_481' title='bbox 1770 2226 1830 2283; x_wconf 81' lang='lat' dir='ltr'><strong>Si</strong></span> <span class='ocrx_word' id='word_1_482' title='bbox 1856 2232 1975 2300; x_wconf 72' lang='lat' dir='ltr'><strong>quis</strong></span> <span class='ocrx_word' id='word_1_483' title='bbox 2004 2231 2275 2287; x_wconf 72' lang='lat' dir='ltr'><strong>ministrat</strong></span> <span class='ocrx_word' id='word_1_484' title='bbox 2314 2242 2565 2304; x_wconf 78' lang='lat' dir='ltr'><strong>tauquam</strong></span> <span class='ocrx_word' id='word_1_485' title='bbox 2596 2249 2662 2288; x_wconf 85' lang='lat' dir='ltr'><strong>ea:</strong></span> <span class='ocrx_word' id='word_1_486' title='bbox 2698 2234 2910 2300; x_wconf 74' lang='lat' dir='ltr'><strong>virtute,</strong></span> <span class='ocrx_word' id='word_1_487' title='bbox 2958 2252 3119 2306; x_wconf 82' lang='lat' dir='ltr'><strong>quam</strong></span> <span class='ocrx_word' id='word_1_488' title='bbox 3163 2235 3343 2290; x_wconf 81' lang='lat' dir='ltr'><strong>admi-</strong></span> 
     </span>
     <span class='ocr_line' id='line_1_66' title="bbox 1768 2320 3344 2395; baseline 0.006 -21"><span class='ocrx_word' id='word_1_489' title='bbox 1768 2321 1960 2376; x_wconf 79' lang='lat' dir='ltr'><strong>nistrat</strong></span> <span class='ocrx_word' id='word_1_490' title='bbox 1991 2320 2126 2377; x_wconf 76' lang='lat' dir='ltr'><strong>Deus</strong></span> <span class='ocrx_word' id='word_1_491' title='bbox 2158 2321 2210 2395; x_wconf 87' lang='lat'><strong>(1</strong></span> <span class='ocrx_word' id='word_1_492' title='bbox 2238 2322 2385 2384; x_wconf 77' lang='lat' dir='ltr'><strong>Petr.</strong></span> <span class='ocrx_word' id='word_1_493' title='bbox 2419 2338 2490 2392; x_wconf 88' lang='lat' dir='ltr'><strong>tv,</strong></span> <span class='ocrx_word' id='word_1_494' title='bbox 2520 2324 2631 2395; x_wconf 86' lang='lat' dir='ltr'><strong>ll),</strong></span> <span class='ocrx_word' id='word_1_495' title='bbox 2669 2334 2731 2380; x_wconf 93' lang='lat' dir='ltr'><strong>ut</strong></span> <span class='ocrx_word' id='word_1_496' title='bbox 2770 2325 2826 2379; x_wconf 82' lang='lat' dir='ltr'><strong>in</strong></span> <span class='ocrx_word' id='word_1_497' title='bbox 2879 2326 3138 2382; x_wconf 86' lang='lat' dir='ltr'><strong>omnibus</strong></span> <span class='ocrx_word' id='word_1_498' title='bbox 3197 2326 3344 2383; x_wconf 87' lang='lat' dir='ltr'><strong>Dens</strong></span> 
     </span>
     <span class='ocr_line' id='line_1_67' title="bbox 1768 2413 3345 2482; baseline 0.005 -14"><span class='ocrx_word' id='word_1_499' title='bbox 1768 2413 2181 2482; x_wconf 82' lang='lat' dir='ltr'><strong>honorificetur,</strong></span> <span class='ocrx_word' id='word_1_500' title='bbox 2203 2425 2260 2473; x_wconf 86' lang='lat' dir='ltr'><strong>et</strong></span> <span class='ocrx_word' id='word_1_501' title='bbox 2293 2431 2400 2472; x_wconf 90' lang='lat' dir='ltr'><strong>non</strong></span> <span class='ocrx_word' id='word_1_502' title='bbox 2429 2417 2564 2472; x_wconf 88' lang='lat' dir='ltr'><strong>alter</strong></span> <span class='ocrx_word' id='word_1_503' title='bbox 2594 2416 2860 2473; x_wconf 85' lang='lat' dir='ltr'><strong>adversus</strong></span> <span class='ocrx_word' id='word_1_504' title='bbox 2908 2417 3138 2475; x_wconf 90' lang='lat' dir='ltr'><strong>alterum</strong></span> <span class='ocrx_word' id='word_1_505' title='bbox 3191 2419 3345 2476; x_wconf 81' lang='lat' dir='ltr'><strong>infle-</strong></span> 
     </span>
     <span class='ocr_line' id='line_1_68' title="bbox 1768 2505 3346 2582; baseline 0.003 -21"><span class='ocrx_word' id='word_1_506' title='bbox 1768 2515 1876 2571; x_wconf 89' lang='lat' dir='ltr'><strong>tur,</strong></span> <span class='ocrx_word' id='word_1_507' title='bbox 1910 2506 1996 2562; x_wconf 80' lang='lat' dir='ltr'><strong>vel</strong></span> <span class='ocrx_word' id='word_1_508' title='bbox 2033 2505 2363 2580; x_wconf 83' lang='lat' dir='ltr'><strong>indignetur.</strong></span> <span class='ocrx_word' id='word_1_509' title='bbox 2415 2507 2625 2575; x_wconf 82' lang='lat' dir='ltr'><strong>Quibus</strong></span> <span class='ocrx_word' id='word_1_510' title='bbox 2664 2510 2720 2564; x_wconf 90' lang='lat' dir='ltr'><strong>in</strong></span> <span class='ocrx_word' id='word_1_511' title='bbox 2767 2524 2874 2565; x_wconf 89' lang='lat' dir='ltr'><strong>una</strong></span> <span class='ocrx_word' id='word_1_512' title='bbox 2925 2511 3346 2582; x_wconf 81' lang='lat' dir='ltr'><strong>congregatione</strong></span> 
     </span>
     <span class='ocr_line' id='line_1_69' title="bbox 1768 2593 3346 2673; baseline 0.006 -24"><span class='ocrx_word' id='word_1_513' title='bbox 1768 2593 1954 2652; x_wconf 88' lang='lat' dir='ltr'><strong>datum</strong></span> <span class='ocrx_word' id='word_1_514' title='bbox 1980 2605 2063 2653; x_wconf 88' lang='grc' dir='ltr'><strong>εει</strong></span> <span class='ocrx_word' id='word_1_515' title='bbox 2110 2598 2326 2668; x_wconf 90' lang='lat' dir='ltr'><strong>operari</strong></span> <span class='ocrx_word' id='word_1_516' title='bbox 2375 2613 2515 2670; x_wconf 90' lang='lat' dir='ltr'><strong>opus</strong></span> <span class='ocrx_word' id='word_1_517' title='bbox 2572 2600 2798 2666; x_wconf 85' lang='lat' dir='ltr'><strong>bonum,</strong></span> <span class='ocrx_word' id='word_1_518' title='bbox 2838 2616 2947 2655; x_wconf 88' lang='lat' dir='ltr'><strong>non</strong></span> <span class='ocrx_word' id='word_1_519' title='bbox 2992 2600 3346 2673; x_wconf 86' lang='lat' dir='ltr'><strong>indignentur</strong></span> 
     </span>
     <span class='ocr_line' id='line_1_70' title="bbox 1766 2688 3347 2758; baseline 0.004 -15"><span class='ocrx_word' id='word_1_520' title='bbox 1766 2688 1938 2758; x_wconf 87' lang='lat' dir='ltr'><strong>quieti</strong></span> <span class='ocrx_word' id='word_1_521' title='bbox 1968 2688 2105 2745; x_wconf 89' lang='lat' dir='ltr'><strong>bene</strong></span> <span class='ocrx_word' id='word_1_522' title='bbox 2128 2690 2463 2747; x_wconf 80' lang='lat' dir='ltr'><strong>vacantium.</strong></span> <span class='ocrx_word' id='word_1_523' title='bbox 2491 2690 2704 2758; x_wconf 84' lang='lat' dir='ltr'><strong>Quibus</strong></span> <span class='ocrx_word' id='word_1_524' title='bbox 2751 2692 2938 2748; x_wconf 88' lang='lat' dir='ltr'><strong>datum</strong></span> <span class='ocrx_word' id='word_1_525' title='bbox 2962 2703 3047 2749; x_wconf 85' lang='lat' dir='ltr'><strong>cst</strong></span> <span class='ocrx_word' id='word_1_526' title='bbox 3068 2708 3263 2749; x_wconf 82' lang='lat' dir='ltr'><strong>vacare</strong></span> <span class='ocrx_word' id='word_1_527' title='bbox 3289 2704 3347 2750; x_wconf 91' lang='lat' dir='ltr'><strong>et</strong></span> 
     </span>
     <span class='ocr_line' id='line_1_71' title="bbox 1766 2781 3348 2858; baseline 0.005 -23"><span class='ocrx_word' id='word_1_528' title='bbox 1766 2781 1970 2850; x_wconf 75' lang='lat' dir='ltr'><strong>videre,</strong></span> <span class='ocrx_word' id='word_1_529' title='bbox 2000 2783 2260 2855; x_wconf 88' lang='lat' dir='ltr'><strong>quoniam</strong></span> <span class='ocrx_word' id='word_1_530' title='bbox 2291 2785 2476 2840; x_wconf 80' lang='lat' dir='ltr'><strong>suavis</strong></span> <span class='ocrx_word' id='word_1_531' title='bbox 2500 2793 2585 2840; x_wconf 85' lang='grc' dir='ltr'><strong>εει</strong></span> <span class='ocrx_word' id='word_1_532' title='bbox 2610 2783 2898 2854; x_wconf 88' lang='lat' dir='ltr'><strong>Dominus,</strong></span> <span class='ocrx_word' id='word_1_533' title='bbox 2926 2801 3035 2841; x_wconf 91' lang='lat' dir='ltr'><strong>non</strong></span> <span class='ocrx_word' id='word_1_534' title='bbox 3065 2785 3348 2858; x_wconf 87' lang='lat' dir='ltr'><strong>indignen-</strong></span> 
     </span>
     <span class='ocr_line' id='line_1_72' title="bbox 1766 2874 3349 2948; baseline 0.004 -20"><span class='ocrx_word' id='word_1_535' title='bbox 1766 2882 1856 2929; x_wconf 89' lang='lat' dir='ltr'><strong>tur</strong></span> <span class='ocrx_word' id='word_1_536' title='bbox 1876 2874 2014 2931; x_wconf 85' lang='lat' dir='ltr'><strong>bene</strong></span> <span class='ocrx_word' id='word_1_537' title='bbox 2038 2876 2393 2946; x_wconf 85' lang='lat' dir='ltr'><strong>operantibus</strong></span> <span class='ocrx_word' id='word_1_538' title='bbox 2415 2876 2440 2930; x_wconf 85' lang='lat' dir='ltr'>s</span> <span class='ocrx_word' id='word_1_539' title='bbox 2440 2877 2676 2933; x_wconf 85' lang='lat' dir='ltr'><strong>ratribus</strong></span> <span class='ocrx_word' id='word_1_540' title='bbox 2698 2887 2794 2933; x_wconf 88' lang='lat' dir='ltr'><strong>aut</strong></span> <span class='ocrx_word' id='word_1_541' title='bbox 2827 2876 3143 2946; x_wconf 87' lang='lat' dir='ltr'><strong>sororibus;</strong></span> <span class='ocrx_word' id='word_1_542' title='bbox 3170 2880 3349 2948; x_wconf 79' lang='lat' dir='ltr'><strong>magis</strong></span> 
     </span>
     <span class='ocr_line' id='line_1_73' title="bbox 1766 2967 3344 3044; baseline 0.005 -22"><span class='ocrx_word' id='word_1_543' title='bbox 1766 2976 1950 3023; x_wconf 91' lang='lat' dir='ltr'><strong>autem</strong></span> <span class='ocrx_word' id='word_1_544' title='bbox 1978 2967 2235 3025; x_wconf 86' lang='lat' dir='ltr'><strong>studeant</strong></span> <span class='ocrx_word' id='word_1_545' title='bbox 2263 2984 2371 3025; x_wconf 89' lang='lat' dir='ltr'><strong>non</strong></span> <span class='ocrx_word' id='word_1_546' title='bbox 2422 2969 2490 3027; x_wconf 88' lang='lat' dir='ltr'><strong>de</strong></span> <span class='ocrx_word' id='word_1_547' title='bbox 2521 2969 2606 3027; x_wconf 90' lang='lat' dir='ltr'><strong>sui</strong></span> <span class='ocrx_word' id='word_1_548' title='bbox 2638 2969 2902 3042; x_wconf 84' lang='lat' dir='ltr'><strong>spiritalis</strong></span> <span class='ocrx_word' id='word_1_549' title='bbox 2929 2970 3026 3028; x_wconf 90' lang='lat' dir='ltr'><strong>otii</strong></span> <span class='ocrx_word' id='word_1_550' title='bbox 3061 2972 3344 3044; x_wconf 82' lang='lat' dir='ltr'><strong>dignitate,</strong></span> 
     </span>
     <span class='ocr_line' id='line_1_74' title="bbox 1767 3060 3349 3132; baseline 0.005 -17"><span class='ocrx_word' id='word_1_551' title='bbox 1767 3060 1861 3116; x_wconf 84' lang='lat' dir='ltr'><strong>sed</strong></span> <span class='ocrx_word' id='word_1_552' title='bbox 1888 3061 1957 3116; x_wconf 86' lang='lat' dir='ltr'><strong>de</strong></span> <span class='ocrx_word' id='word_1_553' title='bbox 1992 3061 2335 3132; x_wconf 89' lang='lat' dir='ltr'><strong>operantium</strong></span> <span class='ocrx_word' id='word_1_554' title='bbox 2395 3062 2623 3118; x_wconf 79' lang='lat' dir='ltr'><strong>fratrum</strong></span> <span class='ocrx_word' id='word_1_555' title='bbox 2674 3072 2730 3118; x_wconf 88' lang='lat' dir='ltr'><strong>et</strong></span> <span class='ocrx_word' id='word_1_556' title='bbox 2781 3079 3033 3121; x_wconf 88' lang='lat' dir='ltr'><strong>sororum</strong></span> <span class='ocrx_word' id='word_1_557' title='bbox 3085 3067 3349 3123; x_wconf 73' lang='lat' dir='ltr'><strong>societate</strong></span> 
     </span>
     <span class='ocr_line' id='line_1_75' title="bbox 1766 3149 3346 3227; baseline 0.008 -24"><span class='ocrx_word' id='word_1_558' title='bbox 1766 3150 2019 3220; x_wconf 85' lang='lat' dir='ltr'><strong>gloriari:</strong></span> <span class='ocrx_word' id='word_1_559' title='bbox 2068 3149 2135 3206; x_wconf 81' lang='lat' dir='ltr'><strong>Et</strong></span> <span class='ocrx_word' id='word_1_560' title='bbox 2186 3151 2232 3207; x_wconf 88' lang='lat' dir='ltr'><strong>si</strong></span> <span class='ocrx_word' id='word_1_561' title='bbox 2282 3167 2393 3207; x_wconf 91' lang='lat' dir='ltr'><strong>non</strong></span> <span class='ocrx_word' id='word_1_562' title='bbox 2444 3163 2678 3224; x_wconf 86' lang='lat' dir='ltr'><strong>possunt</strong></span> <span class='ocrx_word' id='word_1_563' title='bbox 2739 3152 2921 3211; x_wconf 79' lang='lat' dir='ltr'><strong>facere</strong></span> <span class='ocrx_word' id='word_1_564' title='bbox 2969 3170 3139 3227; x_wconf 88' lang='lat' dir='ltr'><strong>opera</strong></span> <span class='ocrx_word' id='word_1_565' title='bbox 3181 3157 3346 3217; x_wconf 83' lang='lat' dir='ltr'><strong>sortia</strong></span> 
     </span>
     <span class='ocr_line' id='line_1_76' title="bbox 1766 3240 3346 3315; baseline 0.006 -19"><span class='ocrx_word' id='word_1_566' title='bbox 1766 3243 2016 3312; x_wconf 84' lang='lat' dir='ltr'><strong>exemplo</strong></span> <span class='ocrx_word' id='word_1_567' title='bbox 2045 3240 2201 3298; x_wconf 78' lang='lat' dir='ltr'><strong>fortis</strong></span> <span class='ocrx_word' id='word_1_568' title='bbox 2232 3243 2496 3312; x_wconf 89' lang='lat' dir='ltr'><strong>mulieris,</strong></span> <span class='ocrx_word' id='word_1_569' title='bbox 2523 3260 2645 3315; x_wconf 83' lang='lat' dir='ltr'><strong>quae</strong></span> <span class='ocrx_word' id='word_1_570' title='bbox 2674 3261 3082 3304; x_wconf 85' lang='lat' dir='ltr'><strong>manum-suam</strong></span> <span class='ocrx_word' id='word_1_571' title='bbox 3106 3249 3257 3305; x_wconf 88' lang='lat' dir='ltr'><strong>misit</strong></span> <span class='ocrx_word' id='word_1_572' title='bbox 3276 3249 3346 3306; x_wconf 87' lang='lat' dir='ltr'><strong>ad</strong></span> 
     </span>
     <span class='ocr_line' id='line_1_77' title="bbox 1766 3330 3347 3410; baseline 0.008 -25"><span class='ocrx_word' id='word_1_573' title='bbox 1766 3330 1948 3399; x_wconf 78' lang='lat' dir='ltr'><strong>sortia,</strong></span> <span class='ocrx_word' id='word_1_574' title='bbox 1977 3332 2049 3388; x_wconf 91' lang='lat' dir='ltr'><strong>sit</strong></span> <span class='ocrx_word' id='word_1_575' title='bbox 2073 3334 2127 3387; x_wconf 92' lang='lat' dir='ltr'><strong>in</strong></span> <span class='ocrx_word' id='word_1_576' title='bbox 2151 3333 2232 3390; x_wconf 87' lang='lat' dir='ltr'><strong>eis</strong></span> <span class='ocrx_word' id='word_1_577' title='bbox 2259 3334 2502 3401; x_wconf 86' lang='lat' dir='ltr'><strong>dilecti0,</strong></span> <span class='ocrx_word' id='word_1_578' title='bbox 2531 3352 2651 3406; x_wconf 80' lang='lat' dir='ltr'><strong>quae</strong></span> <span class='ocrx_word' id='word_1_579' title='bbox 2672 3337 2719 3392; x_wconf 89' lang='lat' dir='ltr'><strong>si</strong></span> <span class='ocrx_word' id='word_1_580' title='bbox 2750 3336 2806 3393; x_wconf 89' lang='lat' dir='ltr'><strong>in</strong></span> <span class='ocrx_word' id='word_1_581' title='bbox 2853 3353 3084 3410; x_wconf 87' lang='lat' dir='ltr'><strong>corpore</strong></span> <span class='ocrx_word' id='word_1_582' title='bbox 3128 3341 3347 3397; x_wconf 84' lang='lat' dir='ltr'><strong>mortali</strong></span> 
     </span>
     <span class='ocr_line' id='line_1_78' title="bbox 1765 3421 3344 3499; baseline 0.008 -23"><span class='ocrx_word' id='word_1_583' title='bbox 1765 3437 1830 3478; x_wconf 89' lang='lat' dir='ltr'><strong>ac</strong></span> <span class='ocrx_word' id='word_1_584' title='bbox 1860 3421 2038 3494; x_wconf 81' lang='lat' dir='ltr'><strong>l&#39;ragili</strong></span> <span class='ocrx_word' id='word_1_585' title='bbox 2070 3423 2228 3481; x_wconf 82' lang='lat' dir='ltr'><strong>sortis</strong></span> <span class='ocrx_word' id='word_1_586' title='bbox 2258 3433 2342 3481; x_wconf 84' lang='lat' dir='ltr'><strong>est</strong></span> <span class='ocrx_word' id='word_1_587' title='bbox 2371 3434 2430 3480; x_wconf 91' lang='lat' dir='ltr'><strong>ut</strong></span> <span class='ocrx_word' id='word_1_588' title='bbox 2460 3441 2631 3494; x_wconf 87' lang='lat' dir='ltr'><strong>mors,</strong></span> <span class='ocrx_word' id='word_1_589' title='bbox 2667 3444 2946 3499; x_wconf 89' lang='lat' dir='ltr'><strong>nunquam</strong></span> <span class='ocrx_word' id='word_1_590' title='bbox 2975 3431 3082 3486; x_wconf 91' lang='lat' dir='ltr'><strong>erit</strong></span> <span class='ocrx_word' id='word_1_591' title='bbox 3129 3431 3344 3497; x_wconf 86' lang='lat' dir='ltr'><strong>odiosa,</strong></span> 
     </span>
     <span class='ocr_line' id='line_1_79' title="bbox 1765 3514 3348 3585; baseline 0.006 -15"><span class='ocrx_word' id='word_1_592' title='bbox 1765 3515 1981 3570; x_wconf 81' lang='lat' dir='ltr'><strong>etiamsi</strong></span> <span class='ocrx_word' id='word_1_593' title='bbox 2002 3530 2099 3585; x_wconf 88' lang='lat' dir='ltr'><strong>per</strong></span> <span class='ocrx_word' id='word_1_594' title='bbox 2121 3514 2454 3573; x_wconf 87' lang='lat' dir='ltr'><strong>debilitatem</strong></span> <span class='ocrx_word' id='word_1_595' title='bbox 2476 3518 2561 3573; x_wconf 84' lang='lat' dir='ltr'><strong>vel</strong></span> <span class='ocrx_word' id='word_1_596' title='bbox 2583 3517 2954 3576; x_wconf 84' lang='lat' dir='ltr'><strong>infirmitatem</strong></span> <span class='ocrx_word' id='word_1_597' title='bbox 2973 3521 3348 3580; x_wconf 86' lang='lat' dir='ltr'><strong>dissolvantur</strong></span> 
     </span>
     <span class='ocr_line' id='line_1_80' title="bbox 1765 3605 2242 3662; baseline 0.006 -3"><span class='ocrx_word' id='word_1_598' title='bbox 1765 3605 1950 3661; x_wconf 85' lang='lat' dir='ltr'><strong>omnia</strong></span> <span class='ocrx_word' id='word_1_599' title='bbox 1977 3607 2242 3662; x_wconf 91' lang='lat' dir='ltr'><strong>membra.</strong></span> 
     </span>
    </p>

    <p class='ocr_par' dir='ltr' id='par_1_8' title="bbox 1761 3696 3345 4420">
     <span class='ocr_line' id='line_1_81' title="bbox 1838 3696 3345 3777; baseline 0.007 -24"><span class='ocrx_word' id='word_1_600' title='bbox 1838 3696 1930 3754; x_wconf 88' lang='lat' dir='ltr'><strong>Sic</strong></span> <span class='ocrx_word' id='word_1_601' title='bbox 1959 3698 2014 3753; x_wconf 91' lang='lat' dir='ltr'><strong>in</strong></span> <span class='ocrx_word' id='word_1_602' title='bbox 2063 3698 2306 3756; x_wconf 83' lang='lat' dir='ltr'><strong>homiliis</strong></span> <span class='ocrx_word' id='word_1_603' title='bbox 2351 3699 2493 3756; x_wconf 87' lang='lat' dir='ltr'><strong>beati</strong></span> <span class='ocrx_word' id='word_1_604' title='bbox 2531 3700 2776 3772; x_wconf 87' lang='lat' dir='ltr'><strong>Gregorii</strong></span> <span class='ocrx_word' id='word_1_605' title='bbox 2828 3717 2982 3774; x_wconf 82' lang='lat' dir='ltr'><strong>papae</strong></span> <span class='ocrx_word' id='word_1_606' title='bbox 3034 3705 3233 3777; x_wconf 86' lang='lat' dir='ltr'><strong>legitur</strong></span> <span class='ocrx_word' id='word_1_607' title='bbox 3274 3707 3345 3763; x_wconf 90' lang='lat' dir='ltr'><strong>de</strong></span> 
     </span>
     <span class='ocr_line' id='line_1_82' title="bbox 1764 3789 3344 3864; baseline 0.006 -21"><span class='ocrx_word' id='word_1_608' title='bbox 1764 3790 2000 3861; x_wconf 86' lang='lat' dir='ltr'><strong>quodam</strong></span> <span class='ocrx_word' id='word_1_609' title='bbox 2031 3789 2273 3859; x_wconf 77' lang='lat' dir='ltr'><strong>servulo,</strong></span> <span class='ocrx_word' id='word_1_610' title='bbox 2304 3801 2360 3848; x_wconf 88' lang='lat' dir='ltr'><strong>et</strong></span> <span class='ocrx_word' id='word_1_611' title='bbox 2388 3791 2455 3848; x_wconf 89' lang='lat' dir='ltr'><strong>de</strong></span> <span class='ocrx_word' id='word_1_612' title='bbox 2500 3793 2735 3864; x_wconf 89' lang='lat' dir='ltr'><strong>quadam</strong></span> <span class='ocrx_word' id='word_1_613' title='bbox 2777 3791 3010 3850; x_wconf 82' lang='lat' dir='ltr'><strong>Romula</strong></span> <span class='ocrx_word' id='word_1_614' title='bbox 3051 3795 3344 3854; x_wconf 82' lang='lat' dir='ltr'><strong>infirmatis</strong></span> 
     </span>
     <span class='ocr_line' id='line_1_83' title="bbox 1763 3881 3342 3955; baseline 0.005 -18"><span class='ocrx_word' id='word_1_615' title='bbox 1763 3881 2085 3955; x_wconf 81' lang='lat' dir='ltr'><strong>gravissime</strong></span> <span class='ocrx_word' id='word_1_616' title='bbox 2100 3889 2211 3939; x_wconf 90' lang='lat' dir='ltr'><strong>tota</strong></span> <span class='ocrx_word' id='word_1_617' title='bbox 2239 3884 2612 3939; x_wconf 87' lang='lat' dir='ltr'><strong>membrorum</strong></span> <span class='ocrx_word' id='word_1_618' title='bbox 2636 3884 3014 3953; x_wconf 87' lang='lat' dir='ltr'><strong>dissolutione,</strong></span> <span class='ocrx_word' id='word_1_619' title='bbox 3047 3888 3164 3953; x_wconf 90' lang='lat' dir='ltr'><strong>sed,</strong></span> <span class='ocrx_word' id='word_1_620' title='bbox 3198 3888 3342 3945; x_wconf 88' lang='lat' dir='ltr'><strong>sicut</strong></span> 
     </span>
     <span class='ocr_line' id='line_1_84' title="bbox 1763 3974 3339 4049; baseline 0.002 -18"><span class='ocrx_word' id='word_1_621' title='bbox 1763 3975 1937 4031; x_wconf 85' lang='lat' dir='ltr'><strong>sancti</strong></span> <span class='ocrx_word' id='word_1_622' title='bbox 1967 3989 2062 4046; x_wconf 89' lang='lat' dir='ltr'><strong>per</strong></span> <span class='ocrx_word' id='word_1_623' title='bbox 2082 3974 2242 4032; x_wconf 81' lang='lat' dir='ltr'><strong>iidem</strong></span> <span class='ocrx_word' id='word_1_624' title='bbox 2271 3975 2521 4031; x_wconf 77' lang='lat' dir='ltr'><strong>vicerunt</strong></span> <span class='ocrx_word' id='word_1_625' title='bbox 2540 3990 2728 4047; x_wconf 85' lang='lat' dir='ltr'><strong>regna,</strong></span> <span class='ocrx_word' id='word_1_626' title='bbox 2755 3975 2965 4047; x_wconf 85' lang='lat' dir='ltr'><strong>operati</strong></span> <span class='ocrx_word' id='word_1_627' title='bbox 3020 3987 3147 4034; x_wconf 88' lang='lat' dir='ltr'><strong>sunt</strong></span> <span class='ocrx_word' id='word_1_628' title='bbox 3170 3978 3339 4049; x_wconf 78' lang='lat' dir='ltr'><strong>justi-</strong></span> 
     </span>
     <span class='ocr_line' id='line_1_85' title="bbox 1763 4067 3343 4143; baseline 0.004 -21"><span class='ocrx_word' id='word_1_629' title='bbox 1763 4067 1917 4135; x_wconf 80' lang='lat' dir='ltr'><strong>tiam,</strong></span> <span class='ocrx_word' id='word_1_630' title='bbox 1946 4068 2124 4138; x_wconf 89' lang='lat' dir='ltr'><strong>adepti</strong></span> <span class='ocrx_word' id='word_1_631' title='bbox 2149 4076 2280 4124; x_wconf 87' lang='lat' dir='ltr'><strong>sunt</strong></span> <span class='ocrx_word' id='word_1_632' title='bbox 2309 4068 2786 4139; x_wconf 76' lang='lat' dir='ltr'><strong>repromissioneS,</strong></span> <span class='ocrx_word' id='word_1_633' title='bbox 2828 4069 2901 4124; x_wconf 84' lang='lat' dir='ltr'><strong>ita</strong></span> <span class='ocrx_word' id='word_1_634' title='bbox 2926 4077 2977 4126; x_wconf 86' lang='lat' dir='ltr'><strong>et</strong></span> <span class='ocrx_word' id='word_1_635' title='bbox 3008 4069 3063 4126; x_wconf 91' lang='lat' dir='ltr'><strong>in</strong></span> <span class='ocrx_word' id='word_1_636' title='bbox 3096 4071 3219 4128; x_wconf 77' lang='lat' dir='ltr'><strong>istis</strong></span> <span class='ocrx_word' id='word_1_637' title='bbox 3245 4089 3343 4143; x_wconf 86' lang='lat' dir='ltr'><strong>per</strong></span> 
     </span>
     <span class='ocr_line' id='line_1_86' title="bbox 1761 4160 3344 4235; baseline 0.003 -18"><span class='ocrx_word' id='word_1_638' title='bbox 1761 4160 1923 4217; x_wconf 85' lang='lat' dir='ltr'><strong>fidem</strong></span> <span class='ocrx_word' id='word_1_639' title='bbox 1953 4176 2021 4217; x_wconf 84' lang='lat' dir='ltr'><strong>ex</strong></span> <span class='ocrx_word' id='word_1_640' title='bbox 2047 4161 2336 4218; x_wconf 87' lang='lat' dir='ltr'><strong>dilectione</strong></span> <span class='ocrx_word' id='word_1_641' title='bbox 2377 4170 2693 4232; x_wconf 88' lang='lat' dir='ltr'><strong>operantem</strong></span> <span class='ocrx_word' id='word_1_642' title='bbox 2730 4177 2841 4218; x_wconf 91' lang='lat' dir='ltr'><strong>non</strong></span> <span class='ocrx_word' id='word_1_643' title='bbox 2889 4178 2988 4234; x_wconf 81' lang='lat' dir='ltr'><strong>per</strong></span> <span class='ocrx_word' id='word_1_644' title='bbox 3030 4179 3169 4235; x_wconf 86' lang='lat' dir='ltr'><strong>opus</strong></span> <span class='ocrx_word' id='word_1_645' title='bbox 3222 4181 3344 4222; x_wconf 89' lang='lat' dir='ltr'><strong>ma-</strong></span> 
     </span>
     <span class='ocr_line' id='line_1_87' title="bbox 1761 4248 3338 4328; baseline 0.004 -22"><span class='ocrx_word' id='word_1_646' title='bbox 1761 4266 1956 4320; x_wconf 89' lang='lat' dir='ltr'><strong>nuum,</strong></span> <span class='ocrx_word' id='word_1_647' title='bbox 1987 4253 2083 4308; x_wconf 86' lang='lat' dir='ltr'><strong>sed</strong></span> <span class='ocrx_word' id='word_1_648' title='bbox 2109 4248 2208 4323; x_wconf 69' lang='lat' dir='ltr'><strong>per</strong></span> <span class='ocrx_word' id='word_1_649' title='bbox 2235 4268 2375 4325; x_wconf 89' lang='lat' dir='ltr'><strong>opus</strong></span> <span class='ocrx_word' id='word_1_650' title='bbox 2423 4253 2715 4324; x_wconf 81' lang='lat' dir='ltr'><strong>patientiae,</strong></span> <span class='ocrx_word' id='word_1_651' title='bbox 2746 4254 2952 4310; x_wconf 85' lang='lat' dir='ltr'><strong>victum</strong></span> <span class='ocrx_word' id='word_1_652' title='bbox 2985 4263 3068 4311; x_wconf 86' lang='grc' dir='ltr'><strong>εει</strong></span> <span class='ocrx_word' id='word_1_653' title='bbox 3108 4271 3338 4328; x_wconf 83' lang='lat' dir='ltr'><strong>regnum</strong></span> 
     </span>
     <span class='ocr_line' id='line_1_88' title="bbox 1761 4345 3339 4420; baseline 0.003 -19"><span class='ocrx_word' id='word_1_654' title='bbox 1761 4345 1989 4416; x_wconf 86' lang='lat' dir='ltr'><strong>peccati,</strong></span> <span class='ocrx_word' id='word_1_655' title='bbox 2009 4354 2066 4401; x_wconf 88' lang='grc' dir='ltr'><strong>ει</strong></span> <span class='ocrx_word' id='word_1_656' title='bbox 2099 4355 2542 4402; x_wconf 87' lang='lat' dir='ltr'><strong>consummatum</strong></span> <span class='ocrx_word' id='word_1_657' title='bbox 2565 4356 2649 4403; x_wconf 87' lang='lat' dir='ltr'><strong>est</strong></span> <span class='ocrx_word' id='word_1_658' title='bbox 2668 4362 2896 4418; x_wconf 87' lang='lat' dir='ltr'><strong>regnum</strong></span> <span class='ocrx_word' id='word_1_659' title='bbox 2913 4346 3160 4418; x_wconf 83' lang='lat' dir='ltr'><strong>justitiae,</strong></span> <span class='ocrx_word' id='word_1_660' title='bbox 3191 4351 3339 4420; x_wconf 67' lang='lat' dir='ltr'><strong>quant</strong></span> 
     </span>
    </p>
   </div>
   <div class='ocr_carea' id='block_1_6' title="bbox 66 4436 3346 4520">
    <p class='ocr_par' dir='ltr' id='par_1_9' title="bbox 66 4436 3346 4520">
     <span class='ocr_line' id='line_1_89' title="bbox 66 4436 3346 4520; baseline 0.004 -22"><span class='ocrx_word' id='word_1_661' title='bbox 66 4443 225 4498; x_wconf 84' lang='lat' dir='ltr'><strong>alter</strong></span> <span class='ocrx_word' id='word_1_662' title='bbox 243 4440 552 4499; x_wconf 77' lang='lat' dir='ltr'><strong>Pliarisaeus</strong></span> <span class='ocrx_word' id='word_1_663' title='bbox 578 4445 792 4500; x_wconf 90' lang='lat' dir='ltr'><strong>mulieri</strong></span> <span class='ocrx_word' id='word_1_664' title='bbox 815 4445 1101 4517; x_wconf 87' lang='lat' dir='ltr'><strong>peccatrici</strong></span> <span class='ocrx_word' id='word_1_665' title='bbox 1120 4446 1282 4517; x_wconf 87' lang='lat' dir='ltr'><strong>pedes</strong></span> <span class='ocrx_word' id='word_1_666' title='bbox 1308 4446 1523 4504; x_wconf 89' lang='lat' dir='ltr'><strong>Domini</strong></span> <span class='ocrx_word' id='word_1_667' title='bbox 1548 4458 1664 4506; x_wconf 88' lang='lat' dir='ltr'><strong>tan-</strong></span> <span class='ocrx_word' id='word_1_668' title='bbox 1690 4458 1740 4520; x_wconf 73' lang='grc' dir='ltr'><strong>Ι)</strong></span> <span class='ocrx_word' id='word_1_669' title='bbox 1764 4447 1949 4508; x_wconf 64' lang='grc' dir='ltr'><strong>ὃβθΐῑθ</strong></span> <span class='ocrx_word' id='word_1_670' title='bbox 1979 4437 2174 4493; x_wconf 64' lang='lat' dir='ltr'><strong>clami*-</strong></span> <span class='ocrx_word' id='word_1_671' title='bbox 2195 4437 2252 4492; x_wconf 65' lang='lat'><strong>5¹¹</strong></span> <span class='ocrx_word' id='word_1_672' title='bbox 2273 4451 2462 4492; x_wconf 70' lang='lat' dir='ltr'><strong>0⁰r¹¹¹¹¹</strong></span> <span class='ocrx_word' id='word_1_673' title='bbox 2493 4436 2562 4493; x_wconf 70' lang='lat' dir='ltr'><strong>de</strong></span> <span class='ocrx_word' id='word_1_674' title='bbox 2585 4436 2689 4492; x_wconf 74' lang='lat'><strong>¹¹³0</strong></span> <span class='ocrx_word' id='word_1_675' title='bbox 2717 4436 2826 4492; x_wconf 63' lang='lat'><strong>*5¹²</strong></span> <span class='ocrx_word' id='word_1_676' title='bbox 2853 4437 3090 4508; x_wconf 63' lang='lat' dir='ltr'><strong>8¹⁰fi⁰⁵³</strong></span> <span class='ocrx_word' id='word_1_677' title='bbox 3140 4439 3346 4511; x_wconf 62' lang='lat' dir='ltr'><strong>missfa‘</strong></span> 
     </span>
    </p>
   </div>
   <div class='ocr_carea' id='block_1_7' title="bbox 55 4531 1671 5706">
    <p class='ocr_par' dir='ltr' id='par_1_10' title="bbox 55 4531 1671 5706">
     <span class='ocr_line' id='line_1_90' title="bbox 68 4531 1663 4610; baseline 0.004 -22"><span class='ocrx_word' id='word_1_678' title='bbox 68 4531 230 4604; x_wconf 85' lang='lat' dir='ltr'><strong>genti</strong></span> <span class='ocrx_word' id='word_1_679' title='bbox 278 4540 334 4586; x_wconf 93' lang='lat' dir='ltr'><strong>et</strong></span> <span class='ocrx_word' id='word_1_680' title='bbox 382 4534 603 4605; x_wconf 87' lang='lat' dir='ltr'><strong>ungenti</strong></span> <span class='ocrx_word' id='word_1_681' title='bbox 655 4533 988 4606; x_wconf 68' lang='lat' dir='ltr'><strong>indignatus-i,</strong></span> <span class='ocrx_word' id='word_1_682' title='bbox 1018 4534 1111 4605; x_wconf 92' lang='lat' dir='ltr'><strong>qui</strong></span> <span class='ocrx_word' id='word_1_683' title='bbox 1156 4534 1279 4591; x_wconf 84' lang='lat' dir='ltr'><strong>licet</strong></span> <span class='ocrx_word' id='word_1_684' title='bbox 1338 4536 1663 4610; x_wconf 78' lang='lat' dir='ltr'><strong>sibimetipsi</strong></span> 
     </span>
     <span class='ocr_line' id='line_1_91' title="bbox 65 4621 1664 4696; baseline 0.005 -18"><span class='ocrx_word' id='word_1_685' title='bbox 65 4624 238 4680; x_wconf 78' lang='lat' dir='ltr'><strong>visus</strong></span> <span class='ocrx_word' id='word_1_686' title='bbox 268 4621 461 4679; x_wconf 82' lang='lat' dir='ltr'><strong>suisset</strong></span> <span class='ocrx_word' id='word_1_687' title='bbox 483 4633 791 4680; x_wconf 84' lang='lat' dir='ltr'><strong>commotus</strong></span> <span class='ocrx_word' id='word_1_688' title='bbox 820 4625 976 4696; x_wconf 91' lang='lat' dir='ltr'><strong>quasi</strong></span> <span class='ocrx_word' id='word_1_689' title='bbox 1007 4625 1123 4680; x_wconf 87' lang='lat' dir='ltr'><strong>zelo</strong></span> <span class='ocrx_word' id='word_1_690' title='bbox 1146 4625 1390 4696; x_wconf 70' lang='lat' dir='ltr'><strong>justitiae,</strong></span> <span class='ocrx_word' id='word_1_691' title='bbox 1432 4627 1664 4686; x_wconf 90' lang='lat' dir='ltr'><strong>Domino</strong></span> 
     </span>
     <span class='ocr_line' id='line_1_92' title="bbox 63 4718 1665 4790; baseline 0.002 -16"><span class='ocrx_word' id='word_1_692' title='bbox 63 4718 363 4790; x_wconf 80' lang='lat' dir='ltr'><strong>judicante</strong></span> <span class='ocrx_word' id='word_1_693' title='bbox 388 4728 571 4775; x_wconf 87' lang='lat' dir='ltr'><strong>motus</strong></span> <span class='ocrx_word' id='word_1_694' title='bbox 607 4718 785 4776; x_wconf 80' lang='lat' dir='ltr'><strong>suerat</strong></span> <span class='ocrx_word' id='word_1_695' title='bbox 814 4720 931 4775; x_wconf 92' lang='lat' dir='ltr'><strong>zelo</strong></span> <span class='ocrx_word' id='word_1_696' title='bbox 956 4735 1099 4776; x_wconf 79' lang='lat' dir='ltr'><strong>verae</strong></span> <span class='ocrx_word' id='word_1_697' title='bbox 1126 4719 1347 4776; x_wconf 68' lang='lat' dir='ltr'><strong>malitiae</strong></span> <span class='ocrx_word' id='word_1_698' title='bbox 1399 4736 1465 4776; x_wconf 89' lang='lat' dir='ltr'><strong>ac</strong></span> <span class='ocrx_word' id='word_1_699' title='bbox 1513 4720 1665 4778; x_wconf 81' lang='lat' dir='ltr'><strong>salsae</strong></span> 
     </span>
     <span class='ocr_line' id='line_1_93' title="bbox 61 4811 1663 4885; baseline 0.002 -18"><span class='ocrx_word' id='word_1_700' title='bbox 61 4812 329 4885; x_wconf 83' lang='lat' dir='ltr'><strong>justitiae,</strong></span> <span class='ocrx_word' id='word_1_701' title='bbox 349 4811 477 4883; x_wconf 88' lang='lat' dir='ltr'><strong>quia</strong></span> <span class='ocrx_word' id='word_1_702' title='bbox 497 4826 626 4867; x_wconf 79' lang='lat' dir='ltr'><strong>vera</strong></span> <span class='ocrx_word' id='word_1_703' title='bbox 671 4811 882 4882; x_wconf 70' lang='lat' dir='ltr'><strong>iustitia</strong></span> <span class='ocrx_word' id='word_1_704' title='bbox 921 4811 1377 4882; x_wconf 86' lang='lat' dir='ltr'><strong>compassionem,</strong></span> <span class='ocrx_word' id='word_1_705' title='bbox 1406 4811 1541 4868; x_wconf 81' lang='lat' dir='ltr'><strong>salsa</strong></span> <span class='ocrx_word' id='word_1_706' title='bbox 1564 4814 1663 4870; x_wconf 88' lang='lat' dir='ltr'><strong>de-</strong></span> 
     </span>
     <span class='ocr_line' id='line_1_94' title="bbox 66 4903 1665 4977; baseline 0 -17"><span class='ocrx_word' id='word_1_707' title='bbox 66 4903 459 4976; x_wconf 82' lang='lat' dir='ltr'><strong>dignationem</strong></span> <span class='ocrx_word' id='word_1_708' title='bbox 483 4905 663 4969; x_wconf 87' lang='lat' dir='ltr'><strong>habet,</strong></span> <span class='ocrx_word' id='word_1_709' title='bbox 694 4907 946 4977; x_wconf 78' lang='lat' dir='ltr'><strong>quamvis</strong></span> <span class='ocrx_word' id='word_1_710' title='bbox 990 4913 1045 4960; x_wconf 87' lang='lat' dir='ltr'><strong>et</strong></span> <span class='ocrx_word' id='word_1_711' title='bbox 1095 4903 1227 4975; x_wconf 77' lang='lat' dir='ltr'><strong>iusti</strong></span> <span class='ocrx_word' id='word_1_712' title='bbox 1273 4911 1420 4959; x_wconf 89' lang='lat' dir='ltr'><strong>recte</strong></span> <span class='ocrx_word' id='word_1_713' title='bbox 1454 4906 1665 4961; x_wconf 87' lang='lat' dir='ltr'><strong>soleant</strong></span> 
     </span>
     <span class='ocr_line' id='line_1_95' title="bbox 63 4995 1662 5072; baseline 0.001 -19"><span class='ocrx_word' id='word_1_714' title='bbox 63 4997 466 5072; x_wconf 78' lang='lat' dir='ltr'><strong>peccatoribus</strong></span> <span class='ocrx_word' id='word_1_715' title='bbox 510 4997 778 5069; x_wconf 86' lang='lat' dir='ltr'><strong>indignari</strong></span> <span class='ocrx_word' id='word_1_716' title='bbox 818 4997 970 5069; x_wconf 80' lang='lat' dir='ltr'><strong>(Luc.</strong></span> <span class='ocrx_word' id='word_1_717' title='bbox 1007 5013 1161 5065; x_wconf 84' lang='lat' dir='ltr'><strong>xvnt,</strong></span> <span class='ocrx_word' id='word_1_718' title='bbox 1219 4995 1328 5067; x_wconf 81' lang='lat' dir='ltr'><strong>ll).</strong></span> <span class='ocrx_word' id='word_1_719' title='bbox 1364 4995 1471 5052; x_wconf 85' lang='lat' dir='ltr'><strong>Sed</strong></span> <span class='ocrx_word' id='word_1_720' title='bbox 1516 4998 1662 5054; x_wconf 88' lang='lat' dir='ltr'><strong>aliud</strong></span> 
     </span>
     <span class='ocr_line' id='line_1_96' title="bbox 62 5084 1664 5160; baseline -0.002 -15"><span class='ocrx_word' id='word_1_721' title='bbox 62 5096 158 5145; x_wconf 89' lang='lat' dir='ltr'><strong>est</strong></span> <span class='ocrx_word' id='word_1_722' title='bbox 184 5086 335 5160; x_wconf 87' lang='lat' dir='ltr'><strong>quod</strong></span> <span class='ocrx_word' id='word_1_723' title='bbox 362 5087 541 5159; x_wconf 88' lang='lat' dir='ltr'><strong>agitur</strong></span> <span class='ocrx_word' id='word_1_724' title='bbox 562 5088 679 5144; x_wconf 88' lang='lat' dir='ltr'><strong>zelo</strong></span> <span class='ocrx_word' id='word_1_725' title='bbox 696 5088 945 5159; x_wconf 74' lang='lat' dir='ltr'><strong>justitiae,</strong></span> <span class='ocrx_word' id='word_1_726' title='bbox 973 5087 1139 5155; x_wconf 90' lang='lat' dir='ltr'><strong>aliud,</strong></span> <span class='ocrx_word' id='word_1_727' title='bbox 1169 5086 1315 5157; x_wconf 88' lang='lat' dir='ltr'><strong>quod</strong></span> <span class='ocrx_word' id='word_1_728' title='bbox 1333 5084 1519 5159; x_wconf 69' lang='lat' dir='ltr'><strong>agitur&#39;</strong></span> <span class='ocrx_word' id='word_1_729' title='bbox 1537 5096 1664 5160; x_wconf 78' lang='lat' dir='ltr'><strong>typo</strong></span> 
     </span>
     <span class='ocr_line' id='line_1_97' title="bbox 61 5178 1663 5252; baseline -0.004 -13"><span class='ocrx_word' id='word_1_730' title='bbox 61 5179 374 5252; x_wconf 57' lang='lat' dir='ltr'><strong>superbiai.</strong></span> <span class='ocrx_word' id='word_1_731' title='bbox 401 5179 756 5252; x_wconf 80' lang='lat' dir='ltr'><strong>Indignamur</strong></span> <span class='ocrx_word' id='word_1_732' title='bbox 808 5180 1007 5236; x_wconf 86' lang='lat' dir='ltr'><strong>etenim</strong></span> <span class='ocrx_word' id='word_1_733' title='bbox 1057 5178 1211 5250; x_wconf 87' lang='lat' dir='ltr'><strong>justi,</strong></span> <span class='ocrx_word' id='word_1_734' title='bbox 1244 5179 1338 5235; x_wconf 88' lang='lat' dir='ltr'><strong>scd</strong></span> <span class='ocrx_word' id='word_1_735' title='bbox 1376 5193 1479 5233; x_wconf 89' lang='lat' dir='ltr'><strong>non</strong></span> <span class='ocrx_word' id='word_1_736' title='bbox 1513 5179 1663 5236; x_wconf 88' lang='lat' dir='ltr'><strong>dedi·</strong></span> 
     </span>
     <span class='ocr_line' id='line_1_98' title="bbox 62 5268 1663 5343; baseline 0 -19"><span class='ocrx_word' id='word_1_737' title='bbox 62 5278 339 5343; x_wconf 70' lang='lat' dir='ltr'><strong>girantes,</strong></span> <span class='ocrx_word' id='word_1_738' title='bbox 367 5269 678 5340; x_wconf 86' lang='lat' dir='ltr'><strong>desperant,</strong></span> <span class='ocrx_word' id='word_1_739' title='bbox 703 5269 801 5326; x_wconf 88' lang='lat' dir='ltr'><strong>sed</strong></span> <span class='ocrx_word' id='word_1_740' title='bbox 831 5285 939 5325; x_wconf 90' lang='lat' dir='ltr'><strong>non</strong></span> <span class='ocrx_word' id='word_1_741' title='bbox 961 5269 1334 5340; x_wconf 87' lang='lat' dir='ltr'><strong>desperantes,</strong></span> <span class='ocrx_word' id='word_1_742' title='bbox 1357 5268 1505 5339; x_wconf 87' lang='lat' dir='ltr'><strong>quia,</strong></span> <span class='ocrx_word' id='word_1_743' title='bbox 1532 5269 1663 5325; x_wconf 89' lang='lat' dir='ltr'><strong>dum</strong></span> 
     </span>
     <span class='ocr_line' id='line_1_99' title="bbox 59 5362 1656 5434; baseline -0.001 -13"><span class='ocrx_word' id='word_1_744' title='bbox 59 5363 221 5421; x_wconf 78' lang='lat' dir='ltr'><strong>foris</strong></span> <span class='ocrx_word' id='word_1_745' title='bbox 251 5377 348 5433; x_wconf 89' lang='lat' dir='ltr'><strong>per</strong></span> <span class='ocrx_word' id='word_1_746' title='bbox 375 5362 802 5433; x_wconf 88' lang='lat' dir='ltr'><strong>increpationem</strong></span> <span class='ocrx_word' id='word_1_747' title='bbox 831 5362 1081 5431; x_wconf 82' lang='lat' dir='ltr'><strong>saeviunt,</strong></span> <span class='ocrx_word' id='word_1_748' title='bbox 1112 5363 1260 5418; x_wconf 88' lang='lat' dir='ltr'><strong>intus</strong></span> <span class='ocrx_word' id='word_1_749' title='bbox 1282 5379 1377 5433; x_wconf 89' lang='lat' dir='ltr'><strong>per</strong></span> <span class='ocrx_word' id='word_1_750' title='bbox 1407 5378 1656 5434; x_wconf 75' lang='lat' dir='ltr'><strong>compas-</strong></span> 
     </span>
     <span class='ocr_line' id='line_1_100' title="bbox 59 5450 1662 5525; baseline -0.003 -12"><span class='ocrx_word' id='word_1_751' title='bbox 59 5456 299 5514; x_wconf 79' lang='lat' dir='ltr'><strong>sionem</strong></span> <span class='ocrx_word' id='word_1_752' title='bbox 331 5452 583 5525; x_wconf 88' lang='lat' dir='ltr'><strong>diligunt‚</strong></span> <span class='ocrx_word' id='word_1_753' title='bbox 612 5460 778 5523; x_wconf 87' lang='lat' dir='ltr'><strong>atque</strong></span> <span class='ocrx_word' id='word_1_754' title='bbox 808 5450 882 5506; x_wconf 91' lang='lat' dir='ltr'><strong>ita</strong></span> <span class='ocrx_word' id='word_1_755' title='bbox 912 5460 1201 5507; x_wconf 84' lang='lat' dir='ltr'><strong>versantur</strong></span> <span class='ocrx_word' id='word_1_756' title='bbox 1230 5451 1372 5507; x_wconf 88' lang='lat' dir='ltr'><strong>inter</strong></span> <span class='ocrx_word' id='word_1_757' title='bbox 1414 5451 1662 5508; x_wconf 84' lang='lat' dir='ltr'><strong>dilectio-</strong></span> 
     </span>
     <span class='ocr_line' id='line_1_101' title="bbox 59 5542 1665 5611; baseline -0.003 -5"><span class='ocrx_word' id='word_1_758' title='bbox 59 5561 211 5606; x_wconf 84' lang='lat' dir='ltr'><strong>nem</strong></span> <span class='ocrx_word' id='word_1_759' title='bbox 230 5544 517 5601; x_wconf 89' lang='lat' dir='ltr'><strong>hominum</strong></span> <span class='ocrx_word' id='word_1_760' title='bbox 547 5554 601 5601; x_wconf 89' lang='lat' dir='ltr'><strong>et</strong></span> <span class='ocrx_word' id='word_1_761' title='bbox 628 5543 815 5598; x_wconf 90' lang='lat' dir='ltr'><strong>odium</strong></span> <span class='ocrx_word' id='word_1_762' title='bbox 836 5542 1116 5611; x_wconf 82' lang='lat' dir='ltr'><strong>vitiorum,</strong></span> <span class='ocrx_word' id='word_1_763' title='bbox 1139 5552 1202 5599; x_wconf 88' lang='lat' dir='ltr'><strong>ut</strong></span> <span class='ocrx_word' id='word_1_764' title='bbox 1246 5554 1302 5600; x_wconf 88' lang='lat' dir='ltr'><strong>et</strong></span> <span class='ocrx_word' id='word_1_765' title='bbox 1347 5543 1665 5601; x_wconf 87' lang='lat' dir='ltr'><strong>hominibus</strong></span> 
     </span>
     <span class='ocr_line' id='line_1_102' title="bbox 55 5633 1671 5706; baseline -0.005 -9"><span class='ocrx_word' id='word_1_766' title='bbox 55 5638 431 5706; x_wconf 81' lang='lat' dir='ltr'><strong>charitatem,</strong></span> <span class='ocrx_word' id='word_1_767' title='bbox 456 5646 511 5694; x_wconf 87' lang='lat' dir='ltr'><strong>et</strong></span> <span class='ocrx_word' id='word_1_768' title='bbox 530 5637 680 5694; x_wconf 78' lang='lat' dir='ltr'><strong>vitiis</strong></span> <span class='ocrx_word' id='word_1_769' title='bbox 704 5635 1000 5692; x_wconf 80' lang='lat' dir='ltr'><strong>exhibeant</strong></span> <span class='ocrx_word' id='word_1_770' title='bbox 1020 5634 1386 5703; x_wconf 77' lang='lat' dir='ltr'><strong>severitatem,</strong></span> <span class='ocrx_word' id='word_1_771' title='bbox 1412 5633 1671 5691; x_wconf 81' lang='lat' dir='ltr'><strong>videlieet.</strong></span> 
     </span>
    </p>
   </div>
   <div class='ocr_carea' id='block_1_8' title="bbox 59 5728 1658 5817">
    <p class='ocr_par' dir='ltr' id='par_1_11' title="bbox 59 5728 1658 5817">
     <span class='ocr_line' id='line_1_103' title="bbox 59 5728 1658 5817; baseline -0.004 -27"><span class='ocrx_word' id='word_1_772' title='bbox 59 5747 182 5808; x_wconf 76' lang='lat' dir='ltr'><strong>pro</strong></span> <span class='ocrx_word' id='word_1_773' title='bbox 234 5731 478 5804; x_wconf 89' lang='lat' dir='ltr'><strong>ipsorum</strong></span> <span class='ocrx_word' id='word_1_774' title='bbox 534 5731 838 5817; x_wconf 80' lang='lat' dir='ltr'><strong>salvatione</strong></span> <span class='ocrx_word' id='word_1_775' title='bbox 892 5729 1125 5786; x_wconf 81' lang='lat' dir='ltr'><strong>libenter</strong></span> <span class='ocrx_word' id='word_1_776' title='bbox 1167 5728 1397 5797; x_wconf 84' lang='lat' dir='ltr'><strong>orando,</strong></span> <span class='ocrx_word' id='word_1_777' title='bbox 1426 5744 1658 5801; x_wconf 84' lang='lat' dir='ltr'><strong>quorum</strong></span> 
     </span>
    </p>
   </div>
   <div class='ocr_carea' id='block_1_9' title="bbox 1763 4527 3345 4975">
    <p class='ocr_par' dir='ltr' id='par_1_12' title="bbox 1763 4527 3345 4975">
     <span class='ocr_line' id='line_1_104' title="bbox 1768 4527 3339 4602; baseline 0.001 -17"><span class='ocrx_word' id='word_1_778' title='bbox 1768 4529 1933 4586; x_wconf 88' lang='lat' dir='ltr'><strong>tione.</strong></span> <span class='ocrx_word' id='word_1_779' title='bbox 1964 4527 2070 4586; x_wconf 87' lang='lat' dir='ltr'><strong>Ubi</strong></span> <span class='ocrx_word' id='word_1_780' title='bbox 2088 4544 2220 4602; x_wconf 85' lang='lat' dir='ltr'><strong>ergo</strong></span> <span class='ocrx_word' id='word_1_781' title='bbox 2255 4545 2381 4586; x_wconf 88' lang='lat' dir='ltr'><strong>cum</strong></span> <span class='ocrx_word' id='word_1_782' title='bbox 2407 4528 2512 4585; x_wconf 85' lang='lat' dir='ltr'><strong>lide</strong></span> <span class='ocrx_word' id='word_1_783' title='bbox 2541 4544 2606 4585; x_wconf 89' lang='lat' dir='ltr'><strong>ac</strong></span> <span class='ocrx_word' id='word_1_784' title='bbox 2633 4544 2731 4599; x_wconf 91' lang='lat' dir='ltr'><strong>spe</strong></span> <span class='ocrx_word' id='word_1_785' title='bbox 2774 4529 2940 4585; x_wconf 81' lang='lat' dir='ltr'><strong>suerit</strong></span> <span class='ocrx_word' id='word_1_786' title='bbox 2983 4530 3243 4601; x_wconf 87' lang='lat' dir='ltr'><strong>charitas,</strong></span> <span class='ocrx_word' id='word_1_787' title='bbox 3268 4532 3339 4589; x_wconf 85' lang='lat' dir='ltr'><strong>ibi</strong></span> 
     </span>
     <span class='ocr_line' id='line_1_105' title="bbox 1764 4620 3345 4694; baseline 0.001 -17"><span class='ocrx_word' id='word_1_788' title='bbox 1764 4622 1958 4694; x_wconf 88' lang='lat' dir='ltr'><strong>procul</strong></span> <span class='ocrx_word' id='word_1_789' title='bbox 1987 4623 2094 4678; x_wconf 90' lang='lat' dir='ltr'><strong>erit</strong></span> <span class='ocrx_word' id='word_1_790' title='bbox 2136 4622 2408 4688; x_wconf 88' lang='lat' dir='ltr'><strong>otiositas,</strong></span> <span class='ocrx_word' id='word_1_791' title='bbox 2439 4620 2700 4692; x_wconf 86' lang='lat' dir='ltr'><strong>quoniam</strong></span> <span class='ocrx_word' id='word_1_792' title='bbox 2749 4637 2904 4678; x_wconf 90' lang='lat' dir='ltr'><strong>amor</strong></span> <span class='ocrx_word' id='word_1_793' title='bbox 2930 4638 3211 4694; x_wconf 83' lang='lat' dir='ltr'><strong>nunquam</strong></span> <span class='ocrx_word' id='word_1_794' title='bbox 3236 4624 3345 4681; x_wconf 89' lang='lat' dir='ltr'><strong>erit</strong></span> 
     </span>
     <span class='ocr_line' id='line_1_106' title="bbox 1763 4713 3344 4788; baseline 0.001 -18"><span class='ocrx_word' id='word_1_795' title='bbox 1763 4716 1992 4772; x_wconf 88' lang='lat' dir='ltr'><strong>otiosus.</strong></span> <span class='ocrx_word' id='word_1_796' title='bbox 2029 4713 2298 4786; x_wconf 86' lang='lat' dir='ltr'><strong>Operatur</strong></span> <span class='ocrx_word' id='word_1_797' title='bbox 2329 4715 2475 4772; x_wconf 89' lang='lat' dir='ltr'><strong>enim</strong></span> <span class='ocrx_word' id='word_1_798' title='bbox 2503 4729 2698 4786; x_wconf 86' lang='lat' dir='ltr'><strong>magna</strong></span> <span class='ocrx_word' id='word_1_799' title='bbox 2728 4714 2776 4770; x_wconf 89' lang='lat' dir='ltr'><strong>si</strong></span> <span class='ocrx_word' id='word_1_800' title='bbox 2801 4723 2926 4771; x_wconf 86' lang='lat' dir='ltr'><strong>est:</strong></span> <span class='ocrx_word' id='word_1_801' title='bbox 2954 4714 3015 4771; x_wconf 92' lang='lat' dir='ltr'><strong>Si</strong></span> <span class='ocrx_word' id='word_1_802' title='bbox 3035 4731 3165 4772; x_wconf 80' lang='lat' dir='ltr'><strong>vero</strong></span> <span class='ocrx_word' id='word_1_803' title='bbox 3209 4730 3344 4788; x_wconf 86' lang='lat' dir='ltr'><strong>ope-</strong></span> 
     </span>
     <span class='ocr_line' id='line_1_107' title="bbox 1764 4805 3342 4877; baseline 0.003 -16"><span class='ocrx_word' id='word_1_804' title='bbox 1764 4807 1874 4861; x_wconf 91' lang='lat' dir='ltr'><strong>rari</strong></span> <span class='ocrx_word' id='word_1_805' title='bbox 1903 4806 2105 4876; x_wconf 86' lang='lat' dir='ltr'><strong>renuit,</strong></span> <span class='ocrx_word' id='word_1_806' title='bbox 2121 4822 2278 4863; x_wconf 87' lang='lat' dir='ltr'><strong>amor</strong></span> <span class='ocrx_word' id='word_1_807' title='bbox 2300 4822 2409 4862; x_wconf 89' lang='lat' dir='ltr'><strong>non</strong></span> <span class='ocrx_word' id='word_1_808' title='bbox 2433 4814 2536 4862; x_wconf 88' lang='lat' dir='ltr'><strong>est.</strong></span> <span class='ocrx_word' id='word_1_809' title='bbox 2562 4805 2832 4877; x_wconf 86' lang='lat' dir='ltr'><strong>Operatur</strong></span> <span class='ocrx_word' id='word_1_810' title='bbox 2871 4806 2990 4864; x_wconf 89' lang='lat' dir='ltr'><strong>sine</strong></span> <span class='ocrx_word' id='word_1_811' title='bbox 3032 4810 3342 4866; x_wconf 87' lang='lat' dir='ltr'><strong>cessatione</strong></span> 
     </span>
     <span class='ocr_line' id='line_1_108' title="bbox 1763 4897 3342 4975; baseline 0.003 -22"><span class='ocrx_word' id='word_1_812' title='bbox 1763 4898 2060 4966; x_wconf 87' lang='lat' dir='ltr'><strong>interdum,</strong></span> <span class='ocrx_word' id='word_1_813' title='bbox 2095 4913 2222 4955; x_wconf 89' lang='lat' dir='ltr'><strong>cum</strong></span> <span class='ocrx_word' id='word_1_814' title='bbox 2281 4897 2443 4965; x_wconf 80' lang='lat' dir='ltr'><strong>valet,</strong></span> <span class='ocrx_word' id='word_1_815' title='bbox 2490 4913 2628 4968; x_wconf 87' lang='lat' dir='ltr'><strong>opus</strong></span> <span class='ocrx_word' id='word_1_816' title='bbox 2676 4914 2961 4966; x_wconf 89' lang='lat' dir='ltr'><strong>manuum,</strong></span> <span class='ocrx_word' id='word_1_817' title='bbox 2995 4901 3091 4956; x_wconf 88' lang='lat' dir='ltr'><strong>sed</strong></span> <span class='ocrx_word' id='word_1_818' title='bbox 3133 4901 3342 4975; x_wconf 84' lang='lat' dir='ltr'><strong>jugiter</strong></span> 
     </span>
    </p>
   </div>
   <div class='ocr_carea' id='block_1_10' title="bbox 1684 4984 3340 5064">
    <p class='ocr_par' dir='ltr' id='par_1_13' title="bbox 1684 4984 3340 5064">
     <span class='ocr_line' id='line_1_109' title="bbox 1684 4984 3340 5064; baseline 0.001 -18"><span class='ocrx_word' id='word_1_819' title='bbox 1684 4984 1700 4996; x_wconf 66' lang='lat'><strong><em>⁴</em></strong></span> <span class='ocrx_word' id='word_1_820' title='bbox 1761 5006 1901 5062; x_wconf 85' lang='lat' dir='ltr'><strong>opus</strong></span> <span class='ocrx_word' id='word_1_821' title='bbox 1929 4990 2074 5058; x_wconf 79' lang='lat' dir='ltr'><strong>fidei,</strong></span> <span class='ocrx_word' id='word_1_822' title='bbox 2103 4989 2172 5046; x_wconf 88' lang='lat' dir='ltr'><strong>de</strong></span> <span class='ocrx_word' id='word_1_823' title='bbox 2223 5004 2334 5060; x_wconf 88' lang='lat' dir='ltr'><strong>quo</strong></span> <span class='ocrx_word' id='word_1_824' title='bbox 2388 4989 2653 5047; x_wconf 86' lang='lat' dir='ltr'><strong>Dominus</strong></span> <span class='ocrx_word' id='word_1_825' title='bbox 2696 4992 2752 5046; x_wconf 90' lang='lat' dir='ltr'><strong>in</strong></span> <span class='ocrx_word' id='word_1_826' title='bbox 2796 4990 3092 5064; x_wconf 81' lang='lat' dir='ltr'><strong>Evangelio</strong></span> <span class='ocrx_word' id='word_1_827' title='bbox 3135 4991 3340 5048; x_wconf 82' lang='lat' dir='ltr'><strong>Judaeis</strong></span> 
     </span>
    </p>
   </div>
   <div class='ocr_carea' id='block_1_11' title="bbox 1761 5079 3341 5799">
    <p class='ocr_par' dir='ltr' id='par_1_14' title="bbox 1761 5079 3341 5799">
     <span class='ocr_line' id='line_1_110' title="bbox 1763 5079 3339 5152; baseline 0.001 -15"><span class='ocrx_word' id='word_1_828' title='bbox 1763 5079 2171 5138; x_wconf 86' lang='lat' dir='ltr'><strong>sciscitantibus</strong></span> <span class='ocrx_word' id='word_1_829' title='bbox 2195 5080 2324 5151; x_wconf 88' lang='lat' dir='ltr'><strong>quid</strong></span> <span class='ocrx_word' id='word_1_830' title='bbox 2355 5081 2434 5137; x_wconf 90' lang='lat' dir='ltr'><strong>eis</strong></span> <span class='ocrx_word' id='word_1_831' title='bbox 2450 5090 2594 5137; x_wconf 80' lang='lat' dir='ltr'><strong>esset</strong></span> <span class='ocrx_word' id='word_1_832' title='bbox 2614 5081 2971 5152; x_wconf 88' lang='lat' dir='ltr'><strong>operandum,</strong></span> <span class='ocrx_word' id='word_1_833' title='bbox 2999 5081 3095 5136; x_wconf 77' lang='lat' dir='ltr'><strong>hoc</strong></span> <span class='ocrx_word' id='word_1_834' title='bbox 3122 5093 3222 5150; x_wconf 79' lang='lat' dir='ltr'><strong>est,</strong></span> <span class='ocrx_word' id='word_1_835' title='bbox 3241 5084 3339 5151; x_wconf 88' lang='lat' dir='ltr'><strong>ait,</strong></span> 
     </span>
     <span class='ocr_line' id='line_1_111' title="bbox 1762 5170 3338 5244; baseline 0.002 -19"><span class='ocrx_word' id='word_1_836' title='bbox 1762 5187 1891 5242; x_wconf 75' lang='lat' dir='ltr'><strong>opus</strong></span> <span class='ocrx_word' id='word_1_837' title='bbox 1920 5171 2039 5240; x_wconf 76' lang='lat' dir='ltr'><strong>Dei,</strong></span> <span class='ocrx_word' id='word_1_838' title='bbox 2062 5181 2120 5225; x_wconf 81' lang='grc' dir='ltr'><strong>ιιι</strong></span> <span class='ocrx_word' id='word_1_839' title='bbox 2153 5170 2383 5226; x_wconf 78' lang='lat' dir='ltr'><strong>credatis</strong></span> <span class='ocrx_word' id='word_1_840' title='bbox 2413 5171 2470 5225; x_wconf 76' lang='lat'><strong>1⁸12</strong></span> <span class='ocrx_word' id='word_1_841' title='bbox 2494 5188 2637 5236; x_wconf 75' lang='lat' dir='ltr'><strong>eum,</strong></span> <span class='ocrx_word' id='word_1_842' title='bbox 2675 5188 2828 5242; x_wconf 76' lang='lat' dir='ltr'><strong>quem</strong></span> <span class='ocrx_word' id='word_1_843' title='bbox 2855 5172 2998 5226; x_wconf 76' lang='lat' dir='ltr'><strong>misit</strong></span> <span class='ocrx_word' id='word_1_844' title='bbox 3039 5172 3133 5227; x_wconf 74' lang='lat' dir='ltr'><strong>ine</strong></span> <span class='ocrx_word' id='word_1_845' title='bbox 3153 5172 3338 5244; x_wconf 73' lang='lat' dir='ltr'><strong>(loun.</strong></span> 
     </span>
     <span class='ocr_line' id='line_1_112' title="bbox 1761 5262 3341 5337; baseline 0.001 -17"><span class='ocrx_word' id='word_1_846' title='bbox 1761 5280 1837 5330; x_wconf 75' lang='lat' dir='ltr'><strong>vt,</strong></span> <span class='ocrx_word' id='word_1_847' title='bbox 1867 5264 1982 5337; x_wconf 77' lang='lat'><strong>29).</strong></span> <span class='ocrx_word' id='word_1_848' title='bbox 2013 5263 2184 5321; x_wconf 84' lang='lat' dir='ltr'><strong>Item:</strong></span> <span class='ocrx_word' id='word_1_849' title='bbox 2217 5263 2523 5335; x_wconf 76' lang='lat' dir='ltr'><strong>operamini</strong></span> <span class='ocrx_word' id='word_1_850' title='bbox 2543 5280 2644 5318; x_wconf 81' lang='lat' dir='ltr'><strong>non</strong></span> <span class='ocrx_word' id='word_1_851' title='bbox 2693 5262 2865 5317; x_wconf 81' lang='lat' dir='ltr'><strong>cibum</strong></span> <span class='ocrx_word' id='word_1_852' title='bbox 2911 5263 3002 5335; x_wconf 79' lang='lat' dir='ltr'><strong>qui</strong></span> <span class='ocrx_word' id='word_1_853' title='bbox 3047 5266 3207 5334; x_wconf 80' lang='lat' dir='ltr'><strong>perit,</strong></span> <span class='ocrx_word' id='word_1_854' title='bbox 3248 5266 3341 5321; x_wconf 76' lang='lat' dir='ltr'><strong>sed</strong></span> 
     </span>
     <span class='ocr_line' id='line_1_113' title="bbox 1763 5350 3340 5429; baseline -0.001 -17"><span class='ocrx_word' id='word_1_855' title='bbox 1763 5373 1882 5413; x_wconf 85' lang='lat' dir='ltr'><strong>eum</strong></span> <span class='ocrx_word' id='word_1_856' title='bbox 1913 5359 2003 5429; x_wconf 73' lang='lat' dir='ltr'><strong>qui</strong></span> <span class='ocrx_word' id='word_1_857' title='bbox 2027 5371 2296 5429; x_wconf 77' lang='lat' dir='ltr'><strong>pernwnet</strong></span> <span class='ocrx_word' id='word_1_858' title='bbox 2340 5356 2519 5426; x_wconf 57' lang='lat' dir='ltr'><strong>(ibim,</strong></span> <span class='ocrx_word' id='word_1_859' title='bbox 2551 5355 2666 5424; x_wconf 72' lang='lat'><strong>27).</strong></span> <span class='ocrx_word' id='word_1_860' title='bbox 2724 5350 2883 5409; x_wconf 86' lang='lat' dir='ltr'><strong>Hunc</strong></span> <span class='ocrx_word' id='word_1_861' title='bbox 2934 5354 3119 5410; x_wconf 87' lang='lat' dir='ltr'><strong>cibum</strong></span> <span class='ocrx_word' id='word_1_862' title='bbox 3177 5356 3340 5412; x_wconf 90' lang='lat' dir='ltr'><strong>toties</strong></span> 
     </span>
     <span class='ocr_line' id='line_1_114' title="bbox 1766 5446 3340 5521; baseline -0.002 -16"><span class='ocrx_word' id='word_1_863' title='bbox 1766 5462 2084 5519; x_wconf 81' lang='lat' dir='ltr'><strong>operamur,</strong></span> <span class='ocrx_word' id='word_1_864' title='bbox 2114 5449 2328 5519; x_wconf 84' lang='lat' dir='ltr'><strong>quoties</strong></span> <span class='ocrx_word' id='word_1_865' title='bbox 2349 5449 2402 5504; x_wconf 92' lang='lat' dir='ltr'><strong>in</strong></span> <span class='ocrx_word' id='word_1_866' title='bbox 2430 5448 2546 5521; x_wconf 83' lang='lat' dir='ltr'><strong>lege</strong></span> <span class='ocrx_word' id='word_1_867' title='bbox 2573 5446 2791 5503; x_wconf 88' lang='lat' dir='ltr'><strong>Domini</strong></span> <span class='ocrx_word' id='word_1_868' title='bbox 2821 5447 3149 5502; x_wconf 88' lang='lat' dir='ltr'><strong>meditamur</strong></span> <span class='ocrx_word' id='word_1_869' title='bbox 3173 5447 3340 5503; x_wconf 83' lang='lat' dir='ltr'><strong>verba</strong></span> 
     </span>
     <span class='ocr_line' id='line_1_115' title="bbox 1761 5534 3338 5612; baseline -0.004 -13"><span class='ocrx_word' id='word_1_870' title='bbox 1761 5542 1946 5599; x_wconf 86' lang='lat' dir='ltr'><strong>divina</strong></span> <span class='ocrx_word' id='word_1_871' title='bbox 1987 5542 2147 5612; x_wconf 88' lang='lat' dir='ltr'><strong>quasi</strong></span> <span class='ocrx_word' id='word_1_872' title='bbox 2190 5556 2357 5612; x_wconf 81' lang='lat' dir='ltr'><strong>grana</strong></span> <span class='ocrx_word' id='word_1_873' title='bbox 2399 5541 2568 5596; x_wconf 88' lang='lat' dir='ltr'><strong>electa</strong></span> <span class='ocrx_word' id='word_1_874' title='bbox 2619 5538 2973 5607; x_wconf 80' lang='lat' dir='ltr'><strong>conserendo,</strong></span> <span class='ocrx_word' id='word_1_875' title='bbox 3002 5534 3338 5607; x_wconf 78' lang='lat' dir='ltr'><strong>ventilando,</strong></span> 
     </span>
     <span class='ocr_line' id='line_1_116' title="bbox 1761 5627 3331 5703; baseline -0.004 -14"><span class='ocrx_word' id='word_1_876' title='bbox 1761 5633 2017 5689; x_wconf 86' lang='lat' dir='ltr'><strong>molendo</strong></span> <span class='ocrx_word' id='word_1_877' title='bbox 2042 5647 2140 5703; x_wconf 86' lang='lat' dir='ltr'><strong>per</strong></span> <span class='ocrx_word' id='word_1_878' title='bbox 2164 5646 2338 5703; x_wconf 87' lang='lat' dir='ltr'><strong>aquas</strong></span> <span class='ocrx_word' id='word_1_879' title='bbox 2360 5631 2726 5702; x_wconf 82' lang='lat' dir='ltr'><strong>lacrymarum</strong></span> <span class='ocrx_word' id='word_1_880' title='bbox 2773 5627 3101 5700; x_wconf 86' lang='lat' dir='ltr'><strong>spargend0,</strong></span> <span class='ocrx_word' id='word_1_881' title='bbox 3132 5638 3188 5685; x_wconf 91' lang='grc' dir='ltr'><strong>ει</strong></span> <span class='ocrx_word' id='word_1_882' title='bbox 3234 5642 3331 5699; x_wconf 86' lang='grc' dir='ltr'>ρει·</span> 
     </span>
     <span class='ocr_line' id='line_1_117' title="bbox 1761 5720 3328 5799; baseline -0.002 -16"><span class='ocrx_word' id='word_1_883' title='bbox 1761 5728 1940 5799; x_wconf 84' lang='lat' dir='ltr'><strong>ignem</strong></span> <span class='ocrx_word' id='word_1_884' title='bbox 1969 5724 2136 5782; x_wconf 80' lang='lat' dir='ltr'><strong>divini</strong></span> <span class='ocrx_word' id='word_1_885' title='bbox 2173 5723 2378 5781; x_wconf 79' lang='lat' dir='ltr'><strong>amoris</strong></span> <span class='ocrx_word' id='word_1_886' title='bbox 2426 5722 2481 5778; x_wconf 88' lang='lat' dir='ltr'><strong>in</strong></span> <span class='ocrx_word' id='word_1_887' title='bbox 2519 5721 2735 5779; x_wconf 89' lang='lat' dir='ltr'><strong>clibano</strong></span> <span class='ocrx_word' id='word_1_888' title='bbox 2778 5721 2977 5780; x_wconf 84' lang='lat' dir='ltr'><strong>mentis</strong></span> <span class='ocrx_word' id='word_1_889' title='bbox 3021 5720 3328 5794; x_wconf 88' lang='lat' dir='ltr'><strong>coquendo.</strong></span> 
     </span>
    </p>
   </div>
  </div>
 </body>
</html>
