3817 6000
102 201 140 256 ⁶⁵
700 205 968 267 cneconlnliblt.
988 242 1022 250 —
1037 205 1102 263 Lttt.
1123 204 1156 261 ll.
1709 213 1743 272 tc

103 307 212 366 Panlim
234 307 334 377 lucrat,
361 326 424 367 cum
439 311 527 383 legem
537 314 685 371 carnaliter
701 318 834 388 sapiebat.
851 319 942 384 Sedit
957 322 1025 378 irum
1038 321 1146 379 caelitus
1160 320 1286 377 sustinet.
1303 319 1351 377 lile
1365 329 1539 392 peecatorum
1552 339 1664 382 suorum
1678 343 1745 386 con·

103 399 208 454 ductim
222 398 256 455 ad
268 400 401 467 coelestia,
416 402 444 456 in
460 402 551 458 nirem
574 419 671 462 sersus
683 416 735 474 cst,
750 408 815 480 quia
829 410 903 481 qnod
955 415 1041 479 seius,
1052 430 1083 469 ea
1105 429 1166 484 quae
1180 411 1301 484 possidet
1315 411 1501 484 indigentibus
1511 416 1569 485 jani
1583 416 1677 488 largiri
1692 421 1743 477 dc·

102 488 182 560 prius
199 489 341 546 intirmum
358 492 460 564 sapuit,
483 492 519 549 ad
535 494 702 553 soliditatem
717 514 788 555 reim
802 500 904 557 intelli·
955 505 1073 572 siderat;
1083 503 1129 559 sed
1138 514 1270 560 tamenne
1278 504 1350 560 datis
1357 503 1439 560 rebus
1446 515 1521 576 egeat
1536 507 1594 577 ipse
1602 506 1742 570 formidat.

93 580 207 673 ³gentian
219 585 418 653 comiontarit;
433 594 564 643 ettamen
577 590 799 648 condescendens
813 591 905 650 iratri-
958 594 1083 666 Cumque
1102 594 1193 652 cornis
1207 595 1328 652 subsidia
1348 596 1513 655 reservando
1535 599 1658 671 trepidus
1675 616 1745 671 pnr-

101 672 169 740 lius,
184 674 266 745 quasi
280 675 328 730 nix
342 677 397 732 inia
412 679 532 749 repetiit,
545 681 610 752 quia
625 692 687 753 post
698 683 830 741 virtutum
846 688 905 744 cul·
955 696 1034 758 parat
1053 689 1088 743 ab
1104 687 1241 745 alimentis
1256 688 1451 746 misericordiae
1466 689 1585 746 animani
1610 704 1703 761 necai;
1717 702 1744 750 et

103 765 194 831 mina,
207 781 293 835 quain
320 765 402 822 liierit
424 768 556 842 indignus
576 773 702 843 agnoscit
715 774 830 833 dicens:
851 776 904 844 Qui
954 794 1018 836 cum
1038 780 1131 851 patiin
1148 790 1220 836 terra
1242 780 1361 852 inopiam
1378 783 1491 849 metuit,
1514 792 1642 840 aeternam
1657 784 1745 841 abnn-

102 857 182 927 prias
199 857 242 927 sui
255 856 632 932 blasphemaretperreciitor,
646 875 671 920 et
684 869 904 935 contumeliorum
954 870 1075 927 dantiam
1101 872 1153 927 sibi
1180 872 1486 943 supcrntcirelcctionis
1511 875 1636 932 abscidit.
1661 876 1745 932 llccte

102 948 153 1003 ted
176 949 390 1006 inisericordiam
414 963 664 1025 consecraremini,
689 961 752 1031 quia
778 962 904 1033 ipiioraas
954 978 1020 1036 ergo
1042 963 1143 1021 dicitur
1158 984 1164 1021 ι
1182 964 1235 1031 Qut
1256 965 1349 1019 tinient
1362 966 1497 1035 pruinam,
1512 967 1596 1021 irruet
1609 984 1687 1037 cuper
1700 985 1743 1023 eor

104 1039 158 1110 feci
174 1041 408 1098 inincredulitate
433 1042 460 1114 (l
476 1045 544 1102 lini.
562 1049 707 1120 nibli).
730 1050 799 1110 Ecce
822 1070 904 1125 quam
955 1057 1017 1124 nix,
1044 1057 1109 1128 quia
1139 1057 1186 1128 qui
1212 1057 1396 1114 conculcanda
1426 1060 1454 1113 in
1480 1058 1580 1114 intimis
1607 1067 1743 1128 metuunt,

103 1134 259 1190 clementer
279 1151 337 1191 sue
352 1135 548 1196 imbecillitatis
569 1143 767 1212 reminiscitur,
793 1157 823 1202 ut
838 1148 907 1205 alio·
954 1148 1103 1204 asummis
1118 1149 1262 1205 metuenda
1275 1150 1434 1219 patiuntur;
1451 1158 1552 1205 etcum
1568 1151 1684 1207 transire
1696 1165 1744 1207 no·

104 1241 169 1281 ruin
188 1227 384 1297 aequanimiter
397 1226 506 1285 infirma
529 1232 659 1301 patiatur.
675 1235 759 1302 Quasi
773 1238 847 1293 enim
870 1240 905 1295 ad
955 1239 1016 1294 lunt
1036 1241 1109 1310 qnod
1124 1239 1230 1295 calcare
1248 1249 1402 1310 potuerant,
1419 1242 1551 1297 indicium
1565 1243 1598 1298 de
1615 1242 1744 1314 supernis

104 1329 223 1384 terram,
240 1318 275 1374 de
299 1334 354 1390 qna
377 1330 487 1392 sumpta
505 1320 605 1393 luerat,
628 1336 690 1396 post
712 1330 812 1385 caelum
833 1345 906 1402 aqna
956 1331 1096 1402 excipiunt
1108 1333 1179 1404 quod
1192 1331 1309 1388 tolerare
1322 1349 1495 1404 nequaqnam
1509 1343 1636 1407 possunt.

105 1410 201 1474 rediit,
219 1410 285 1466 duni
310 1426 366 1469 suae
382 1420 457 1469 tanta
472 1418 711 1488 contemplationis
725 1438 826 1479 areana
842 1440 903 1496 pec·
1211 1468 1265 1537 ⁶2
1282 1466 1397 1521 CAPUT
1415 1467 1476 1521 m

105 1510 232 1558 calorem
257 1519 287 1561 sc
308 1503 411 1563 Paulus
425 1508 561 1578 meminit,
577 1518 608 1566 ut
623 1511 753 1582 prodesse
765 1514 906 1573 humiliter
1480 1509 1487 1523 ’

51 1632 58 1641 .
105 1596 417 1668 peccatoribnspossit.
1257 1594 1448 1634 occansonem.

143 1684 296 1743 Videmus
312 1687 406 1760 itaque
420 1703 499 1791 flua
515 1689 573 1746 hae⁰
587 1690 614 1747 1¹¹
628 1692 700 1749 ”ilis
711 1694 763 1766 61
779 1695 905 1752 midila·
920 1670 942 1725 B
957 1712 991 1768 ln
1006 1712 1146 1786 Scriptura
1163 1732 1250 1779 roera,
1264 1716 1403 1787 praedicit
1416 1719 1524 1772 nomine
1544 1716 1688 1788 aliquando
1703 1718 1746 1773 iii-

107 1784 165 1832 teni
185 1779 328 1847 vertenda,
353 1780 471 1850 qualiter
495 1781 630 1849 trabatur,
651 1782 686 1838 ad
712 1801 831 1853 summa,
847 1786 905 1843 eit:
992 1784 1121 1868 teliiqiiur
1135 1798 1289 1841 iaiictoriuii
1305 1788 1463 1858 increpatio,
1477 1789 1621 1859 aliquanda
1634 1789 1704 1843 dara
1720 1798 1747 1845 et

108 1867 174 1924 Sliee
185 1880 271 1925 aiente
281 1872 431 1927 excedimus
444 1872 499 1928 Deo
514 1871 559 1947 (ll
573 1873 635 1931 Gor,
649 1892 675 1946 v,
691 1877 746 1950 13).
759 1877 907 1938 Videamus
992 1856 1092 1927 infida
1107 1857 1187 1910 ‘ma
1200 1874 1351 1926 mmmmm·

107 1965 230 2036 qualiter
242 1965 276 2021 ad
288 1966 343 2022 ima
356 1967 403 2023 nix
415 1968 520 2035 rederi,
536 1977 567 2024 ni
580 1970 646 2026 duni
661 1971 794 2042 liquatur,
814 1972 907 2029 intun-
992 1966 1048 2036 quel
1062 1966 1210 2024 Grandinis
1233 1969 1345 2024 nomine
1358 1977 1517 2025 sanctoruni
1531 1970 1682 2041 increpatio
1698 1972 1748 2029 de-

107 2056 167 2112 dat
188 2057 235 2113 nii
249 2077 257 2112 :
272 2054 331 2113 Sine
355 2058 438 2115 rolrii
457 2077 549 2115 ramur
571 2062 642 2117 rabie
657 2062 748 2135 (iiiiii.)
760 2062 907 2124 Videamus
957 2059 1096 2131 signatur,
1117 2061 1189 2117 sicut
1212 2077 1260 2133 per
1280 2061 1455 2118 PsalmIstam
1477 2063 1599 2119 dicitnr:
1616 2063 1677 2120 Prie
1696 2063 1749 2137 iul·

108 2163 165 2219 qua
181 2165 268 2204 mann
290 2150 411 2217 ducitur,
435 2159 465 2207 ut
486 2159 512 2208 ct
526 2151 622 2222 jacens
647 2153 748 2209 elevari
764 2156 863 2223 micat,
879 2163 908 2211 ct
955 2166 1017 2223 pore
1030 2151 1057 2205 iii
1071 2161 1211 2222 canipecta
1230 2152 1287 2221 ejas
1307 2152 1387 2207 nuber
1410 2154 1584 2222 transierant,
1607 2157 1708 2227 prendo
1721 2164 1748 2211 et

109 2242 272 2299 sublevatus
286 2244 421 2300 revocari.
436 2244 482 2299 nti
494 2263 500 2301 :
514 2244 640 2302 Claritas
658 2247 759 2303 Christi
774 2260 906 2321 arqetiiar
957 2242 1081 2299 carbones
1105 2245 1174 2315 t'dttt‘t
1199 2244 1286 2315 (Ptol
1306 2262 1375 2312 ΠΗ,
1393 2245 1449 2317 15)·
1464 2244 1525 2303 Pfae
1545 2245 1650 2320 sulum
1673 2249 1747 2305 enim

110 2334 247 2405 (itidem,
272 2336 328 2408 ll).
351 2334 422 2405 Quia
448 2338 533 2410 igliur
558 2339 680 2397 charnas
703 2339 818 2409 christi,
844 2358 907 2414 quae
957 2336 1044 2392 nubes
1058 2345 1211 2405 transeunt,
1227 2338 1290 2409 quia
1309 2339 1501 2409 predicatores
1515 2342 1603 2397 sancti
1619 2342 1748 2398 universa

109 2436 273 2483 sanctornm
296 2436 402 2485 mentes
423 2429 458 2484 ad
485 2420 603 2501 snpe’rna
626 2430 834 2499 sublevateas
859 2433 906 2504 pio
957 2429 1052 2485 mundi
1080 2431 1166 2500 sqmtia
1192 2430 1389 2487 miraculorum
1412 2431 1537 2489 claritate
1564 2445 1747 2504 praecurrunt.

110 2517 312 2587 moderamine,
327 2518 509 2589 proliaterna
530 2519 686 2589 dilectione,
701 2521 784 2578 etiam
799 2522 833 2578 ad
853 2522 907 2577 hu·
956 2519 1009 2588 Qui
1030 2522 1111 2578 ctiam
1130 2525 1235 2595 grando
1260 2533 1287 2579 et
1308 2524 1442 2581 carbones
1467 2524 1537 2597 ignis
1560 2528 1649 2582 roeati
1671 2536 1749 2595 sunt,

110 2609 258 2665 militatem
282 2610 521 2669 condescensionis
546 2610 656 2681 lormat,
684 2621 757 2669 recte
782 2613 903 2671 dieitur:
955 2612 1020 2684 quia
1036 2622 1062 2668 ct
1077 2629 1125 2683 per
1145 2614 1347 2685 correptionem
1372 2613 1483 2681 lciiunt,
1502 2623 1530 2670 et
1547 2630 1595 2686 per
1609 2616 1747 2673 dammam

111 2700 166 2766 Qui
180 2701 301 2773 precipit
318 2702 372 2757 iiiiii
389 2711 418 2757 at
431 2694 573 2760 descendat
590 2705 618 2759 i'ii
635 2714 743 2762 terrani.
955 2703 1096 2761 charitatis
1110 2706 1274 2762 accendunt.
1291 2704 1352 2776 ipsa
1369 2706 1470 2778 quippe
1484 2706 1567 2762 libera
1583 2717 1743 2764 sanctornm

148 2792 207 2863 (91)
221 2789 298 2848 llinis
310 2794 437 2862 nomine,
452 2794 654 2851 animadversio
673 2796 784 2867 superni
802 2795 904 2868 judicii
958 2797 1108 2868 increpatio
1126 2806 1222 2853 natura
1241 2797 1384 2869 grandinis
1405 2798 1599 2855 convenienter
1617 2800 1749 2870 erpi-inii·

110 2883 287 2954 exprimitur,
314 2885 386 2941 sicut
400 2900 449 2956 per
466 2886 577 2941 beatum
594 2884 646 2941 lob
662 2886 783 2943 dicitnr:
802 2886 854 2953 Qui
873 2889 907 2942 ιι·-
955 2897 1011 2945 tur.
1027 2888 1137 2946 Grande
1156 2889 1229 2945 enirn
1252 2890 1365 2946 veniens
1386 2890 1520 2961 percutit,
1544 2890 1644 2962 liquata
1667 2890 1747 2963 rigat.

111 2986 186 3033 ment
202 2979 339 3049 pruinam,
357 2979 443 3035 irritet
466 2995 547 3050 anper
569 2995 613 3034 eor
627 2981 675 3036 iiie
700 2978 760 3053 (lai
785 2994 823 3048 iii,
847 2978 903 3053 16).
959 2977 1053 3036 Sancti
1065 2988 1156 3057 eutem
1174 2979 1225 3035 uiri
1239 2980 1321 3036 corda
1340 2978 1520 3047 audientium,
1534 2988 1561 3036 et
1576 2989 1693 3037 terentes
1709 2978 1750 3037 le·

111 3069 187 3139 bain
200 3073 275 3128 enim
291 3088 339 3144 per
349 3073 476 3146 pruinam
492 3074 546 3130 nisi
558 3074 723 3146 ,temporalis
742 3072 905 3142 adversitas,
957 3072 1043 3139 riunt,
1069 3081 1097 3128 et
1110 3071 1280 3128 blandientes
1302 3069 1460 3128 infundunt.
1486 3070 1554 3127 Nam
1568 3073 1749 3142 quemadmo-

112 3164 180 3233 quid
196 3180 246 3235 per
256 3164 346 3221 nivem
358 3165 411 3223 nisi
426 3165 460 3223 de
472 3166 600 3237 supernis
617 3167 731 3222 veniens
744 3175 844 3221 aeterna
857 3166 907 3222 tri·
957 3161 1022 3216 duin
1037 3160 1147 3230 feriant,
1159 3162 1229 3218 idem
1245 3160 1391 3218 Psalmista
1406 3170 1520 3219 testatur
1531 3163 1644 3218 dicens:
1663 3161 1750 3218 l'i'rtii·

114 3256 221 3311 bulatio
241 3255 391 3329 signatur?
406 3257 508 3314 Pruina
532 3258 635 3330 quippe
654 3257 768 3312 inferius
784 3256 907 3328 gelascit,
959 3260 1011 3307 tem
1026 3253 1186 3309 terribilium
1204 3266 1311 3311 tuarum
1329 3256 1427 3323 dicent,
1448 3256 1658 3326 maqiiituiliiieiii
1675 3266 1749 3310 titana

115 3346 165 3401 nix
184 3361 275 3405 autem
296 3349 330 3406 de
350 3349 538 3421 superioribus
558 3350 623 3404 ruit.
639 3347 756 3420 Etsaepe
772 3347 907 3416 nonnulli,
959 3345 1106 3400 narrabant
1118 3346 1205 3419 (Psoi.
1218 3363 1308 3416 cxciv,
1321 3346 1360 3421 6).
1377 3346 1411 3403 Et
1423 3346 1654 3418 quemadmodum
1675 3347 1750 3402 blan·

115 3437 183 3493 duni
201 3439 360 3511 temporalia
380 3439 493 3498 adversa
520 3440 728 3513 pertimescunt,
744 3439 899 3500 districtioni
962 3437 1069 3495 dientes
1092 3439 1191 3510 rigent,
1211 3449 1323 3497 secutus
1340 3439 1466 3511 adjunxit
1480 3438 1653 3495 :llemoriaiii
1665 3439 1750 3494 abari-

114 3537 228 3585 aetcrnae
238 3528 498 3596 ,animadversionis
517 3544 548 3585 se
576 3528 718 3601 objiciunt.
740 3527 779 3586 lle
804 3530 906 3601 quibus
959 3528 1060 3585 dantiae
1070 3531 1211 3585 raucitatis
1224 3541 1277 3588 tua
1290 3530 1447 3586 cruciatam
1456 3539 1482 3585 et
1488 3530 1599 3601 justitia
1611 3528 1751 3586 tiiaearrd·

114 3622 191 3677 licite
203 3636 252 3692 per
275 3620 448 3678 Psalmistam
473 3621 572 3677 dicitur
597 3618 684 3676 :litte
712 3621 909 3691 trepidaverant
961 3617 1157 3692 taianrlilid„
1173 3620 1211 3694 i).

117 3712 226 3778 timore,
248 3711 292 3766 rili
307 3721 431 3767 uenerat
446 3713 526 3767 timer
537 3709 624 3782 (Psoi.
636 3727 698 3777 xiii,
713 3711 751 3784 5).
768 3709 821 3768 lstc
836 3727 913 3767 nam·
996 3708 1144 3769 Grandinis
1164 3727 1275 3785 quoquc
1291 3714 1412 3783 nomine,
1425 3714 1494 3770 dura
1508 3722 1536 3770 ct
1553 3713 1651 3786 frigida
1666 3714 1750 3769 corda

115 3818 174 3874 que
196 3803 337 3860 recitatam
363 3803 421 3876 jam
445 3802 531 3860 libere
551 3801 697 3867 defendere
718 3802 840 3874 appetit:
860 3803 909 3859 sed
961 3801 1312 3882 pratorumxdesignantui,
1328 3803 1399 3860 sieut
1412 3804 1438 3860 in
1454 3804 1617 3876 precedenti
1629 3803 1750 3875 capitulo

115 3903 210 3950 tamen
229 3895 258 3950 ia
275 3896 336 3967 ipso
354 3910 407 3953 sua
418 3894 540 3967 appetita
559 3894 681 3965 trepidus
696 3876 909 3965 indignationem
960 3894 1081 3953 declarat
1091 3896 1165 3967 quod
1178 3896 1212 3953 de
1222 3897 1285 3953 nire
1295 3897 1439 3968 posuimus
1452 3916 1459 3954 :
1472 3896 1601 3970 Nanqeid
1616 3898 1749 3969 inprecari·

115 3986 262 4057 peresum
276 3986 403 4043 humanae
412 3984 589 4058 pertimescit.
601 3983 726 4057 Cumque
736 3986 764 4042 ln
775 3995 847 4041 terra
858 3985 909 4043 bo-
961 4005 988 4044 er
1012 3987 1149 4044 tlieraiiror
1171 3989 1249 4059 iiiiii,
1276 3998 1323 4043 aut
1346 3988 1483 4045 tiieraaroi
1508 3990 1645 4061 arundinis
1672 4005 1750 4062 aipa-

115 4079 221 4136 minem
244 4088 341 4136 contra
358 4079 501 4137 veritatem
525 4087 621 4150 paret,
643 4077 766 4150 eiusdem
785 4065 918 4168 veritatis!
960 4078 1124 4154 sirtilllob
1138 4096 1254 4148 xxiiim,
1267 4081 1326 4155 22.)

812 4241 1036 4257 m

494 4354 793 4464 ⁸³INCIPIT
827 4367 1008 4461 LIBER
1041 4371 1368 4466 SECUNDUS.

373 4626 489 4686 cient
507 4627 655 4686 Pilllllill.
925 4629 948 4686 b
962 4630 1034 4686 sieut
1048 4630 1075 4685 in
1089 4628 1140 4684 loli
1160 4628 1275 4685 ludaico
1286 4628 1389 4701 populo
1402 4627 1502 4684 dicitur
1515 4646 1522 4683 :
1534 4625 1661 4683 Semiiaiii
1673 4589 1751 4699 tanei

436 4738 471 4779 oc
489 4737 594 4779 amous.
963 4723 1029 4777 rarii
1040 4723 1096 4778 aeis
1106 4719 1166 4794 (toi
1180 4736 1278 4788 xxviii,
1287 4720 1325 4792 Ἰ).
1338 4718 1405 4787 Quis
1417 4719 1620 4784 enimliocloco
1630 4718 1689 4775 aiis
1699 4733 1751 4774 no-

118 4836 152 4893 ln
175 4833 317 4893 scritura
342 4851 420 4890 racio
448 4835 537 4890 aniam
563 4833 603 4889 iiel
629 4831 765 4888 colueram
790 4831 906 4900 nornine,
961 4815 1046 4881 mine,
1064 4813 1117 4869 ”5³¹
1140 4814 1185 4868 5¹¹0
1206 4811 1390 4883 Sldnaffll'dlll
1410 4825 1511 4880 0⁰11)us
1532 4824 1660 4866 carneum
1675 4810 1750 4881 illm

171 4924 260 4961 aeria
288 4905 421 4978 circulari
448 4921 557 4959 numero
577 4912 731 4974 ponentur,
759 4902 905 4973 aliquando
960 4906 1120 4978 assumpsit,
1143 4905 1315 4961 ascendendo
1339 4903 1374 4959 ad
1398 4903 1501 4959 arilicra
1515 4901 1644 4957 librarii?
1664 4901 1751 4974 Cujus

187 5049 194 5061 .
270 4976 594 5047 ‘⁰'”⁰⁸⁸²'‘¹‘⁸⁵9”⁰'⁸'’
611 4972 755 5045 “uquam
771 4971 903 5054 ‘flamm’
959 5000 1071 5058 semitas
1092 4996 1380 5070 pcrlldusludaeorum
1392 4996 1510 5069 populus
1521 4996 1667 5068 ignorarit,
1682 4998 1749 5067 quia

155 5046 301 5120 aliqnando
313 5063 386 5103 nient
398 5046 530 5111 bamaria:
543 5045 648 5116 qirando
662 5052 749 5098 anterii
763 5041 904 5113 pluraliter
1049 5067 1052 5074 =

153 5130 300 5191 Willis,
313 5117 458 5189 nummi,
471 5116 645 5187 mmm„
658 5114 739 5169 wrm
754 5122 906 5183 pompam,
958 5092 1121 5149 humilitatis
1135 5091 1196 5162 ejus
1209 5090 1269 5146 rias
1283 5090 1383 5163 quibus
1399 5104 1449 5146 nos
1462 5089 1497 5145 ad
1516 5088 1571 5143 alta
1590 5087 1749 5153 sublevavit,

155 5189 301 5260 aliqnando
318 5197 417 5244 mentm
432 5184 612 5259 spiritualium
623 5186 751 5250 oiroriiin,
764 5182 908 5254 aliquando
959 5186 1134 5248 considerare
1147 5182 1245 5239 noluit.

155 5259 339 5331 'mmm‘
358 5258 502 5330 “uim
516 5257 584 5313 “l“
600 5254 783 5327 ⁶⁰9³¹⁰¹¹⁸⁰m
994 5274 1186 5350 satellitiis
1197 5271 1628 5343 nominediabclosdesignatar,
1638 5268 1751 5325 sicutde

154 5372 214 5445 (93)
231 5373 299 5430 liis
321 5373 434 5432 nomine
455 5371 620 5442 Redemptor
634 5377 728 5425 noster
739 5366 909 5441 designatur,
961 5373 1021 5443 ipso
1030 5385 1078 5441 per
1090 5366 1236 5424 bominum
1248 5364 1283 5423 ad
1292 5366 1403 5423 beatum
1415 5363 1468 5421 lob
1481 5363 1582 5420 dicitur
1598 5380 1605 5418 r
1619 5358 1750 5433 Nanqaid

167 5506 548 5591 illlixlaiiinlielimrip.
566 5505 668 5573 r,ll5.
962 5504 1054 5562 inem.
1165 5573 1172 5587 .
1415 5536 1472 5582 ·.

155 5509 214 5721 ἓξ)
227 5579 280 5708 ἓξ.
291 5580 314 5707 ).
327 5579 438 5712 :iiiiii
444 5577 655 5719 ligifaeipf'n
670 5645 720 5715 ω,
740 5643 822 5719 mlo
844 5652 909 5702 mo
997 5577 1054 5647 (titi
1074 5572 1137 5632 llaec
1147 5574 1269 5647 disperse
1282 5588 1317 5630 ea
1327 5572 1347 5627 l.
1360 5584 1450 5628 min
1465 5585 1494 5625 in
1507 5565 1570 5638 lob,
1582 5580 1642 5640 cap.
1661 5580 1718 5624 xit.
