3817 6000
210 279 263 335 ⁶2¹1
688 277 841 333 condurat
858 277 1055 335 PllAEPOSlTl
1073 278 1347 338 notetlansruuu.
1776 278 1836 334 628

206 396 480 468 piet,etonnuntiuiit
492 397 564 451 nodis
578 396 669 469 (ioan.
679 412 734 464 rvr,
745 396 804 470 tl).
816 395 996 469 Quantaergo
1010 400 1031 458 Λ
1046 396 1108 453 stoli
1130 397 1189 467 ipso
1198 396 1253 463 die,
1266 413 1322 468 quo
1335 397 1416 452 datus
1432 406 1484 463 est,
1505 395 1709 467 perpendimus,
1721 395 1834 466 quiade

206 486 322 558 potosin
334 487 386 543 isto
395 487 476 543 habet
483 484 573 555 Pater,
584 495 685 558 quanta
694 487 789 543 deisto
799 486 996 558 acecpitSpiri·
1046 486 1099 542 isto
1114 487 1228 558 accepit,
1254 488 1281 542 in
1305 501 1361 558 quo
1378 485 1450 543 Deus
1472 485 1553 542 Pater
1568 486 1723 543 testimonia
1741 486 1832 545 tidelia

206 587 255 634 tus
267 588 389 646 sanctos,
403 588 431 635 ct
443 579 615 635 annuntiavit
629 579 769 650 apostolis,
785 587 815 633 ut
830 579 996 635 claridcetur
1044 594 1127 649 qnam
1147 579 1266 650 plurima
1280 579 1350 635 Filio
1375 594 1426 635 suo
1441 578 1644 635 thesaurizavit.

206 667 296 726 Filius
317 668 386 725 bert
402 669 523 727 Delectat
537 671 616 726 valde
631 671 714 742 :quia
736 679 882 741 postquam
895 685 994 726 ascen·
1080 670 1109 725 Si
1123 685 1188 726 vero
1198 670 1261 741 quis
1273 679 1407 734 mouetur,
1423 686 1474 725 cur
1486 670 1568 726 istum
1596 681 1735 740 pasmrcrn
1750 670 1832 742 quasi

205 762 246 818 dit
266 762 294 817 in
313 763 411 819 coelutu
433 762 559 820 Christos
574 763 659 819 Filius
674 762 737 830 liei3
751 764 832 818 etiam
846 771 994 831 antequam
1043 762 1210 832 praecipuum
1229 762 1434 832 prophetarum,
1462 761 1503 816 sel
1518 761 1636 831 primunt
1652 762 1723 818 inter
1750 773 1826 820 carte

204 854 365 925 procederet
380 852 500 927 Spiritus
523 864 635 912 sanctus
647 869 782 925 apparens
804 853 832 908 in
844 854 945 924 linguis
956 853 995 925 ig·
1043 867 1100 920 ros,
1116 854 1173 908 imo
1198 868 1254 924 prae
1275 853 1381 909 camma
1392 852 1570 917 honoremus,
1587 853 1640 908 boc
1659 853 1833 910 animaduer-

203 946 276 1013 neis,
289 945 407 1015 primurn
427 944 501 1017 qood
521 946 644 1016 protulit,
659 945 692 1000 de
706 946 759 1001 isto
772 945 925 1014 accepit,et
939 943 991 999 Pe·
1041 952 1092 1009 tat,
1114 944 1188 1015 qood
1208 945 1356 1016 prophetae,
1381 959 1436 1000 oon
1459 959 1509 1015 pro
1533 944 1654 1014 qualibet
1674 945 1833 1001 lotororour

203 1047 248 1093 tro
264 1037 446 1105 annuntiavit,
463 1047 493 1093 ot
510 1038 634 1093 diceret:
658 1034 791 1106 Scriptum
814 1044 853 1090 est
875 1036 902 1088 in
923 1033 993 1089 iiltro
1041 1036 1269 1108 praenuntiatione
1279 1038 1420 1107 propbeta
1431 1035 1494 1092 dicti
1508 1036 1574 1102 sint,
1596 1037 1642 1093 sod
1656 1053 1705 1108 pro
1724 1052 1832 1095 coma·-

201 1127 397 1182 Ptuintocunt:
417 1126 484 1182 Fiat
500 1126 630 1182 dubitatio
645 1142 735 1181 eorum
755 1126 869 1192 decerto,
894 1134 920 1180 et
940 1141 993 1180 non
1042 1129 1124 1194 rime,
1136 1127 1208 1198 qood
1219 1131 1253 1184 de
1268 1143 1352 1201 regno
1363 1128 1420 1196 bei,
1433 1128 1564 1199 deregno
1575 1127 1675 1185 Christi
1688 1139 1715 1184 et
1735 1128 1833 1187 Eccle-

201 1224 238 1276 eit
253 1222 298 1293 qui
321 1220 418 1277 dubitet
434 1223 462 1275 in
479 1238 510 1275 eo
527 1236 537 1275 .·
557 1229 583 1274 ct
600 1221 780 1291 epiacmotont
800 1218 858 1288 ejus
878 1219 993 1289 accipiet
1041 1219 1246 1275 siaesublimitcr
1255 1218 1353 1275 elocuti
1367 1229 1440 1285 sunt,
1449 1221 1588 1290 propbeta
1595 1220 1647 1276 dici
1660 1232 1830 1280 meruerunt.

202 1313 388 1385 dilucident,
408 1314 466 1374 aot.
489 1312 549 1368 iam
564 1313 637 1368 enim
662 1312 765 1368 iactum
788 1311 888 1378 iuerat,
916 1312 991 1387 quod
1041 1308 1179 1379 Siquidem
1192 1309 1308 1381 Moyses,
1322 1319 1367 1365 nul
1394 1309 1488 1375 iosue,
1504 1314 1560 1367 site
1573 1309 1694 1379 Samuel,
1709 1313 1832 1384 quiante

201 1405 369 1477 evangelista
382 1404 502 1461 ioannes
519 1404 650 1470 narrarit,
666 1404 782 1460 dicens:
799 1403 863 1458 lloec
877 1420 936 1456 curn
947 1403 990 1458 di·
1039 1402 1186 1472 propbetas
1197 1401 1315 1468 iuuerunt,
1325 1402 1392 1457 nibil
1404 1403 1438 1458 dc
1448 1418 1531 1474 regno
1540 1402 1673 1468 bci,nibii
1682 1404 1831 1476 talparum

201 1501 295 1566 uisset,
310 1498 460 1570 insufflanit,
470 1507 495 1553 et
504 1499 575 1552 dicit
584 1499 623 1552 eis
634 1511 644 1551 :
655 1498 772 1567 Accipite
790 1494 919 1566 Spiritum
929 1511 991 1550 ron·
1038 1494 1073 1549 dc
1087 1495 1175 1564 poenis
1186 1493 1298 1562 inferni,
1316 1494 1384 1550 nibil
1400 1495 1442 1550 vel
1457 1509 1553 1564 parum
1563 1494 1598 1551 de
1606 1495 1722 1566 judicio,
1736 1513 1791 1568 qno
1802 1506 1832 1553 et

202 1602 273 1647 ctum
293 1590 385 1661 (ioan.
404 1607 451 1658 xx,
465 1589 523 1661 ἥ).
539 1588 673 1660 Quodque
688 1587 777 1644 Lucas
794 1586 915 1655 eiusdem
933 1586 988 1641 dioi
1036 1586 1103 1657 justi
1118 1587 1240 1643 salvandi
1252 1595 1279 1642 ct
1292 1587 1366 1657 impii
1388 1588 1534 1642 damnandi
1549 1597 1623 1654 strnt,
1637 1588 1725 1658 palam
1739 1590 1830 1646 uerbis

201 1698 322 1754 uespera
347 1691 420 1754 gesta
450 1680 574 1738 scribens
593 1680 663 1736 dixit
687 1679 758 1733 inter
782 1675 989 1733 contemtlone
1038 1676 1243 1744 direroot3non
1254 1678 1385 1748 quodista
1399 1678 1543 1744 timebunt,
1556 1679 1602 1734 sed
1617 1680 1690 1750 qued
1705 1683 1829 1738 carnalos

202 1776 306 1845 operuit
324 1774 379 1830 ttttc
390 1789 511 1840 rentum,
524 1782 553 1827 ut
564 1770 740 1842 intelligerent
753 1767 987 1842 scripturaram.
1004 1756 1026 1811 Β
1040 1770 1434 1839 nimiumterrneqneamatores
1443 1772 1830 1842 istarronreciperent.dtt·er·o

201 1883 276 1933 mv,
289 1868 347 1937 45).
1040 1861 1221 1933 prophetandii
1234 1861 1390 1932 huiusmodi
1402 1863 1544 1933 magnillce
1559 1872 1623 1917 sont
1641 1862 1751 1919 elocuti.
1768 1864 1830 1921 Pri·

239 1957 274 2013 lit
287 1968 377 2014 autem
392 1957 495 2028 impleti
508 1963 572 2012 sunt
585 1956 644 2012 dies
663 1954 847 2020 Pentecostes,
857 1962 884 2007 et
895 1967 992 2024 proce-
1039 1951 1210 2018 mouliavid,
1224 1951 1398 2022 verbigralia
1416 1969 1423 2005 ε
1440 1951 1581 2017 Quortiont,
1610 1953 1829 2023 inquietionem

202 2053 271 2109 dens
287 2049 404 2120 Spiritus
425 2057 536 2107 sanctus
551 2064 567 2104 a
583 2050 682 2104 tbrono
702 2045 930 2117 majestatiseedit
944 2061 990 2099 su·
1039 2042 1065 2096 in
1083 2050 1175 2107 marte,
1194 2042 1240 2112 qui
1253 2056 1351 2095 mernor
1364 2042 1400 2095 rit
1420 2042 1469 2096 tui.
1489 2039 1521 2095 ln
1545 2041 1648 2111 inferno
1670 2045 1829 2115 outernquis

200 2140 386 2215 persingulas
412 2156 504 2197 eorum
538 2148 666 2211 tanquam
696 2139 780 2210 ignir,·
809 2144 990 2208 apparuerunt
1038 2133 1205 2203 confitebitur
1220 2132 1268 2187 tibi
1281 2133 1293 2187 i
1306 2130 1394 2202 tutat.
1418 2147 1456 2197 rt,
1476 2132 1515 2203 6.)
1528 2130 1578 2188 liic
1596 2134 1699 2205 primos
1712 2150 1830 2206 regnum

199 2234 274 2291 enim
286 2233 341 2289 iliis
357 2234 503 2304 dispertite
515 2232 613 2303 lingue
629 2240 754 2302 tunquam
768 2230 847 2300 ipnis,
858 2238 884 2283 et
897 2228 990 2298 repleti
1038 2223 1138 2279 Christi
1152 2223 1242 2279 uerbis
1254 2223 1469 2295 intelligibilibus
1480 2223 1599 2291 cecinit;
1614 2225 1707 2281 verbis
1716 2241 1829 2297 quoque

200 2335 262 2382 sunt
273 2323 588 2396 omnetSpiritutoncto,·
600 2319 990 2393 etcoeperuntiopuiooriitiin·
1038 2328 1163 2383 personae
1179 2313 1240 2385 etus
1255 2313 1395 2384 patieutis,
1417 2313 1476 2369 sire
1495 2314 1665 2386 resurgentis
1684 2332 1751 2372 usus
1772 2325 1826 2373 est.

200 2416 479 2490 guir,prootSpititut
487 2424 593 2472 torretur
602 2413 773 2485 doioteioqui
784 2413 948 2484 iilisplctor.
958 2427 989 2479 n,
1038 2402 1237 2475 Pr0lth0i²r⁰m
1259 2403 1458 2475 igiturprimus
1483 2416 1535 2473 0⁸¹2
1551 2405 1615 2462 Ιῑΰθῑ
1638 2417 1665 2462 ⁰¹
1679 2409 1828 2465 dssleldlnt

200 2508 309 2581 nect),
325 2517 366 2576 nr,
380 2508 503 2581 inquam,
520 2507 578 2562 hac
589 2522 643 2561 vox
661 2505 732 2562 tacta
745 2514 797 2573 est,
809 2514 836 2560 et
851 2505 903 2561 hac
922 2519 990 2560 voce
1039 2495 1147 2552 beatum
1168 2496 1265 2552 iobde
1277 2498 1479 2555 resurrectione
1501 2499 1593 2555 carnis
1616 2499 1736 2556 locuturo
1765 2516 1829 2558 esse

202 2601 276 2657 lacta
291 2602 409 2656 conuertit
427 2600 572 2655 multitudo
590 2607 674 2655 mente
692 2597 890 2670 consutolibid.
904 2613 931 2664 v,
943 2595 989 2666 iii:
1039 2599 1141 2661 aperie,
1159 2590 1316 2661 demulsit)
1333 2590 1381 2661 qui
1394 2590 1510 2647 dubitet.

200 2692 297 2751 Nonne
315 2693 388 2765 quod
403 2693 521 2765 Spiritus
536 2702 649 2749 sanctus
662 2707 710 2763 per
733 2707 765 2748 os
778 2689 853 2748 Petri
871 2689 988 2763 apostoli
1074 2681 1124 2739 iilo
1147 2682 1205 2753 jum
1231 2697 1277 2739 res
1305 2683 1364 2754 ipsa
1388 2683 1456 2740 satis
1475 2691 1628 2754 opportune
1646 2685 1776 2758 suggerit,
1796 2694 1827 2741 ut

201 2786 326 2858 protulit,
340 2786 374 2841 de
387 2786 441 2842 isto
458 2783 746 2856 accepitil’raernisso
762 2798 883 2854 namque
910 2781 989 2837 tosti·
1038 2791 1193 2848 quaeramus
1213 2775 1350 2846 :utquid
1370 2790 1461 2832 sermo
1485 2776 1605 2844 bomini,
1629 2775 1747 2850 Spiritus
1770 2777 1827 2833 lio-

200 2875 295 2931 rnonio
318 2873 457 2944 prophetae
471 2872 565 2938 loelis,
578 2872 652 2944 quod
666 2886 720 2927 non
732 2878 825 2927 essent
835 2869 915 2937 ebrii,
931 2870 990 2925 sic·
1038 2867 1107 2923 ntini
1130 2866 1164 2923 de
1190 2867 1337 2924 uirtutibus
1350 2868 1493 2925 locuturus
1515 2868 1600 2924 futuri
1614 2869 1706 2926 seculi
1723 2868 1827 2942 Regem

200 2978 232 3022 ut
247 2966 380 3038 putabant
399 2964 448 3034 illi,
467 2965 515 3037 qui
533 2965 653 3021 ridentes
664 2963 791 3021 dicebant
806 2981 812 3018 :
828 2963 893 3034 quio
902 2962 990 3017 mutto
1038 2959 1101 3027 sibi,
1120 2975 1169 3032 per
1189 2974 1271 3031 quern
1286 2959 1454 3032 loqueretur,
1474 2960 1573 3034 elegit?
1596 2959 1655 3018 lnro
1680 2977 1730 3019 cur
1747 2961 1827 3018 illum

202 3061 273 3131 pieni
290 3067 353 3114 runt
365 3059 409 3114 itti
421 3055 658 3129 (ibid.),prolinus
677 3055 740 3112 data
757 3052 944 3125 propositione
952 3052 988 3107 de
999 3106 1020 3164 C
1038 3070 1086 3125 per
1101 3068 1182 3125 qoem
1209 3054 1329 3127 primum
1357 3054 1431 3126 loqui
1459 3055 1631 3126 disposuerat
1652 3055 1687 3111 de
1719 3055 1827 3111 attima-

201 3151 402 3209 resurreetione
427 3148 535 3205 bomini
556 3147 644 3204 nostri
668 3145 732 3202 iesu
755 3144 868 3212 Christi,
896 3145 983 3200 ratio-
1036 3161 1098 3202 rom
1122 3147 1220 3213 salute,
1250 3147 1291 3203 sel
1309 3147 1365 3203 uita
1383 3155 1497 3213 armena,
1523 3163 1615 3219 regem
1636 3162 1697 3203 esse
1719 3147 1830 3204 uoluit!

199 3262 263 3303 nem
277 3246 347 3301 banc
362 3243 476 3301 intulit:
493 3240 580 3297 bonta
594 3241 664 3296 enim
679 3240 745 3294 dicit
756 3240 784 3293 in
799 3252 879 3292 curn:
891 3235 986 3292 Proui·
1035 3236 1091 3295 Nec
1112 3239 1186 3294 enim
1210 3239 1323 3304 idcireo,
1341 3240 1405 3311 quia
1427 3255 1474 3297 rex
1498 3249 1568 3306 erat,
1591 3240 1667 3295 ilium
1692 3240 1783 3312 elegit,
1797 3251 1828 3297 ct

201 3338 282 3394 debut
301 3337 444 3391 bominum
455 3337 484 3389 in
508 3343 647 3404 corrupeetu
660 3349 716 3387 meo
733 3347 843 3400 semper,
858 3331 986 3402 questions
1035 3346 1084 3401 per
1095 3331 1171 3387 illum
1186 3331 1261 3403 loqui
1273 3331 1375 3392 voluit:
1387 3332 1505 3403 aedquia
1517 3330 1593 3387 illum
1607 3331 1736 3403 elegerat,
1752 3331 1831 3387 etad

198 3448 216 3485 u
231 3426 516 3494 multitutudine
533 3442 706 3481 commoneor.
729 3422 843 3494 Propter
852 3423 900 3477 doc
910 3422 986 3477 ioeto-
1035 3425 1089 3481 boc
1097 3423 1213 3482 olidum
1229 3435 1438 3496 praeparauerat,
1458 3426 1560 3483 idcirco
1573 3441 1662 3498 regem
1675 3425 1751 3480 illum
1763 3440 1827 3481 csso

200 3532 257 3575 tum
270 3529 309 3575 est
323 3536 369 3573 cor
380 3534 476 3582 meum,
491 3528 515 3571 et
527 3515 668 3570 exsudavit
685 3514 777 3585 linquo
789 3529 858 3578 nuo,
878 3513 987 3583 insuper
1035 3516 1129 3572 soluit.
1144 3516 1202 3572 lior
1211 3531 1276 3588 ergo
1287 3516 1328 3572 sie
1338 3517 1403 3588 egit,
1418 3533 1467 3573 cor
1481 3517 1521 3573 sio
1533 3518 1608 3573 uenit
1628 3515 1747 3572 Verbum
1773 3516 1827 3572 llo·

197 3622 299 3667 etcum
315 3624 371 3666 eree
385 3612 525 3681 requiescet
543 3609 571 3663 in
584 3625 638 3679 spe.
655 3606 788 3674 Quoniam
804 3622 856 3660 non
871 3603 986 3659 derelin·
1035 3607 1113 3675 mini,
1133 3622 1182 3663 cur
1202 3607 1236 3664 de
1260 3607 1443 3665 tribunalibus
1462 3608 1589 3679 primitus
1611 3607 1700 3664 audiri
1726 3608 1827 3674 voluit,

199 3701 392 3774 questionu
417 3716 502 3754 steen
519 3701 548 3753 io
567 3699 682 3768 interno,
698 3714 744 3753 tec
770 3697 985 3752 dubitaturum
1035 3700 1315 3772 corrumpitisque
1337 3702 1440 3773 ponas
1462 3715 1544 3757 tons
1569 3698 1827 3757 entistttdimtmm

198 3803 273 3846 tuum
295 3793 381 3847 cidere
405 3792 609 3861 corruptionem.
632 3789 720 3844 Notou
744 3788 809 3842 midi
826 3788 914 3857 fecisti·
930 3788 985 3841 mos
1035 3803 1145 3864 propter
1156 3793 1287 3849 duritiam
1308 3802 1440 3861 nostram,
1453 3793 1719 3864 proptepvpnimem
1733 3801 1761 3848 et
1775 3808 1827 3848 su.

199 3884 270 3948 nitu,
289 3893 314 3938 ct
328 3883 436 3953 replebis
456 3899 497 3937 nte
509 3882 680 3952 jucunditate
693 3896 753 3935 nint
767 3880 836 3950 [urie
851 3889 908 3934 tuo.
928 3878 985 3934 i'iri
1034 3885 1156 3955 pcrbiam
1173 3893 1306 3940 nestram.
1328 3882 1476 3953 Diligenter
1489 3883 1674 3951 advertamus,
1696 3898 1828 3940 musaru-

199 3978 307 4048 βοτηε,
323 3975 402 4030 iiceot
424 3975 552 4030 audenter
569 3976 655 4029 dicere
668 3974 703 4027 od
723 3989 766 4028 nos
781 3971 813 4027 de
830 3972 986 4043 patriarcba
1034 3989 1088 4046 qne
1102 3991 1134 4030 eu
1149 3974 1228 4029 nobis
1240 3990 1310 4040 osse,
1323 3975 1365 4030 uel
1378 3974 1462 4032 tuisse
1470 3974 1527 4046 jorn
1547 3976 1664 4031 scienter
1675 3975 1825 4031 fateamur.

198 4067 307 4123 baud:
326 4069 450 4138 quoniam
475 4065 614 4136 defunctui
640 4075 691 4130 eet,
706 4073 731 4119 et
745 4062 883 4134 sepultor:
898 4072 924 4118 et
943 4079 985 4117 sc·
1035 4068 1133 4124 Totum
1160 4067 1255 4123 mnndi
1280 4067 1363 4138 buius
1378 4067 1542 4124 auditorium
1557 4066 1613 4123 [leo
1628 4068 1824 4135 obsurduerat,

196 4158 336 4229 puledium
348 4156 453 4226 ejutett
467 4155 538 4224 opud
548 4170 595 4208 πω
607 4154 724 4224 emutio
735 4152 888 4207 hodiernum
902 4151 985 4206 diem.
1033 4170 1061 4217 et
1073 4160 1100 4215 in
1123 4160 1256 4217 audienda
1277 4160 1398 4216 sanitate
1419 4160 1607 4231 superbiebat3
1623 4160 1713 4216 omnis
1738 4160 1826 4217 bomo

197 4251 344 4320 Propterea
365 4250 447 4320 igitur
470 4262 530 4300 cum
550 4256 617 4300 Μ
644 4255 669 4299 ⁶²
695 4245 773 4299 ‘⁶⁵1⁶‘
793 4245 856 4314 ΜΒ
878 4244 985 4313 idlssid·
1034 4254 1127 4329 vivens
1141 4253 1268 4312 anniversa
1282 4253 1388 4309 sanitas
1402 4262 1471 4309 erat.
1486 4252 1563 4309 Ludo
1577 4252 1825 4309 vanitatisintenta

197 4341 283 4395 rondo
300 4340 418 4409 jurasset
435 4338 476 4391 itti·
494 4336 565 4391 Deus
578 4337 610 4391 de
628 4336 718 4407 {ructu
731 4335 816 4391 introii
828 4336 985 4406 ejussedere
1034 4348 1163 4419 populosa
1178 4348 1270 4404 camis
1287 4347 1409 4414 lascivia,
1434 4348 1496 4403 vjtae
1509 4360 1618 4403 aegpfnae
1640 4348 1711 4405 seria
1725 4349 1825 4405 „101155

197 4448 276 4502 ⁸¹⁸9ss
288 4433 375 4486 Mem
397 4430 474 4499 eim-¹
496 4428 633 4502 immilem
656 4428 759 4483 ¹⁰⁶¹⁸¹¹⁸⁸
782 4439 821 4483 2⁸¹
841 4430 873 4484 ὅθ
892 4445 983 4484 feius·
999 4451 1021 4507 1)
1035 4441 1203 4497 imminentis
1216 4444 1323 4513 negotia
1347 4442 1418 4499 scire
1430 4443 1639 4514 dedignabatur,
1652 4444 1746 4499 andire
1764 4459 1823 4500 non

198 4523 311 4578 rectione
331 4521 449 4586 Cirritti,·
464 4522 528 4592 quin
542 4537 588 4576 nec
607 4520 747 4576 derelictus
769 4521 848 4575 ertio
868 4521 982 4590 inferno,
1032 4543 1147 4605 potem,
1165 4533 1361 4606 videmgsjgm
1381 4551 1484 4603 senem,
1499 4545 1526 4590 ει
1548 4535 1714 4608 decrepjwm
1737 4552 1824 4591 mun-

196 4632 278 4687 ’ΨΜ
298 4632 361 4670 “is‘'
383 4615 441 4684 ‘iu‘
468 4613 533 4669 “5⁴11'‘
556 4614 758 4684 mimm-
782 4612 860 4667 Hm
890 4611 983 4667 dmm
1032 4627 1098 4682 dum
1117 4627 1254 4684 odhocex
1271 4636 1348 4699 parte
1366 4627 1486 4682 maxima
1510 4627 1694 4683 lascivientem
1710 4636 1826 4682 tratura

197 4709 362 4764 mummii
387 4706 470 4773 Dent,
485 4706 560 4776 ΝΜ
576 4722 622 4761 '¹⁰³
638 4714 716 4761 ’Μ
736 4721 837 4759 ΜΨ·
867 4704 983 4759 ΜΘΝ
1033 4719 1234 4789 predicationis
1262 4720 1425 4790 evangelica
1455 4717 1579 4774 fastidire
1606 4718 1697 4783 verbo,
1723 4716 1825 4787 sicque

196 4806 280 4872 t'giittr
294 4803 344 4858 Det'
361 4803 506 4869 exauditor,
527 4814 553 4858 ei
566 4804 738 4874 promissione
757 4801 874 4872 Spiritus
896 4805 983 4857 tattcli
1032 4812 1092 4866 sani
1108 4812 1243 4867 sermonis
1254 4811 1348 4867 auditu
1371 4791 1635 4876 williswindam
1654 4825 1747 4865 massa
1758 4825 1825 4877 gra.

197 4907 304 4980 occeptu
319 4915 336 4952 u
350 4897 440 4964 Putre,
456 4895 550 4966 effudit
569 4898 648 4963 tunc,
669 4913 746 4968 quem
764 4913 809 4951 vot
833 4898 936 4962 dorric,
957 4906 983 4958 et
1032 4903 1090 4958 rari
1102 4918 1260 4958 arenarum.
1276 4902 1408 4958 Ridentur
1417 4917 1613 4974 nunnunquam
1633 4901 1824 4975 publicepra-

196 4991 309 5046 auditis.
327 4989 388 5044 Non
413 4990 483 5044 enirn
504 4989 590 5043 barud
610 4989 726 5044 ascendit
743 4991 771 5044 itt
791 4990 894 5058 coeiunt,
912 4990 982 5045 dixit
1032 4995 1179 5063 aleatores,
1210 4995 1266 5052 uisi
1287 5003 1410 5060 caveant,
1434 4995 1508 5065 qood
1531 5004 1559 5051 ot
1583 5002 1748 5067 praecepium
1778 5001 1824 5049 esi

196 5083 266 5138 enim
279 5081 439 5153 apindice
454 5081 582 5135 dominun
596 5082 709 5136 bomine
724 5085 867 5150 nemnem
886 5083 982 5137 odeu-
1032 5086 1139 5143 dicente
1172 5086 1225 5142 sibi
1245 5086 1385 5141 Domino:
1407 5084 1499 5140 Nolite
1531 5085 1692 5156 margaritas
1720 5091 1822 5137 nestros

196 5176 334 5241 triumuir,
349 5175 429 5228 donec
446 5191 542 5244 ponunt
555 5175 674 5229 inimicos
694 5185 752 5230 tuos
774 5175 916 5229 scutetum
940 5192 984 5244 pc·
1032 5179 1134 5233 mittere
1148 5188 1209 5232 onte
1220 5194 1312 5249 porcos
1327 5176 1436 5246 (diutili.
1455 5179 1517 5247 sn),
1535 5174 1643 5244 Quanto
1657 5174 1744 5245 magis
1755 5188 1822 5228 cunt

195 5270 258 5322 dunc
285 5279 400 5322 tuorum.
415 5269 484 5339 (Act.
510 5285 539 5332 n,
556 5268 601 5334 25,
622 5278 649 5324 et
667 5271 767 5340 seqq).
794 5269 863 5337 lloc,
890 5279 919 5326 ut
932 5287 981 5327 su·
1031 5270 1238 5335 adhaererem,
1253 5279 1280 5324 et
1294 5270 1398 5324 vividus
1413 5268 1478 5324 loro
1502 5268 1821 5342 jtrvcntotisellerretor,

199 5377 247 5432 pra
260 5362 317 5431 jam
332 5361 434 5416 dictum
457 5370 509 5428 est,
522 5363 600 5418 valde
612 5362 737 5429 delectat,
763 5364 848 5434 quod,
863 5365 981 5420 comdi·
1031 5377 1175 5434 porsonam
1201 5362 1419 5432 qualemcunque
1442 5365 1555 5420 verbunr
1583 5361 1691 5418 liomini
1720 5360 1823 5431 predi-

194 5468 258 5508 cere
272 5453 417 5508 volumus:
433 5454 497 5525 quia
521 5454 602 5512 Pater
619 5456 704 5511 molta
716 5457 743 5511 in
760 5457 813 5512 isto
825 5457 980 5527 habetque
1031 5463 1137 5510 cantem
1156 5453 1251 5508 audire
1263 5452 1470 5524 dedignaretur?
1486 5453 1558 5526 Ergo
1574 5452 1745 5526 peregrinum
1759 5455 1827 5505 erat

195 5543 292 5607 Filios,
308 5562 369 5617 quae
385 5545 447 5601 Filii
465 5555 538 5620 sunt,
554 5548 625 5603 sieut
645 5558 672 5604 et
687 5558 783 5603 caetera
797 5549 889 5603 omnia
903 5551 982 5620 (orn-
1031 5543 1212 5601 boiamundo
1229 5545 1341 5601 verbum
1362 5545 1481 5613 Domini,
1505 5563 1558 5603 non
1586 5545 1665 5601 aliter
1687 5553 1824 5609 attentos,

196 5648 245 5688 nes
267 5637 340 5691 enim
373 5637 520 5709 Scriptura
540 5643 567 5696 in
594 5640 692 5695 Filium
713 5640 857 5707 tondunt),
880 5641 978 5709 prima,
1030 5645 1077 5688 aot
1091 5634 1238 5691 benevolos
1259 5637 1414 5692 lrabitururn
1429 5637 1524 5692 divites
1536 5637 1639 5703 secoli,
1652 5635 1704 5692 nisi
1715 5635 1824 5691 oratio·

199 5733 259 5789 qtae
284 5723 400 5792 Spiritus
423 5739 533 5784 sarsurus
558 5729 668 5799 potulit
689 5744 736 5797 pur·
760 5744 791 5781 os
815 5725 887 5782 Petri
913 5743 979 5796 opo·
1029 5742 1091 5781 noro
1108 5742 1186 5783 suam
1203 5729 1332 5800 inciperet
1353 5745 1384 5786 cr
1400 5743 1447 5784 oro
1459 5729 1531 5798 regis
1552 5729 1654 5786 diuitis.
1670 5727 1741 5795 rogis
1758 5742 1824 5782 ura·
