3817 6000
122 248 159 306 tt
714 240 979 300 cttoooatntto'tt.
997 272 1033 283 -
1052 241 1117 298 LlB.
1137 240 1158 297 1.
1728 230 1764 289 58

157 359 219 434 (ts)
238 358 333 416 Austri
352 357 466 415 nomine
484 357 580 415 ludaea
603 357 762 431 intelligitur
786 358 859 415 sicut
872 373 920 430 per
932 365 956 425 Α
970 357 1118 415 indiscrete
1133 352 1302 422 deserviunt,
1314 352 1348 410 ad
1364 368 1396 409 ca
1420 367 1493 425 sepe
1513 366 1563 424 per
1577 348 1705 407 affectum
1716 366 1765 407 eo-

120 452 224 509 lsaiam
238 452 274 508 dc
293 449 414 523 gentium
443 449 624 506 conversione
645 449 762 522 loquens
783 446 919 506 Dominus
971 453 1130 526 gnationum
1142 450 1256 506 redeunt
1268 446 1397 520 quaejam
1413 445 1526 519 propria
1542 445 1671 516 despectu
1682 445 1764 501 sube-

121 544 209 602 dicit:
226 543 322 599 Dicam
333 542 474 615 aquitani:
498 542 555 608 tta,·
569 552 594 597 et
617 550 710 597 aestro
722 556 732 595 .·
743 539 810 596 Nati
832 541 920 612 profri-
970 555 1077 618 μωῃι,
1092 545 1217 614 Cumque
1232 542 1378 614 plusquam
1390 554 1509 605 necesse
1520 547 1564 595 est
1587 537 1678 594 carnis
1699 553 1763 609 pro·

121 640 182 692 tere
196 635 269 707 flea.
284 650 363 702 runt,
380 633 430 705 vii.
448 632 609 691 sicutenim
621 648 670 704 per
683 630 839 704 aquilonem
852 646 919 704 gen·
969 634 1088 707 pinquos
1101 633 1228 706 diligunt,
1243 632 1354 691 retracti
1368 630 1490 689 arterias
1505 644 1521 684 a
1540 626 1632 685 cordis
1650 635 1764 699 parente

125 729 224 796 tilitas,
240 729 282 786 sic
297 746 347 802 per
361 740 487 787 austrum
506 729 599 788 tnaaea
612 731 747 803 signatur,
758 744 821 801 quae
839 727 918 800 quasi
969 724 1224 783 demonstrabam
1239 741 1311 799 sape
1324 724 1458 797 quosdam
1473 723 1603 787 vidimus,
1628 728 1762 792 quantum

119 822 277 879 meridiano
292 824 350 880 sole
364 823 495 893 incaluit,
514 824 579 896 quia
598 823 779 895 liedomptore
792 821 819 878 in
836 835 919 878 carue
969 819 1003 875 ad
1017 818 1158 891 proprium
1173 817 1295 875 studium
1317 825 1433 889 spectat,
1452 816 1511 887 jam
1535 813 1679 886 presentis
1700 814 1763 867 ritae

117 924 271 985 apparente
286 914 422 972 fervorem
448 916 511 973 fidei
532 917 618 988 prima
639 916 770 988 suscepit.
787 913 918 986 Aquiloni
969 911 1104 969 desideria
1126 928 1181 969 aon
1203 912 1304 968 babere
1322 918 1350 966 et
1372 910 1599 979 mundumopere
1612 915 1640 961 et
1652 903 1755 977 proies·

117 1020 186 1078 crgo
198 1006 313 1076 dicitur,
328 1009 374 1077 ds,
397 1025 461 1065 cum
475 1008 570 1066 offerte
585 1010 641 1067 [leo
655 1025 713 1067 sure
726 1009 789 1066 fidei
803 1022 917 1064 munera
969 1003 1047 1061 sione
1061 1003 1222 1075 reliquisse;
1245 1002 1292 1060 scd
1308 1011 1399 1058 tamen
1415 1016 1466 1071 pro
1482 997 1646 1055 inordinatis
1658 996 1759 1053 affecti

117 1100 261 1173 gentilitas
287 1101 439 1173 imperator
456 1101 524 1174 (76).
550 1100 585 1159 Ει
597 1103 662 1174 quia
676 1103 820 1160 cormesio
834 1101 867 1159 ad
882 1103 916 1160 tt-
968 1097 1020 1153 bus
1033 1096 1251 1166 propinquomm
1264 1095 1392 1166 prator-ia
1409 1095 1571 1164 irrumpere,
1589 1101 1760 1147 terrenarum

117 1189 182 1245 dem
193 1189 324 1261 gentibus
338 1191 559 1261 primumludaea
575 1192 750 1261 contradixit,
761 1201 789 1248 et
799 1192 833 1249 ad
847 1208 917 1264 prae·
968 1201 1060 1243 reram
1074 1185 1174 1259 iurgiis
1194 1203 1300 1254 cacare,
1316 1186 1469 1241 libertatem
1484 1184 1587 1240 intimoe
1600 1181 1700 1254 quietis
1715 1196 1760 1235 re·

116 1280 243 1336 sariorum
254 1281 466 1339 retributionem
477 1283 631 1341 coelestium
649 1283 846 1355 designabatur
855 1297 917 1339 sos·
967 1280 1101 1351 linquere,
1112 1289 1141 1336 et
1152 1278 1248 1334 mundi
1260 1278 1287 1335 in
1300 1294 1330 1336 se
1342 1278 1494 1351 stodialam
1507 1277 1610 1335 dudum
1622 1276 1760 1331 destructa

116 1376 214 1447 cipere
237 1391 287 1433 eos
302 1378 350 1449 qui
369 1375 475 1434 dudum
492 1377 602 1435 fucrant
618 1379 738 1436 cultores
756 1379 914 1436 idolorum:
966 1387 1107 1444 reparare.

116 1467 193 1526 unde
208 1476 237 1526 et
251 1478 315 1541 post
333 1471 540 1528 conversionem
557 1472 677 1544 gentium
688 1471 915 1545 Petromdici·
1002 1462 1063 1531 01¹⁰
1088 1463 1181 1535 traque
1204 1463 1250 1520 isti
1274 1462 1326 1519 ⁰5⁵³
1350 1460 1378 1517 5¹¹
1399 1471 1457 1519 rete
1477 1461 1630 1529 ambolant,
1655 1474 1760 1532 (1¹10st

115 1568 165 1615 tur
181 1579 189 1614 :
206 1559 299 1628 onere
314 1562 433 1617 introisti
445 1561 481 1616 od
491 1563 560 1618 eiras
574 1564 735 1635 preputium
751 1565 875 1620 baimtes
888 1572 915 1619 et
965 1556 1094 1628 praesenti
1116 1556 1217 1615 saeculo
1232 1555 1358 1613 inchoata
1372 1556 1429 1627 jam
1444 1557 1506 1611 ritae
1524 1553 1656 1626 perfectio
1670 1553 1760 1613 solse-

115 1651 263 1709 eamedisti
275 1670 335 1708 cam
349 1654 387 1709 cir
402 1654 474 1726 (Act.
497 1670 537 1723 rr,
557 1654 598 1727 f).
619 1654 683 1713 idco
698 1664 793 1713 austro
802 1657 915 1728 jubetur
965 1659 1019 1718 rat,
1041 1650 1089 1707 sed
1111 1650 1285 1707 inordinatus
1302 1664 1381 1705 amor
1403 1659 1518 1704 terrene
1535 1646 1706 1719 cognationis
1726 1647 1759 1702 li·

115 1745 914 1821 mprobibeaeqoialtebraetsinfldemncismntibusprae.
929 1721 952 1778 B
966 1742 1029 1815 gatl
1049 1740 1102 1811 Qui
1125 1744 1198 1799 enim
1221 1742 1345 1799 districto
1371 1741 1463 1798 studio
1486 1749 1514 1796 et
1537 1755 1594 1796 non
1616 1737 1758 1796 dissolutis

114 1833 221 1905 cipitur
234 1835 366 1892 neritum
383 1838 504 1909 gentium
515 1839 874 1911 repellendocondemuent.
902 1882 905 1887 .
966 1835 1108 1907 gressibus
1120 1837 1236 1901 ¹>aeternae
1251 1833 1445 1906 promissionis
1466 1832 1609 1905 praemium
1633 1847 1756 1902 sequun-

153 1924 216 1997 (Π)
235 1926 330 1984 Austri
346 1929 459 1987 nominc
470 1931 527 1987 vita
546 1932 663 1989 remissa
677 1932 849 2006 designatur,
872 1936 913 1993 si·
965 1934 1022 1995 tur,
1037 1927 1284 1999 sicutsemetipsus
1306 1941 1356 1998 pro
1369 1924 1463 1981 divino
1477 1939 1571 1981 amore
1592 1922 1757 1995 despiciunt,

114 2026 165 2076 cut
184 2017 238 2075 lob
252 2020 373 2078 dicitur:
399 2021 572 2080 Consimratc
595 2028 704 2082 semitas
722 2025 849 2094 Tbemaa,
864 2029 913 2083 iti·
966 2021 1007 2078 sic
1021 2029 1120 2078 cuncta
1133 2023 1234 2093 quibus
1247 2036 1277 2079 se
1288 2018 1411 2076 sentiunt
1419 2017 1559 2091 prepediti
1571 2024 1755 2088 postponunt,

112 2125 182 2164 nera
201 2108 285 2178 Saba,
300 2122 326 2167 et
335 2123 486 2183 exspectate
495 2114 631 2184 paulisper
642 2113 704 2187 (iai
716 2131 754 2184 rr,
768 2117 825 2188 lb).
840 2115 914 2173 Tbe-
968 2122 1074 2171 etcum
1088 2128 1138 2185 pro
1153 2113 1209 2170 beo
1223 2128 1337 2169 necesse
1347 2121 1400 2181 est,
1413 2111 1554 2183 atquibus
1565 2110 1655 2165 valent
1667 2109 1757 2163 inser·

113 2216 183 2257 man
198 2203 301 2274 quippe
313 2213 414 2270 caster,
430 2202 501 2259 Saba
526 2215 618 2261 autem
634 2214 687 2261 rete
707 2206 912 2277 interpretatur.
964 2204 1050 2272 siant,
1064 2220 1116 2277 pro
1138 2203 1194 2260 Deo
1218 2204 1324 2276 privata
1345 2201 1477 2275 obsequia
1495 2201 1578 2258 etiam
1594 2198 1757 2273 propinquis

113 2293 192 2362 Quid
202 2310 269 2369 ergo
281 2312 331 2367 per
344 2306 470 2353 austrum
480 2339 488 2365 ‚
498 2298 547 2369 qui
558 2297 647 2355 afflata
662 2300 817 2370 torporibus
828 2316 914 2356 mem-
963 2309 1074 2370 negant.
1091 2297 1145 2355 Sed
1162 2298 1317 2355 indiscrete
1335 2306 1442 2354 mentcs
1463 2294 1535 2351 hanc
1549 2293 1660 2351 risendi
1677 2308 1758 2363 regu·

115 2384 170 2442 bra
184 2386 322 2453 dissolvit,
341 2387 395 2444 nisi
411 2388 483 2444 llura
500 2389 607 2446 risendi
623 2391 769 2448 remissio?
785 2392 852 2463 quid
865 2408 914 2463 per
964 2390 1018 2446 lam
1033 2392 1171 2455 nesciunt,
1192 2399 1220 2446 et
1242 2406 1298 2461 quo
1318 2390 1377 2446 vias
1394 2388 1443 2446 liei
1465 2388 1598 2446 dissolute
1614 2395 1755 2458 appetunt,

112 2484 177 2533 rete
189 2478 245 2534 nisi
257 2478 374 2535 actionis
389 2478 519 2552 obligatio
533 2479 755 2539 demonstratur?
771 2482 824 2551 Qui
838 2484 912 2540 enim
963 2499 997 2539 co
1017 2483 1051 2539 ud
1073 2483 1169 2539 mundi
1184 2482 1283 2539 itinera
1296 2482 1379 2539 stulte
1399 2481 1576 2553 replicantur.
1594 2478 1677 2536 lieetc
1691 2493 1757 2548 ergo

114 2567 256 2625 dissoluta
268 2576 360 2625 mente
370 2583 403 2624 ea
421 2584 483 2640 quae
495 2577 603 2626 terrena
615 2580 680 2627 sunt
700 2580 841 2643 appetunt,
862 2589 913 2629 nec
963 2575 1006 2630 vir
1017 2585 1129 2633 sanictos
1141 2584 1204 2648 post
1217 2575 1341 2633 Tlremau
1355 2575 1477 2643 semitas,
1493 2575 1565 2631 Saba
1579 2574 1678 2630 itinera
1697 2586 1756 2628 me·

115 2675 217 2734 grasso
230 2660 317 2718 libero
329 2660 363 2718 sd
379 2659 466 2717 licum
479 2671 606 2735 pergunt,
628 2663 680 2735 ipsi
693 2679 723 2720 se
735 2664 794 2721 sais
809 2665 913 2722 inordi-
963 2676 1063 2734 morat,
1079 2668 1145 2739 quia
1166 2684 1237 2739 quos
1248 2677 1341 2726 auster
1357 2669 1466 2740 reprobi
1481 2667 1612 2739 teavporis
1633 2664 1756 2734 solverit,

115 2753 193 2810 natis
214 2753 360 2810 conabbus
381 2754 616 2828 limandumque
638 2757 721 2813 floris
739 2758 913 2829 cogitationis
964 2760 1017 2816 hos
1030 2759 1161 2815 nimirum
1180 2772 1238 2818 rete
1250 2761 1447 2832 implicationis
1461 2770 1543 2818 tenet
1567 2758 1640 2816 Bene
1663 2767 1754 2815 autem

114 2860 177 2902 sue
196 2847 305 2903 actibus
318 2846 502 2920 implicantur,
517 2850 597 2921 quasi
612 2864 790 2908 remansuros
804 2853 831 2907 in
845 2851 912 2907 retis
963 2868 1112 2924 pravorum
1132 2854 1206 2910 facta
1220 2855 1380 2912 describens
1393 2855 1567 2912 covvsiderare
1580 2852 1639 2911 baec
1658 2852 1756 2908 admo·

114 2938 238 2995 sinentis
252 2939 336 3012 pedes
351 2950 467 3014 ponunt.
489 2940 567 2999 Sicut
587 2942 661 2999 caim
684 2943 797 3015 quidam
810 2942 844 3000 ad
861 2944 909 3001 de·
964 2953 1012 3001 net
1032 2961 1095 3016 nos,
1117 2930 1183 3018 quia
1206 2961 1333 3019 perversa
1354 2947 1459 3020 agendo
1473 2947 1624 3020 diligimus,
1636 2946 1683 3004 sed
1696 2945 1755 3003 bae

114 3031 206 3089 rictas
215 3033 274 3104 iam
286 3032 382 3104 culpas
396 3050 444 3106 pcr
458 3044 552 3106 aperta
563 3035 688 3105 qoaedam
701 3044 793 3092 etnun
805 3035 911 3094 devicta
926 3064 946 3123 c
963 3036 1021 3094 visa
1038 3039 1065 3093 in
1078 3038 1140 3095 aliis
1162 3038 1357 3110 dijudicamus,
1378 3048 1407 3096 et
1428 3055 1490 3110 qttae
1512 3039 1539 3094 in
1561 3040 1642 3096 nobis
1662 3040 1754 3095 minus

113 3124 307 3192 retrahuntur,
333 3125 370 3181 ita
395 3125 524 3198 nonnuli,
542 3127 577 3182 ad
602 3142 633 3183 ea
658 3143 721 3199 qaae
745 3129 912 3200 reliquerant
962 3128 1137 3202 dijudicanda
1150 3131 1299 3200 eredimus,
1314 3148 1397 3205 quam
1413 3133 1470 3189 sint
1485 3132 1576 3204 turpia
1591 3132 1619 3188 iu
1635 3133 1754 3188 aliorum

115 3217 252 3285 redeunt,
277 3233 327 3289 per
355 3217 481 3290 quedam
511 3234 574 3290 que
603 3220 645 3277 vel
676 3220 827 3278 honestatis
862 3240 912 3280 no·
962 3222 1070 3279 actione
1091 3225 1308 3296 cognoscimus:
1323 3224 1502 3296 sicqnefitut
1520 3225 1555 3280 ad
1577 3224 1754 3294 semetipsam

116 3312 194 3369 suine
207 3313 250 3369 vel
265 3312 356 3370 laudis
371 3315 476 3373 borrorc
489 3314 645 3390 palliantur.
659 3312 729 3371 Nam
747 3324 812 3372 sunt
829 3317 912 3387 pleri·
961 3316 1055 3373 redeat
1068 3333 1158 3386 mens,
1173 3326 1201 3374 et
1212 3332 1293 3390 agere
1307 3317 1382 3389 quod
1402 3317 1577 3390 reprehendit
1597 3317 1752 3382 crubescat,

116 3420 174 3476 quc
196 3406 244 3478 qui
267 3406 326 3478 jam
352 3407 443 3464 alicua
464 3423 520 3464 non
535 3416 676 3479 appetunt,
687 3415 770 3479 atque
781 3409 817 3464 ab
829 3409 911 3478 huius
961 3409 1232 3480 etqoasiaspeculo
1253 3408 1327 3466 taeda
1347 3409 1432 3467 facies
1445 3408 1580 3481 displicer,
1596 3408 1661 3464 dum
1675 3424 1754 3464 mens

115 3501 214 3557 mundi
237 3501 337 3575 jurgiis
361 3502 490 3559 inchoato
502 3504 602 3575 quietis
620 3519 714 3562 amore
739 3505 909 3575 dividuntur,
960 3502 1047 3559 avita
1063 3501 1147 3558 simili
1169 3503 1195 3558 in
1212 3518 1242 3559 sc
1265 3502 1324 3574 ipsa
1339 3502 1413 3574 qaod
1431 3501 1590 3559 adversetur
1607 3500 1691 3557 ridet.
1707 3500 1753 3556 sa

114 3592 220 3649 eruditi
236 3594 323 3651 sacris
334 3594 453 3666 eloquiis
468 3596 575 3664 sitiunt,
591 3611 690 3653 vacare
702 3597 830 3668 supernis
844 3613 912 3654 con·
960 3612 1027 3669 crgo
1045 3616 1053 3653 :
1078 3595 1250 3652 Considerate
1272 3598 1380 3652 scaritos
1398 3596 1526 3664 fbemaa,
1550 3598 1646 3653 itinera
1669 3594 1752 3664 Saba,

116 3685 343 3756 templationibus
366 3688 567 3758 concupiscunt
584 3707 592 3744 z
613 3705 665 3746 nec
687 3698 777 3746 umen
798 3689 911 3760 perlecti
960 3699 986 3742 ct
998 3696 1147 3758 exspectate
1159 3687 1305 3759 paulisper.
1318 3687 1358 3743 Ac
1366 3687 1390 3745 si
1401 3697 1495 3759 aperte
1507 3689 1631 3744 diceret:
1647 3687 1753 3744 Damna

115 3777 207 3834 animi
219 3777 341 3836 libertate
354 3789 458 3836 terram
472 3797 565 3837 rerum
579 3780 755 3839 familiarium
767 3785 909 3854 deserunt,
960 3779 1042 3838 alieni
1057 3779 1188 3850 temporis
1203 3780 1346 3849 attendite,
1364 3790 1392 3837 et
1406 3790 1472 3836 tunc
1485 3795 1563 3851 spem
1583 3780 1618 3836 de
1641 3779 1753 3836 aeternis

113 3871 164 3928 cui
183 3885 255 3941 saepe
274 3872 340 3927 dum
363 3871 438 3930 licite
466 3873 601 3941 serviunt,
621 3875 704 3932 etiam
719 3891 783 3933 cam
808 3876 910 3934 illicitis
959 3872 1068 3930 firmius
1080 3873 1200 3941 sumitis,
1214 3873 1238 3930 si
1250 3880 1327 3931 recto
1339 3874 1527 3932 cordisocolo
1550 3872 1623 3945 quod
1638 3874 1664 3929 ia
1689 3875 1752 3931 aliis

113 3961 202 4034 botos
217 3964 313 4019 muudi
324 3964 424 4036 jurgiis
444 3963 629 4036 implicantur.
648 3966 773 4041 Cumque
786 3977 910 4026 terrenas
960 3964 1102 4036 displiceat
1114 3964 1224 4021 videtis.

113 4070 164 4112 ras
175 4055 302 4114 studiose
313 4057 384 4114 tueri
398 4057 566 4128 desiderant,
583 4061 676 4118 cordis
691 4063 814 4135 requiem
831 4064 910 4121 dese·
994 4055 1067 4111 Bene
1081 4063 1173 4111 aulem
1188 4055 1310 4112 dicitur:
1332 4053 1492 4126 fluviatili
1507 4056 1654 4128 paulisper·
1674 4056 1753 4129 Saetle

112 4159 182 4205 rant
196 4164 280 4220 quam
293 4150 473 4223 querebantp
490 4160 518 4207 ct
537 4167 600 4208 com
624 4154 778 4211 substantia
801 4154 909 4229 lugiens
959 4149 1032 4206 enim
1047 4150 1113 4206 dum
1132 4147 1196 4205 ritae
1208 4148 1352 4220 presentis
1366 4148 1486 4207 brevitas
1499 4150 1580 4221 quasi
1597 4150 1642 4206 dio
1655 4166 1752 4222 perse·

112 4241 249 4298 continua
263 4242 420 4314 provisione
432 4243 596 4316 protegitur,
611 4244 760 4318 conceptus
773 4247 800 4302 in
816 4248 910 4304 animo
958 4251 1087 4298 seratura
1104 4242 1237 4314 diligitur,
1249 4242 1284 4299 ab
1293 4250 1396 4299 aeoerna
1411 4259 1461 4315 spe
1474 4245 1584 4302 artimus
1603 4244 1751 4317 frangitur,

111 4335 217 4392 dirinrc
231 4336 352 4393 scientiae
366 4351 458 4393 sermo
475 4337 640 4409 dissipatur,
662 4340 727 4411 qnia
738 4339 818 4412 juxta
838 4340 908 4396 reri·
960 4344 986 4391 et
998 4336 1049 4407 51
1062 4335 1212 4394 delectatus
1223 4338 1414 4408 presentibus,
1425 4337 1624 4409 desperationis
1634 4339 1752 4411 caligine

111 4427 180 4483 tatis
194 4427 369 4496 sententiam,
383 4428 510 4485 obortum
530 4443 631 4487 semen
645 4432 731 4503 spina·
750 4432 908 4503 opprimunt
922 4425 945 4481 b
959 4428 1161 4486 reverberatur.
1181 4429 1306 4501 Cumque
1318 4428 1433 4502 longum
1446 4429 1549 4499 putarit
1568 4429 1641 4501 quod
1659 4430 1694 4486 ad
1708 4430 1752 4485 vi·

111 4536 179 4575 cum
193 4519 310 4575 verbum
322 4518 370 4576 bei
384 4536 400 4576 a
412 4522 545 4579 memoria
559 4522 722 4595 importunae
735 4533 906 4582 terrenarum
959 4519 1039 4576 vendi
1057 4521 1108 4577 sibi
1125 4522 1245 4593 spatium
1259 4530 1364 4578 restat:
1384 4528 1496 4592 repente
1516 4522 1600 4578 ritum
1622 4526 1754 4589 deserens¹

113 4628 210 4669 rerum
226 4611 426 4670 sollicitudines
440 4614 581 4686 expellant
594 4615 705 4687 (llattlr.
718 4633 779 4683 rm,
794 4617 826 4686 'l;
840 4616 907 4675 Lac.
959 4622 1060 4669 aterna
1076 4614 1180 4670 invenit
1197 4630 1260 4686 quae
1278 4614 1433 4685 sitarciam
1455 4625 1583 4687 nequeat
1600 4613 1684 4672 licere
1699 4617 1752 4671 ita·

112 4722 175 4773 svn,
190 4706 247 4775 ll).
267 4704 415 4764 Dissolutis
427 4707 522 4780 itaque
545 4710 685 4781 gressibus
700 4710 727 4766 in
741 4719 800 4767 reta
812 4712 909 4769 ambu-
959 4721 1014 4776 que
1035 4706 1136 4763 dicitur
1150 4715 1309 4778 exspectem
1330 4706 1479 4778 paulisper·
1500 4708 1565 4779 (luia
1586 4708 1752 4764 immensum

110 4796 171 4853 bnt
193 4797 241 4867 qut
261 4797 327 4853 aum
348 4799 480 4855 munaum
497 4800 617 4872 perfecte
634 4817 688 4856 noe·
709 4803 850 4871 arserunt,
865 4819 907 4862 ee-
958 4797 1087 4869 estquod
1103 4796 1162 4854 sine
1176 4797 1294 4854 termino
1309 4796 1444 4869 sequitur,
1462 4804 1491 4853 et
1508 4812 1604 4871 parom
1619 4796 1753 4868 quioquid

112 4889 249 4962 metipsos
261 4890 412 4964 gradiendo
425 4891 548 4966 obligant
561 4908 596 4948 ne
610 4893 780 4965 gradiantur.
796 4894 908 4953 litarat
958 4891 1062 4948 finitor.
1076 4889 1315 4963 Longum'quippe
1327 4891 1408 4947 nobis
1422 4890 1509 4948 videri
1523 4906 1577 4948 noa
1588 4889 1669 4948 debet
1678 4890 1753 4963 quod

112 4983 252 5051 aonnnbi,
265 4983 314 5057 qui
327 5000 383 5040 non
399 4986 489 5042 solum
504 4986 593 5042 aliena
617 5003 672 5043 non
694 4997 836 5060 appetunt,
857 5003 906 5047 vc·
958 4999 1042 5041 cursu
1056 4984 1101 5041 sui
1116 4984 1249 5057 temporis
1260 4983 1348 5040 tendit
1361 4993 1392 5040 ot
1404 4984 1515 5042 nonsit.

112 5089 178 5131 rum
195 5078 278 5133 etiarn
301 5087 401 5136 cuncta
416 5093 478 5150 quae
497 5078 641 5150 possident
660 5081 687 5135 in
710 5082 813 5138 mundo
826 5083 907 5140 dere·
994 5078 1052 5151 (78)
1071 5078 1166 5135 Austri
1179 5080 1291 5136 nomine
1305 5078 1420 5149 quilibet
1438 5077 1549 5137 ferrens
1565 5078 1663 5149 spirito
1676 5076 1751 5134 desi·

111 5167 253 5240 linquunt,
280 5170 444 5242 semetipsos
469 5171 617 5244 abjiciunt,
638 5173 740 5229 nullam
763 5176 907 5245 praesentis
958 5180 1069 5242 gnatur,
1094 5171 1167 5229 sicut
1188 5186 1238 5243 per
1260 5170 1429 5229 Ezechielem
1452 5170 1573 5227 dicitur:
1598 5169 1634 5225 Et
1658 5168 1752 5228 edaait

110 5262 177 5318 sitae
190 5262 305 5335 gloriam
324 5274 462 5337 quarunt,
476 5265 511 5322 ab
525 5264 609 5336 bajus
626 5266 721 5322 mundi
741 5283 771 5323 sc
792 5268 908 5325 actioni·
957 5267 1047 5322 meod
1062 5266 1131 5322 aicta
1143 5265 1301 5333 australem,
1316 5273 1342 5320 et
1352 5281 1411 5319 cccc
1425 5274 1504 5336 porta
1515 5279 1575 5336 qaoe
1595 5260 1751 5332 respiciebat

111 5355 167 5413 bus
190 5365 330 5428 separant,
352 5367 380 5414 et
393 5373 464 5428 pene
477 5360 611 5432 quidquid
630 5360 818 5431 prosperitatis
837 5363 907 5419 arri·
957 5362 993 5415 ad
1008 5370 1130 5416 cestram
1142 5358 1251 5431 (deecit.
1268 5374 1313 5424 rs,
1326 5358 1384 5426 ΞΑ).
1408 5354 1486 5413 Sicut
1499 5354 1636 5428 aquilonis
1648 5352 1750 5422 frigore

112 5447 192 5515 serit,
212 5448 337 5518 caleant;
362 5452 410 5507 sod
428 5460 519 5508 maren
544 5451 635 5509 adhuc
657 5453 769 5511 rinculo
788 5455 906 5513 carnalis
958 5463 1125 5526 Peccatores,
1139 5452 1180 5508 sie
1191 5466 1241 5523 per
1256 5451 1404 5507 australem
1419 5451 1491 5506 viam
1507 5448 1640 5506 ferventes
1650 5445 1750 5515 spiritu

113 5539 288 5611 cognationis
299 5540 354 5614 50
368 5543 491 5616 obligati,
505 5544 571 5601 dnm
594 5545 679 5602 amori
695 5546 906 5621 propinquitatis
957 5547 1148 5618 designantur,
1164 5545 1212 5616 qui
1226 5545 1318 5602 calore
1330 5545 1417 5601 sancti
1431 5542 1550 5615 Spiritus
1566 5538 1686 5608 accensi,
1700 5554 1748 5595 rc·

181 5658 209 5724 5)
225 5657 265 5714 lix
276 5659 323 5717 lib.
337 5677 414 5717 usn
425 5663 452 5717 in
463 5661 525 5730 iub,
540 5677 600 5725 cua.
618 5664 662 5722 26.
993 5661 1050 5731 (77)
1061 5660 1101 5716 Er
1115 5660 1163 5716 lib.
1179 5674 1217 5716 vn
1236 5661 1263 5716 in
1277 5658 1338 5725 lob,
1353 5673 1385 5714 ca
1407 5674 1484 5728 .srv,
1500 5658 1528 5716 in
1544 5650 1744 5732 principio,ii.

150 5656 209 5805 gd)
221 5727 300 5788 llam.
316 5732 360 5816 ts,
375 5734 403 5790 in
417 5731 552 5792 Ezechiel.
995 5731 1051 5810 (78)
1064 5731 1104 5789 lis
1121 5731 1201 5787 liour.
1218 5731 1261 5800 19,
1277 5731 1304 5787 in
1318 5675 1417 5786 bereg.

123 5789 128 5802 Ι
