3817 6000
62 283 70 307 -.
97 237 153 298 887
412 233 691 298 (ΙΟΜΜΕΝΤΑΒΙΙΙΜ
712 234 745 292 ΙΝ
763 233 934 293 PSALDDS.
953 264 990 277 -
1007 233 1098 291 PARS
1117 234 1138 290 l.
1156 264 1192 277 ·-
1207 232 1306 290 PSAL.
1327 233 1409 292 xvlt.
1675 235 1728 293 858

100 363 187 423 tuem,
208 355 348 427 ,empleion
373 370 435 411 eum
459 353 612 427 mmluosro,
636 351 813 410 similitudine
832 359 888 406 tate.
903 355 927 413 Α
940 349 1048 407 ciamus
1074 349 1217 406 bominem*
1230 349 1264 406 ad
1279 349 1451 423 ginragtnen,
1473 359 1503 406 et
1519 350 1728 407 similitudinem

99 450 181 522 Quod
203 448 244 508 ita
257 446 359 519 exponi
381 454 492 518 potest:
508 445 577 525 ligo,
594 445 643 518 qui
664 460 739 502 uene
764 443 889 502 morulis
939 451 1062 500 nostram
1072 441 1178 514 (lienes.
1194 458 1214 511 r,
1229 442 1286 516 26).
1304 462 1313 490 r
1328 441 1398 498 Nam
1412 451 1440 498 et
1447 457 1498 514 ego
1509 443 1687 513 singulariter
1700 445 1729 499 in

98 546 197 603 videor
209 541 259 598 tibi
269 539 351 597 Pater
362 538 514 607 dissimilis,
528 554 590 594 eum
603 537 744 610 cipilouero
758 537 786 593 in
796 552 890 594 resur·
939 549 1000 590 mea
1012 548 1128 603 persona
1140 531 1238 589 ridens
1249 543 1275 590 te
1287 533 1458 604 adimplebor
1473 531 1650 588 similitudine
1670 542 1728 602 tuo,

99 638 234 702 rectione,
246 632 376 704 implebor
386 632 562 688 similitudine
572 641 630 701 tuo,
645 632 709 704 quia
731 630 823 703 justus
844 630 890 702 ju·
939 642 1003 683 cnm
1016 628 1088 682 inter
1101 641 1146 682 me
1159 641 1192 683 ac
1204 634 1231 682 te
1243 626 1318 681 nulla
1332 627 1386 682 erit
1401 625 1496 698 glorie
1508 624 1649 693 distantia,
1672 627 1731 697 glo·

97 730 149 795 sti,
162 737 282 784 aternus
292 723 397 790 aeterni,
410 722 585 795 omnipotens
596 722 791 793 omnipotentis
800 720 890 780 Patris
940 719 1046 775 rideata
1070 719 1148 789 plene
1177 733 1212 774 ac
1242 733 1351 775 summe
1376 717 1548 774 humanitate
1576 734 1647 774 mea.
1660 720 1730 775 Cum

99 820 176 877 lilius
189 813 321 889 apparebo
331 814 481 886 conspectui
494 824 539 870 tuo
547 824 574 870 et
588 823 698 871 tuorum
709 814 767 871 sire
777 814 890 887 angelo·
939 812 1023 870 etiam
1046 810 1202 868 reformabo
1222 825 1338 882 corpora
1363 826 1487 867 mcomm
1511 812 1539 867 in
1567 812 1662 868 ultima
1685 812 1732 869 die

99 926 176 978 rum,
188 909 236 981 qui
246 907 404 965 desiderant
414 905 442 962 in
453 920 497 962 me
507 906 674 977 prospicere,
683 906 890 963 sivelrominnm
940 904 1116 976 conlrgurans
1127 920 1160 961 ea
1172 904 1282 975 corpori
1298 903 1432 961 claritatis
1444 920 1522 974 mete,
1535 915 1601 963 tunc
1611 907 1733 961 satiator

99 1003 198 1063 sienne
207 999 369 1067 videntium,
381 1007 413 1054 ut
425 998 535 1056 videant
546 998 575 1054 in
583 998 708 1070 meiusto
717 996 788 1054 Fillo
802 1007 829 1055 te
842 998 890 1070 ln·
941 999 969 1055 in
983 997 1114 1055 membris
1126 998 1195 1056 meis
1207 999 1293 1073 pluria
1304 1008 1360 1055 tun.

98 1105 177 1153 stum
187 1092 407 1150 Patremmeum.
424 1088 887 1161 ‹Deatiquiesuriuntetsitiunts
977 1090 1100 1148 Gloriam
1127 1100 1232 1148 tentam
1257 1090 1403 1148 moriendo
1423 1106 1457 1148 ac
1480 1090 1598 1148 sitiendo
1625 1091 1652 1146 in
1677 1092 1732 1147 line

97 1188 196 1245 videre
210 1194 293 1257 atque
305 1190 416 1256 gustare
430 1182 523 1240 hanes
539 1181 686 1254 justiliam,
697 1182 829 1253 quoniam
839 1182 891 1254 ipsi
940 1185 1039 1257 psalnn
1055 1185 1148 1242 dicant
1161 1199 1268 1254 omnes,
1284 1183 1332 1256 qui
1353 1185 1567 1256 speranteadem
1581 1185 1667 1257 gloria
1686 1200 1732 1241 sa·

97 1279 300 1339 saturabuntur
313 1275 424 1347 (liniti.
436 1292 464 1343 v,
479 1274 518 1347 b),
535 1294 545 1327 s
561 1283 590 1331 et
606 1289 657 1347 ego
669 1275 788 1330 aetiubor
799 1275 826 1330 in
838 1274 889 1342 eis,
942 1279 1004 1336 tiari
1021 1298 1028 1335 ι
1041 1277 1135 1335 Gloria
1145 1278 1226 1334 Petri
1240 1278 1319 1350 cujus
1331 1278 1418 1350 glorio
1435 1280 1462 1334 in
1481 1277 1552 1335 Filio
1571 1277 1733 1334 manifesta·

97 1374 168 1430 dum
179 1368 400 1430 manifestabitur
420 1367 506 1440 glorio
531 1377 588 1435 tuo,
601 1366 676 1425 Dens
688 1367 780 1435 Pater,
796 1367 824 1422 in
846 1383 890 1425 tue
941 1369 1034 1440 bitur;
1057 1370 1144 1442 glorio
1168 1369 1252 1440 Filio,
1267 1370 1315 1442 qui
1335 1370 1430 1426 eodem
1450 1369 1537 1441 glorio
1550 1385 1624 1426 notre
1638 1370 1665 1425 in
1681 1385 1733 1426 sua

97 1464 215 1524 bomine
226 1462 296 1519 lilio
307 1471 366 1528 too,
379 1463 416 1518 ita
429 1470 484 1518 ots
503 1461 594 1518 omnis
606 1460 699 1530 lingua
713 1462 886 1527 confiteatur,
942 1462 1114 1519 humanitate
1126 1463 1243 1520 satiatus
1255 1473 1308 1531 est,
1329 1474 1357 1519 et
1372 1464 1399 1518 in
1414 1463 1473 1520 suis
1489 1462 1621 1519 membris
1642 1464 1732 1520 edlruc

94 1556 168 1627 spois
176 1569 229 1627 ego
239 1551 319 1610 iesus
333 1551 460 1609 Christus
473 1552 502 1608 in
517 1550 603 1624 gloria
616 1560 663 1608 tna
678 1567 739 1608 sum
757 1550 842 1620 (onst.
858 1566 890 1620 n,
942 1554 1102 1623 satiabitnr3
1123 1553 1209 1627 glorio
1227 1552 1330 1625 Spiritu
1349 1565 1452 1623 rosseto,
1465 1554 1513 1625 qui
1527 1566 1571 1611 est
1589 1556 1634 1611 illa
1650 1555 1734 1612 satie·

99 1649 182 1720 ll).v
199 1644 277 1702 'lune
290 1646 409 1702 satiabor
421 1646 449 1701 in
461 1662 505 1702 me
519 1647 631 1717 ipso,ac
647 1646 729 1712 meis,
738 1644 823 1717 glorie
833 1655 890 1712 tuo,
942 1654 987 1702 tas
1009 1646 1102 1718 glorie
1114 1648 1157 1703 vcl
1179 1646 1366 1704 similitudinis
1379 1647 1489 1715 divine,
1506 1662 1589 1718 qtrarn
1605 1647 1735 1703 cbristus

97 1738 484 1812 tuncimpisiorsimilitudine
494 1747 553 1807 tuo,
563 1747 756 1795 consummato
764 1739 852 1804 inme,
859 1753 892 1795 ae
907 1719 929 1776 Β
943 1738 1051 1797 aPatre
1072 1739 1178 1811 accepit
1192 1755 1247 1796 non
1265 1740 1299 1797 ad
1314 1755 1483 1806 mensuram,
1500 1740 1613 1811 suisque
1629 1739 1734 1808 promi-

97 1849 152 1908 per
164 1849 208 1891 me
223 1834 251 1891 in
265 1833 345 1901 meis,
359 1832 474 1904 avitique
485 1831 677 1904 consilioque
688 1830 800 1890 dixisti:
817 1829 892 1888 sl'a·
944 1832 982 1888 sit
995 1832 1146 1890 secundum
1166 1847 1324 1889 mensnram
1339 1830 1496 1889 donationis
1507 1845 1573 1888 soe.

102 2014 843 2042 mom—.-

677 2187 942 2281 psalmos
976 2191 1137 2283 xvll.

139 2542 257 2615 Diligens
268 2551 303 2609 te,
313 2541 434 2607 Domine,
452 2535 582 2609 fortitudo
600 2551 668 2591 nno.
680 2534 711 2592 ln
723 2535 776 2593 boc
787 2535 893 2608 maimo
945 2537 1007 2593 ideo
1018 2551 1073 2592 non
1085 2536 1206 2592 erant‘in
1221 2535 1399 2596 similitudine
1412 2541 1645 2611 praevaricationis
1657 2543 1733 2613 Ades,

100 2633 301 2709 agitchristns
314 2634 413 2690 iterum
433 2631 468 2688 de
482 2637 570 2685 morte
591 2644 652 2695 sua,
674 2636 701 2685 et
720 2629 754 2685 de
768 2643 893 2686 resurre-
942 2628 1078 2701 justitiam
1092 2637 1308 2700 contemnentes,
1330 2642 1358 2689 et
1372 2643 1514 2704 peccatum
1539 2651 1619 2692 suum
1637 2637 1734 2692 deien-

100 2728 195 2785 ctione
207 2742 268 2795 sua,
283 2725 389 2797 etquid
404 2720 527 2781 utilitatis
547 2720 612 2779 inde
625 2721 791 2794 provenerit,
803 2728 832 2778 el
845 2735 894 2793 per
944 2723 1050 2779 dentes.
1066 2721 1107 2779 tu
1123 2723 1177 2780 ltoc
1196 2741 1310 2798 regnum
1336 2726 1440 2797 peccati
1460 2735 1488 2782 ct
1507 2729 1615 2797 mortis,
1632 2730 1667 2786 ad
1681 2731 1735 2788 boc

100 2834 184 2895 quos,
201 2817 246 2878 vel
258 2817 397 2893 womodo
409 2809 541 2875 evenerit.
550 2812 597 2870 Ait
608 2815 690 2873 edam
701 2815 736 2871 de
750 2812 893 2886 temporali
943 2832 1058 2888 regnum
1072 2815 1162 2875 Saulis
1174 2818 1372 2892 tyrannizantis
1382 2819 1588 2889 destruendum,
1600 2822 1664 2893 quia
1679 2840 1734 2879 non

100 2925 131 2972 et
143 2922 247 2971 aeterna
260 2911 441 2970 retributione
452 2911 603 2984 justorum,
622 2909 699 2968 etde
719 2907 849 2965 exteriori
865 2917 928 3006 etc
944 2907 1051 2966 sudecit
1069 2909 1187 2984 bloyses,
1211 2911 1285 2968 venit
1309 2912 1446 2982 legitimus
1469 2929 1517 2969 rex
1533 2929 1602 2986 puer
1626 2914 1735 2972 Dorsum

100 3006 229 3063 interiori
257 3005 434 3063 damnatione
459 3000 636 3071 iudaeorum,
662 3001 828 3074 tandemque
860 3000 895 3059 de
945 2997 1041 3057 David.
1056 3000 1103 3059 Sic
1116 3001 1219 3059 laetum
1239 3010 1282 3059 est
1296 3002 1323 3059 in
1347 3002 1465 3076 imagine
1479 3005 1593 3072 umbre,
1613 3015 1694 3078 atqtre
1705 3007 1735 3064 in

101 3097 259 3155 obedientia
280 3105 310 3154 et
328 3097 480 3154 salvatione
497 3097 630 3170 guertium.
648 3095 736 3153 llabet
749 3104 842 3152 autem
866 3093 895 3151 in
945 3095 1004 3167 ipsa
1019 3112 1110 3152 rerum
1133 3097 1256 3154 veritate.
1273 3094 1408 3171 Regnavit
1420 3099 1494 3155 enim
1511 3098 1577 3155 Saul
1592 3116 1679 3172 usque
1700 3100 1735 3157 ad

102 3191 186 3249 titulo
199 3190 240 3248 sic
258 3187 354 3262 (Vens.
373 3189 427 3261 li:
944 3187 1056 3261 bloyscn
1079 3191 1321 3259 contemnendum,
1341 3200 1369 3248 et
1385 3200 1518 3264 quantum
1541 3190 1569 3245 in
1595 3193 1655 3263 ipso
1675 3199 1736 3251 erat

102 3338 133 3382 u
160 3339 242 3382 mn
269 3338 356 3380 mm
383 3338 479 3381 mm
506 3338 598 3392 mm,
626 3339 672 3389 om
696 3337 817 3380 mcum
844 3337 895 3379 m
945 3280 1175 3339 interficiendum.
1188 3280 1299 3339 Dixerat
1313 3281 1448 3340 Dominus
1462 3284 1490 3340 in
1507 3284 1566 3355 lege
1586 3284 1736 3343 :terinet-

140 3411 227 3452 vnsst
255 3410 362 3453 csnrrcr
389 3410 471 3452 novos
498 3411 525 3452 m
548 3411 611 3461 nte,
635 3410 688 3459 ons
712 3410 822 3451 neruosa
840 3409 896 3450 nos
944 3373 1021 3445 Dium
1046 3377 1167 3449 limium
1189 3375 1311 3445 A¹¹¹³¹⁸⁰s
1330 3376 1398 3433 ⁰¹5⁰
1422 3377 1475 3433 ⁰¹¹⁰
1502 3377 1651 3448 lisdem?
1676 3379 1734 3452 (ἥ)

140 3481 177 3523 ne
195 3482 309 3523 moruus
333 3481 491 3522 tnrureonmr
509 3482 583 3535 nens,
602 3482 637 3522 nr
656 3481 690 3521 on
711 3481 782 3521 uino
801 3480 878 3521 stne.
946 3465 1622 3542 (Numanum).sltemadbloyscnss'lrade,r
1636 3471 1735 3543 inquit,

142 3555 230 3613 Dauid
242 3557 301 3628 ipsc
311 3555 492 3614 estClrristns
503 3572 567 3614 vere
581 3556 755 3625 manufortis,
766 3571 830 3612 vere
846 3556 896 3613 de·
948 3579 958 3612 r
980 3561 1033 3618 lroc
1048 3562 1077 3617 ln
1094 3562 1207 3619 auribus
1221 3561 1315 3629 Josue,
1334 3572 1361 3619 et
1375 3563 1464 3620 scribe
1478 3564 1514 3620 ob
1534 3566 1736 3625 monimentum

103 3649 271 3715 siderabilis,
285 3648 343 3720 ipse
352 3657 395 3705 est
406 3664 475 3720 puer
488 3648 607 3705 Domini.
623 3647 748 3706 Dbedivit
757 3648 830 3705 enirn
843 3646 897 3705 Do·
945 3651 974 3707 in
990 3651 1080 3709 libro:
1097 3652 1198 3710 Delebo
1210 3652 1323 3712 Amalec
1344 3655 1444 3712 desub
1465 3656 1536 3713 coelo
1551 3656 1652 3729 (deod.
1665 3673 1735 3725 xvtt,

104 3743 183 3801 mino
195 3742 270 3798 Patri
283 3752 413 3814 unquam
429 3757 497 3814 puer
510 3742 663 3800 secundum
682 3741 799 3800 iormam
813 3743 895 3801 servi.
947 3744 1004 3805 tlt.
1025 3763 1034 3798 s
1051 3742 1175 3817 Cumque
1192 3746 1341 3803 secundum
1361 3746 1420 3805 baeo
1444 3756 1547 3804 statuta
1567 3748 1652 3821 llopsi
1667 3765 1737 3821 prae-

104 3835 177 3894 lluic
186 3837 214 3892 in
229 3837 321 3907 finem,
336 3837 418 3893 idest
432 3834 658 3892 inomnimodam
671 3835 793 3892 tendenti
807 3834 898 3907 perie-
946 3839 1049 3909 ciperet
1064 3835 1174 3894 Samuel
1199 3834 1274 3894 Sauli
1296 3838 1323 3894 in
1337 3839 1421 3895 verbo
1439 3838 1559 3907 Domini,
1584 3849 1615 3897 ut
1634 3841 1738 3898 deleret

104 3928 227 3983 ctionem
243 3926 415 3984 attribuenda
429 3939 494 3985 surtt
505 3925 582 3982 melo
594 3926 693 3982 contisi
703 3927 791 3999 liujus.
807 3926 837 3983 ln
853 3927 897 3985 die
947 3929 1068 3999 Amalec,
1093 3929 1150 4000 ipse
1165 3929 1286 4001 pepercit
1299 3929 1375 4002 Agag
1389 3930 1447 4003 regi
1462 3930 1687 4001 amalecitarum,
1708 3942 1738 3990 et
1765 3918 1767 3920 ’

105 4030 210 4087 antem,
222 4022 286 4092 quio
297 4022 395 4092 eripuit
408 4037 468 4077 eum
483 4019 614 4076 Dominus
629 4021 661 4075 de
682 4037 762 4075 monti
773 4020 898 4076 inimieo·
947 4022 1058 4094 optimis
1072 4036 1183 4094 gregum
1205 4018 1233 4094 (l
1245 4020 1311 4095 ileo.
1328 4038 1375 4089 xv,
1392 4023 1431 4091 ὅ).
1444 4021 1482 4079 De
1499 4039 1554 4094 quo
1565 4033 1688 4094 peccato,
1702 4024 1737 4081 tle

105 4131 168 4171 sum
182 4115 249 4186 ejus,
264 4114 336 4170 etde
356 4130 437 4169 snonu
459 4111 537 4181 Saul,
550 4112 615 4184 quid
633 4122 676 4171 est
692 4113 745 4170 nisi
760 4110 789 4169 in
802 4112 897 4172 consi·
947 4113 1000 4170 bac
1013 4112 1139 4170 videlicet
1149 4109 1236 4186 bloysi
1250 4112 1471 4185 transgressione
1483 4128 1546 4170 cum
1558 4113 1737 4186 redarguere·

105 4206 249 4264 duratione
264 4204 414 4273 illinsdiei,
427 4220 481 4276 qun
500 4205 651 4262 resurrexit
666 4204 811 4263 amortuis
826 4205 897 4262 ultra
948 4215 994 4263 tur
1015 4222 1031 4262 a
1054 4204 1191 4272 Samuele,
1211 4206 1321 4277 culpam
1347 4205 1480 4275 defendit,
1499 4221 1554 4277 qna
1577 4204 1737 4262 defensione

104 4301 163 4371 jam
181 4315 236 4355 non
252 4298 403 4354 moriturus
421 4316 428 4352 t
445 4296 604 4355 suscitando
616 4312 734 4368 namque
748 4297 825 4353 illurn
840 4297 897 4353 eri·
912 4299 935 4354 D
948 4300 1028 4372 qnasi
1039 4298 1151 4373 Moysen
1172 4300 1272 4356 occidit
1284 4343 1290 4355 .
1304 4300 1369 4371 quia
1381 4300 1482 4367 omnis,
1496 4299 1544 4372 qni
1558 4298 1680 4356 defendit
1693 4300 1738 4353 in·

106 4391 169 4464 puit
191 4389 325 4448 Dominus
346 4392 380 4447 dc
405 4397 538 4462 potestate
563 4389 747 4458 inimicorum,
772 4388 897 4445 videlicet
946 4390 1094 4462 justitiam,
1107 4398 1239 4460 quantum
1256 4389 1284 4445 in
1305 4389 1365 4461 ipso
1387 4399 1439 4457 est,
1460 4390 1519 4460 ipse
1540 4389 1641 4446 occidit
1659 4389 1739 4461 justi·

106 4481 265 4539 Judseorum
277 4491 306 4539 ct
319 4482 451 4555 gentium,
463 4492 490 4538 ct
507 4482 540 4539 de
555 4490 688 4553 potestate
709 4482 817 4549 mortis,
837 4496 899 4553 quae
949 4483 1027 4538 tiam.
1038 4482 1103 4539 Post
1114 4483 1184 4538 banc
1196 4481 1272 4553 legis,
1285 4490 1312 4538 ct
1325 4480 1411 4555 bioysi
1422 4481 1669 4554 transgressionem
1683 4489 1739 4537 sta·

105 4585 183 4635 recte
196 4574 356 4647 intelligitur
370 4590 419 4648 per
434 4590 533 4631 nomen
546 4572 648 4642 Saulis,
661 4573 734 4646 qood
749 4574 843 4646 petitio
856 4576 899 4630 in·
949 4574 998 4630 tim
1014 4573 1140 4630 audivit:
1163 4592 1173 4626 r
1197 4572 1267 4641 Quia
1280 4572 1421 4645 projecisti
1447 4587 1601 4629 sermonem
1616 4570 1738 4638 Domini,

105 4677 284 4740 terpretatur.
298 4666 367 4724 liam
380 4669 452 4724 siout
462 4667 538 4723 illum
553 4675 648 4723 contra
663 4667 828 4723 voluntatem
843 4664 898 4721 Do·
948 4664 1065 4737 projecit
1081 4675 1107 4721 te
1120 4663 1264 4732 Dominus,
1283 4681 1318 4721 ne
1334 4665 1373 4722 sis
1393 4681 1441 4721 rex
1456 4664 1548 4738 (ibid,
1559 4664 1617 4735 23).
1637 4682 1647 4716 r
1672 4662 1739 4720 ltem

106 4760 177 4817 mini
195 4760 313 4832 populos
336 4760 413 4831 petiit
436 4759 464 4816 in
483 4774 575 4832 regem
591 4757 618 4831 (l
631 4758 694 4830 ileo.
709 4776 769 4824 vrrr,
781 4759 837 4831 lb),
859 4758 900 4815 sic
949 4772 1012 4813 curn
1028 4756 1153 4814 scidisset
1166 4757 1278 4829 pallium
1295 4755 1431 4817 Samuelis
1448 4760 1535 4832 legem
1553 4759 1737 4831 predicantis,

105 4851 208 4918 Adam,
225 4861 253 4907 et
270 4849 326 4906 Era
343 4859 440 4907 contra
454 4850 623 4907 voluntatem
643 4848 751 4905 Domini
763 4851 900 4922 petierunt
949 4848 1052 4904 dictum
1067 4858 1107 4905 est
1121 4849 1146 4905 ei
1161 4868 1168 4905 :
1184 4869 1194 4902 r
1213 4848 1325 4907 Scindet
1344 4850 1477 4908 Dominus
1497 4868 1611 4924 regnum
1626 4867 1641 4907 a
1657 4861 1693 4917 te,
1711 4861 1740 4907 et

106 4954 236 5000 mortem.
258 4943 352 5015 Regno
371 4953 463 5000 autem
480 4952 591 5014 accepto
603 4958 652 5013 per
668 4951 810 5014 peccatum
825 4961 835 4994 r
853 4957 898 4998 re·
949 4938 1023 4995 dabit
1038 4937 1105 4995 illud
1117 4940 1242 5010 proximo
1256 4950 1304 4998 too
1318 4942 1426 4999 meliori
1439 4953 1465 4999 te
1479 4942 1569 5015 (ibid,
1582 4942 1640 5013 28).
1654 4961 1664 4995 s
1679 4942 1740 4999 Sic·

106 5034 204 5107 gnavis
217 5051 303 5105 mors,
323 5034 387 5091 »ait
407 5033 565 5107 Apostolus,
583 5053 594 5087 r
611 5035 646 5090 ab
661 5033 747 5090 Adam
762 5048 849 5104 usqne
865 5033 899 5089 ad
950 5039 981 5088 ut
996 5046 1062 5103 ergo
1073 5030 1199 5089 litteralis
1217 5033 1262 5090 ille
1274 5031 1340 5091 Saul
1354 5035 1515 5106 reprobatus
1527 5046 1570 5090 est
1579 5043 1642 5105 post
1651 5032 1739 5105 bloysi

107 5128 313 5203 lloysenctiam
327 5129 356 5186 in
368 5143 426 5198 eos,
439 5129 551 5201 quinon
566 5127 787 5201 peccaveruntin
802 5126 899 5182 simili·
949 5124 1206 5197 transgressionem,
1223 5125 1264 5183 sio
1282 5137 1345 5199 post
1359 5128 1546 5185 omnimodam
1566 5128 1633 5199 legis
1648 5138 1740 5181 trans·

108 5223 233 5280 tudinem
254 5221 487 5294 prevaricationis
510 5220 576 5277 lde
597 5220 686 5292 (Rom.
699 5237 726 5288 v,
741 5219 796 5291 ll),
812 5219 899 5291 squia
949 5217 1118 5289 gressionem
1139 5233 1223 5290 regno
1239 5220 1344 5290 peceati
1365 5221 1510 5291 reprobato
1528 5221 1677 5277 suscitatus
1696 5226 1739 5277 est

108 5315 154 5371 vel
168 5313 287 5371 inientes
298 5323 387 5383 erant,
399 5322 427 5370 et
440 5313 536 5371 insola
551 5311 677 5386 originali
691 5312 770 5383 culpa
783 5320 898 5367 mortem
949 5311 1052 5368 electus
1069 5327 1137 5384 puer
1151 5311 1260 5370 Domini
1283 5329 1365 5371 verus
1388 5312 1483 5381 David,
1498 5329 1580 5386 quem
1592 5313 1633 5369 sic
1644 5326 1739 5384 perse-

109 5406 264 5467 lncidentes
274 5407 302 5461 in
316 5405 522 5462 similitudinem
534 5404 650 5462 actualis
665 5402 899 5476 prevaricationis
949 5404 1005 5460 coti
1017 5413 1082 5460 sunt
1093 5403 1212 5462 ministri
1230 5404 1336 5471 mortis.
1352 5405 1490 5478 quomodo
1502 5404 1586 5463 David
1601 5401 1738 5477 persecuti

110 5501 177 5563 tldee
191 5515 245 5557 non
262 5509 403 5559 venerant.
424 5498 467 5555 vel
488 5497 602 5569 justitiae
618 5506 756 5555 amatores
771 5496 900 5564 erentes
949 5504 1015 5555 sunt
1035 5495 1155 5556 ministri
1176 5492 1277 5556 Saulis.
1298 5494 1419 5555 'landem
1436 5495 1518 5556 Saule
1540 5507 1659 5568 mortuo,
1672 5494 1736 5569 quia

148 5675 206 5747 (la)
232 5660 361 5746 Vulpnte':
373 5671 455 5741 Cuius
469 5686 586 5730 extremo
600 5673 752 5746 perdentur.
