3817 6000
89 229 149 289 855
435 219 714 282 colttttltlttttttttt
733 222 767 278 ttt
784 222 955 281 vstbttos.
975 253 1009 262 -
1024 220 1115 277 PARS
1134 219 1199 276 1.-
1216 219 1314 277 esst.
1333 218 1389 282 hi.
1659 220 1712 278 ssi

89 343 160 400 stoli
172 342 294 397 videntes
307 345 417 406 terram,
430 337 458 393 id
473 347 526 402 est,
546 353 658 394 carnem
681 340 708 394 in
735 353 779 394 me
801 352 884 409 super
897 344 920 401 Α
935 334 1039 401 Rubro,
1053 336 1118 406 quia
1133 349 1180 390 eas
1191 334 1269 391 emisi
1285 334 1416 391 delatore
1430 350 1491 390 mco
1505 353 1567 392 cunt
1583 337 1716 410 sanguine

90 436 182 495 cmlos
194 434 352 499 exaltatam,
368 433 396 486 in
415 431 460 487 illa
481 440 552 485 terro
566 430 687 496 luerunt,
703 431 766 504 qula
789 431 817 485 in
837 444 882 486 me
932 430 985 486 sub
1000 427 1073 482 titali
1093 427 1176 497 hujus
1201 427 1403 498 inscriptione:
1422 447 1431 479 r
1454 426 1534 483 icsus
1559 427 1716 485 Nazarrnus

89 535 277 600 speraret-unt
303 539 331 580 sc
355 523 395 578 vel
417 523 538 579 membra
564 538 624 579 mea
650 523 714 579 illuc
726 522 881 589 exaltanda,
933 522 989 578 lies
1005 520 1160 576 iudaeorum
1173 518 1263 590 (loon.
1277 536 1333 586 ιιι,
1345 521 1421 591 llll.»
1437 519 1498 588 Quo
1509 520 1587 576 titulo
1601 521 1655 576 iles
1666 539 1717 594 ego

90 621 193 694 quoin
209 618 882 689 mceapitepreeccsserunt‹primitiaedormieu-
932 630 994 671 sum
1021 614 1176 684 publicatus
1209 615 1332 669 omnium
1365 613 1571 682 confitentium,
1593 617 1717 671 omniunt

89 714 165 767 tium
191 709 218 783 (l
236 709 297 766 Cor.
320 725 366 775 xv,
382 708 455 777 illle
475 729 484 761 l
511 707 628 774 Sanctis,
646 710 768 782 inquam,
784 709 883 765 talibus
932 706 1017 764 corde
1033 706 1201 762 credentium
1221 706 1410 777 adjustitiam,
1424 714 1452 761 et
1471 708 1716 763 orcconlltentium

91 803 250 873 mirificavit
264 800 510 856 omnesuoluntntes
530 818 601 856 meus
619 801 775 872 incipiendo
793 802 820 855 itt
833 801 883 862 eis.
933 799 1109 865 adsalutem,
1133 799 1205 870 qnod
1227 814 1294 868 ego,
1324 815 1405 870 quern
1426 798 1511 856 ludaei
1539 808 1716 872 negaverunt,

89 897 161 966 qnia
173 896 249 966 ipsos
267 910 341 950 meos
356 893 496 964 apostolos
507 893 613 964 pridem
629 893 751 951 inilrmos
767 901 794 948 et
815 892 884 948 idio-
933 893 1014 963 cujus
1028 893 1111 947 etiam
1128 891 1201 946 tituli
1216 893 1420 963 inscriptionem
1437 908 1612 962 corrumpere
1624 893 1717 947 volue-

90 998 139 1042 tas
154 986 240 1043 misso
251 984 386 1040 Paraclito
406 986 571 1042 confortavit
591 996 619 1041 et
633 985 788 1052 illustravit,
802 994 883 1056 atquc
934 992 1008 1050 runt,
1023 994 1096 1039 recte
1115 998 1175 1038 sunt
1190 985 1314 1041 titulatus
1336 983 1425 1047 lesos,
1453 983 1478 1039 id
1504 995 1555 1049 est,
1582 982 1717 1051 Salvator,

91 1079 133 1133 ita
144 1095 234 1134 omnes
248 1078 393 1133 noluntates
404 1096 474 1133 niens
489 1079 517 1132 in
534 1079 572 1134 eis
589 1077 752 1148 mirificavit,
768 1077 821 1132 hoc
830 1085 882 1144 est,
935 1073 1103 1141 Nazarenam,
1120 1074 1209 1142 idest,
1222 1085 1349 1140 sanctus;
1373 1073 1430 1128 tna
1442 1072 1607 1139 iudeorum,
1620 1091 1674 1130 non
1686 1076 1719 1130 il·

92 1168 260 1224 mirabiliter
274 1169 440 1240 adimplevit.
461 1169 517 1242 Ego
543 1170 633 1226 adhuc
647 1168 781 1235 mortalis,
807 1178 886 1224 ante·
934 1166 1034 1234 iorum,
1055 1167 1165 1238 quirce
1190 1180 1368 1239 negaverunt,
1387 1179 1415 1224 ct
1431 1168 1521 1223 adhuc
1545 1178 1654 1239 negant,
1670 1167 1718 1223 scd

90 1277 182 1336 quam
193 1264 220 1317 in
232 1278 313 1320 cruce
323 1277 373 1333 pro
384 1264 424 1318 eis
438 1277 571 1327 orassem,
589 1261 623 1317 de
639 1262 765 1318 tarditate
785 1260 885 1317 intelli·
933 1258 1123 1316 confitentium
1138 1276 1181 1316 nte
1200 1277 1292 1317 coram
1309 1261 1477 1328 hominihus,
1490 1270 1558 1315 utet
1575 1275 1626 1331 ego
1657 1260 1719 1315 illos

92 1355 197 1426 gentiae
209 1370 281 1426 saepc
296 1354 499 1425 increpaveram
518 1371 576 1421 eos,
589 1355 665 1411 verbi
685 1355 772 1426 gratia
790 1355 884 1410 dicens
934 1352 1067 1409 confitear
1079 1352 1346 1418 comminuentem,
1362 1358 1427 1425 quia
1441 1355 1486 1409 isti
1500 1361 1575 1421 sunt,
1587 1367 1719 1424 quosego

92 1445 201 1501 Petro:
216 1464 226 1497 ι
245 1444 319 1501 Vade
332 1454 405 1501 retro
428 1460 483 1511 me,
497 1443 625 1512 Satanas,
648 1460 701 1500 non
714 1446 786 1501 enim
798 1446 883 1517 sapis,
934 1460 968 1501 ex
981 1445 1109 1501 omnibus
1135 1447 1293 1504 nationibus
1319 1446 1392 1502 volui
1415 1447 1574 1518 congregari
1597 1446 1649 1501 sub
1661 1446 1719 1501 alas

91 1535 218 1609 quaebet
230 1544 294 1592 sunt
305 1534 403 1602 (iiam.
415 1551 475 1604 ιιι,
486 1535 655 1608 δόιςιιιιιιι
666 1535 730 1592 illiis
742 1535 884 1593 Zebedaei:
935 1537 1111 1594 brachiorum
1135 1555 1258 1594 meorum
1273 1554 1457 1610 expansorum
1477 1543 1504 1594 in
1526 1554 1617 1594 cruce.
1650 1538 1718 1594 Natu

94 1648 107 1681 r
126 1626 246 1685 Nescitis
260 1626 325 1699 quid
336 1627 451 1697 petatis,
469 1645 479 1679 i
495 1635 523 1683 ct
543 1645 550 1680 :
566 1646 576 1679 ι
591 1625 717 1695 Nescitis,
740 1627 819 1699 cuius
833 1629 886 1700 spi·
936 1629 1010 1700 quod
1021 1628 1132 1684 brachia
1145 1645 1206 1684 mea
1221 1629 1248 1684 in
1266 1630 1342 1701 ligno
1352 1628 1442 1685 crucis
1456 1644 1586 1700 expansa,
1604 1629 1660 1683 sint
1670 1643 1721 1699 pro

92 1719 169 1775 ritus
183 1718 258 1775 estis.
275 1736 286 1771 ι
299 1716 332 1773 iit
342 1717 410 1774 allas
423 1717 479 1774 dixi
494 1718 622 1775 omnihus
638 1738 645 1774 ε
662 1738 672 1771 ι
685 1720 781 1775 Adhuc
796 1732 824 1775 ct
838 1735 885 1776 vos
901 1701 988 1777 Balis
1005 1720 1142 1787 habenda,
1158 1721 1222 1776 olim
1235 1721 1397 1792 significati,
1413 1721 1523 1791 quando
1538 1723 1609 1775 inter
1620 1718 1719 1775 Sancta

93 1812 162 1868 sine
174 1811 411 1869 intellectucstis.›
422 1811 473 1867 m:
489 1830 499 1864 t
516 1809 603 1867 Tanto
613 1813 886 1882 tcmporcvohiscum
937 1825 1096 1871 sanctorum
1116 1813 1171 1868 duo
1185 1812 1323 1869 Cherubin
1347 1813 1475 1869 collocari
1491 1811 1542 1868 lccl
1555 1813 1720 1882 aliserpan·

92 1919 175 1973 sum,
185 1914 213 1960 et
226 1920 281 1960 non
293 1904 459 1977 cognovistis
471 1904 532 1960 mel
550 1922 560 1957 t
580 1902 704 1978 (licum,
716 1920 764 1974 ιιι,
774 1905 826 1973 223
839 1922 885 1974 xv,
936 1906 986 1969 sis,
998 1906 1026 1960 in
1041 1919 1158 1976 quarum
1173 1906 1339 1976 expansione
1353 1905 1440 1960 forma
1457 1906 1548 1961 erucis
1558 1904 1722 1975 exprimitur

93 1997 158 2070 ib.)
187 1996 216 2053 ιι
235 1998 336 2054 talibus
358 1997 439 2054 dictis
453 1997 607 2055 voluntates
618 2013 686 2054 meae
701 2007 829 2070 poterant
839 2014 887 2055 co·
937 1996 1039 2069 (head.
1057 2013 1122 2062 xxv,
1135 1996 1192 2070 δι).
1209 1995 1341 2052 Similiter
1359 1996 1469 2068 quando
1488 1993 1574 2052 lsaias
1596 1996 1664 2052 vidit
1677 2010 1721 2052 mc

93 2091 206 2164 gnoscl,
220 2092 321 2162 qulbus
338 2090 414 2146 nolui
439 2092 578 2162 apostolos
594 2089 753 2147 illuminari.
768 2090 821 2148 Sed
842 2092 886 2148 lo·
939 2108 949 2141 t
972 2105 1055 2161 super
1075 2090 1175 2146 solium
1199 2089 1348 2157 excelsum,
1370 2099 1398 2145 et
1426 2089 1562 2145 elevatum
1588 2087 1659 2159 (isa.
1681 2104 1720 2151 tt.

95 2184 212 2256 quenda
225 2192 253 2239 et
275 2183 399 2240 docendo
412 2183 439 2238 in
453 2184 491 2239 eis
512 2199 609 2256 parum
630 2183 743 2254 proieci.
755 2182 790 2240 m
809 2194 886 2256 post-
937 2182 976 2255 i),
998 2201 1008 2235 ι
1028 2182 1093 2255 qula
1108 2183 1242 2239 exaltatus
1254 2182 1280 2237 in
1293 2197 1374 2238 cruce
1391 2181 1483 2237 omnia
1497 2196 1573 2238 eram
1584 2190 1722 2239 tracturus

95 2292 185 2349 quam
201 2275 229 2332 ιι
241 2291 324 2332 cruce
338 2275 416 2332 orati
437 2290 486 2332 eos
500 2276 657 2332 conservari
682 2291 698 2332 a
721 2275 812 2340 Patre,
829 2276 887 2348 ipse
937 2274 971 2329 ad
982 2289 1026 2329 me
1040 2290 1088 2346 per
1109 2288 1186 2330 meos
1204 2274 1343 2344 apostolos
1360 2271 1426 2327 mih?¹
1449 2271 1660 2340 concrucitlxos,
1678 2272 1722 2328 vi·

96 2369 346 2442 Patermirificocit
359 2386 449 2427 omnes
463 2370 610 2427 voluntates
623 2388 695 2426 nicos
709 2371 811 2428 eisdem
824 2387 888 2428 sau·
937 2367 978 2424 dit
992 2383 1102 2440 quoque
1114 2366 1249 2437 Seraphin
1266 2380 1328 2422 cum
1344 2380 1393 2421 sex
1410 2365 1462 2422 ὥς
1476 2365 1504 2420 in
1528 2365 1641 2420 modum
1657 2381 1722 2422 cru·

97 2463 153 2518 ctis
165 2463 246 2529 meis,
262 2477 312 2534 pro
327 2464 429 2535 qulbus
440 2479 594 2532 oraveram,
614 2466 704 2536 primo
719 2465 748 2520 itt
768 2466 806 2521 eia
824 2480 887 2538 per-
937 2463 979 2517 cis
1005 2459 1138 2532 dgoratis,
1164 2474 1212 2530 per
1234 2458 1308 2531 quod
1340 2456 1484 2514 manifeste
1519 2457 1724 2531 significabatur

99 2552 199 2610 ilcicns
211 2554 357 2609 retentores
372 2571 455 2624 meat,
468 2555 567 2612 deinde
584 2570 634 2627 per
652 2570 701 2612 cos
715 2555 741 2611 itt
754 2556 815 2612 ullis
825 2572 889 2612 san·
938 2552 1028 2625 (ibid,
1041 2552 1084 2623 tt),
1096 2552 1226 2624 qouniam
1241 2566 1291 2623 pet·
1308 2550 1383 2623 ipsos
1397 2552 1536 2623 apostolos
1557 2551 1618 2623 igne
1634 2551 1724 2607 sancti

100 2647 168 2712 ctis,
180 2648 292 2719 pulsent
311 2647 338 2702 in
353 2657 424 2703 terra
446 2648 513 2720 ejsa,
526 2646 553 2704 in
580 2659 674 2705 sancta
696 2649 821 2705 videlicet
835 2647 888 2705 Ec·
940 2644 1059 2716 Spiritus
1080 2643 1273 2712 inflammatos,
1288 2652 1316 2699 et
1331 2642 1399 2698 mibi
1422 2641 1554 2699 crucltlxo
1567 2643 1723 2714 configura·

100 2739 201 2808 ciesia,
217 2740 348 2812 quottiam
368 2740 459 2812 primo
479 2741 532 2813 ipsi
552 2742 670 2813 apostoli
685 2757 734 2813 per
759 2742 889 2799 virtutem
939 2747 1069 2795 tostotus
1092 2737 1211 2793 mundus
1224 2751 1286 2793 mco
1308 2736 1442 2808 sanguiue
1465 2735 1632 2806 redemptus,
1652 2746 1725 2793 esset

99 2834 335 2901 Resurrectionis,
354 2844 381 2891 et
399 2834 513 2908 gloriam
539 2833 726 2902 decennonii,
748 2844 891 2908 atqueper
939 2830 992 2886 alis
1003 2828 1179 2885 brachiorum
1200 2842 1325 2884 meorum
1341 2826 1496 2883 subcrucis
1512 2827 1641 2898 mysterio
1657 2842 1723 2897 pro·

99 2922 381 2996 adventumSpiritus
391 2926 479 2982 sancti
493 2934 657 2997 acceperunt
672 2926 796 2982 notitiam
813 2925 889 2984 Scri·
938 2924 1081 2997 tegendus,
1094 2931 1121 2978 et
1131 2937 1241 2980 sursum
1252 2922 1402 2978 vehendus.

102 3028 261 3091 pturarum,
276 3027 304 3074 ct
314 3018 437 3075 omnium
454 3018 621 3091 linguarum,
634 3027 662 3076 et
676 3020 723 3092 qui
739 3020 815 3090 prius
830 3019 925 3105 ius-C
976 3018 1006 3075 ht
1021 3019 1065 3076 bis
1077 3034 1143 3091 ergo
1154 3020 1254 3074 sanctis
1272 3018 1340 3074 meis
1355 3018 1506 3088 mirificavit
1530 3035 1618 3073 omnes
1633 3018 1724 3073 nolun-

100 3120 166 3167 raot
177 3110 289 3178 intirmi,
302 3110 500 3166 convaluerunt
514 3110 547 3167 de
568 3110 736 3176 infirmitate,
752 3110 835 3168 lortes
849 3111 890 3167 ia·
941 3120 1010 3166 tutes
1026 3127 1108 3176 omas,
1119 3111 1166 3181 qui
1177 3110 1382 3181 abnegaverunt
1402 3111 1556 3166 voluntates
1572 3127 1648 3177 suas,
1662 3112 1723 3166 idco

100 3206 139 3262 cti
156 3215 222 3262 sunt
235 3204 264 3261 io
276 3205 357 3261 bello.
372 3201 475 3259 Deinde
487 3218 535 3274 per
546 3203 607 3259 illos
624 3203 702 3259 multi
713 3203 760 3258 lilii
772 3204 889 3260 civitatis
939 3203 1004 3275 quia
1019 3219 1076 3260 suae
1092 3202 1240 3258 uoluntates
1256 3203 1321 3259 visae
1338 3212 1403 3259 sunt
1414 3203 1456 3259 eis
1480 3203 1560 3259 ltedae
1588 3218 1620 3260 ae
1634 3205 1725 3275 despi-

101 3298 257 3354 ierusaiem
280 3305 344 3353 sunt
361 3294 531 3369 congregati,
559 3310 629 3366 quos
653 3310 703 3367 ego
723 3311 890 3368 congregare
940 3295 1063 3363 cabiles;
1087 3311 1155 3353 meae
1178 3310 1245 3351 vcro
1262 3296 1339 3351 mirae
1359 3306 1442 3366 atque
1467 3295 1629 3361 laudabiles,
1654 3313 1724 3367 quas

100 3388 179 3444 volui
189 3387 242 3444 sub
259 3387 317 3443 alas
333 3386 437 3458 gratiae,
448 3400 482 3442 ac
500 3384 597 3441 deinde
617 3385 679 3441 aliis
690 3383 791 3443 iudaeis
803 3387 890 3458 repel·
939 3389 978 3446 ita
1001 3389 1164 3460 mirificavit,
1190 3396 1221 3443 ut
1242 3398 1296 3443 non
1325 3388 1414 3444 solum
1439 3387 1552 3444 ardeant
1577 3389 1605 3442 in
1626 3389 1724 3445 affectu

101 3479 227 3536 lentibus
237 3478 351 3534 verbum
369 3492 472 3542 meum,
491 3484 519 3533 et
530 3484 640 3549 propter
663 3476 717 3533 hoc
729 3477 795 3547 ipsis
807 3477 890 3534 disci·
940 3491 1098 3540 sanctorum
1112 3480 1322 3543 desideriorum,
1340 3480 1388 3536 scd
1407 3479 1489 3535 etiam
1501 3480 1611 3536 luceant
1629 3480 1656 3534 in
1682 3482 1724 3536 el·

101 3573 179 3646 pulis
190 3571 259 3627 meis
270 3569 475 3627 transeuntibus
490 3569 629 3640 adgentes
649 3569 835 3641 evangelizare
847 3585 891 3625 rc·
940 3571 1013 3627 iectu
1026 3571 1201 3626 bonorumet
1219 3569 1387 3625 mirabilium
1407 3585 1531 3640 operum.
1546 3569 1606 3638 Quo
1633 3580 1726 3626 autem

102 3677 191 3736 gnum
212 3660 270 3729 Del,
283 3661 434 3716 mirilitalae
454 3667 520 3716 sunl
542 3674 630 3713 omtttt
649 3658 795 3713 voluntates
816 3674 889 3726 mett.
940 3663 1036 3719 ordine
1045 3661 1192 3717 uoluntates
1217 3662 1352 3718 meaesint
1376 3660 1403 3717 in
1420 3663 1523 3718 sanctis
1546 3664 1615 3719 meis
1629 3662 1726 3717 mirili-

102 3771 177 3829 quas
190 3754 336 3810 uoluntates
353 3753 386 3809 de
407 3751 584 3810 conversione
607 3751 726 3826 gentium
743 3771 753 3803 ι
771 3751 891 3807 ιιιιιιιι-
940 3766 1018 3817 catae,
1033 3770 1067 3809 ne
1085 3754 1148 3825 quis
1172 3754 1287 3826 ignoret,
1305 3754 1395 3809 dicam
1414 3772 1421 3808 z
1440 3755 1504 3826 quia
1531 3754 1619 3824 prius,
1641 3768 1725 3825 quarn

103 3851 189 3916 riam,
204 3847 351 3918 multisque
362 3844 452 3901 modis
462 3844 576 3915 loquens
592 3843 619 3898 in
635 3842 776 3914 prophetis
793 3862 802 3895 ι
820 3858 890 3913 prae-
940 3848 1045 3904 veniret
1057 3845 1288 3917 ildcsjustiilcans
1301 3853 1327 3901 et
1338 3845 1558 3913 miritlcanseos,
1570 3845 1725 3917 perjugum

106 3941 245 4007 nuntiavi,
262 3942 333 3995 scdr
353 3938 504 3993 novissime
519 3936 615 3993 diebus
635 3935 721 3992 istis>
739 3952 786 4007 por
807 3936 892 4006 mcip·
941 3938 1018 4011 legis,

105 4025 426 4097 suminsinuaviliiedr.
443 4026 517 4096 t,l).
542 4024 601 4081 biri
626 4026 699 4082 enim
717 4026 750 4081 de
779 4026 889 4096 prodigo
980 4029 1061 4086 Vens.
1085 4031 1112 4086 l.
1141 4028 1325 4100 Multiplicotoe
1344 4039 1405 4083 sunt
1430 4029 1599 4099 infirmitates
1622 4046 1723 4084 eorum.

105 4122 167 4179 fltio
179 4121 213 4177 ad
223 4118 330 4175 Patrem
345 4133 465 4187 reverso,
476 4133 524 4190 per
542 4134 623 4190 quctn
648 4118 892 4190 sigttiilcaturgctt-
941 4121 1085 4178 Veietiam
1096 4136 1145 4193 per
1165 4136 1253 4176 meam
1276 4119 1431 4177 doctrinam
1448 4122 1632 4193 evangelicam
1663 4132 1725 4176 satit

105 4218 177 4273 titttn
190 4214 343 4271 conversio.
363 4212 424 4269 Dixi
447 4212 535 4268 alias:
553 4231 563 4264 t
579 4209 685 4282 Nuptiae
709 4211 817 4283 quidem
842 4227 891 4283 pa·
941 4212 1126 4283 multiplicatae
1147 4211 1316 4281 infirmitates
1334 4226 1434 4277 eorum,
1451 4211 1516 4283 quia
1536 4212 1725 4268 muitasinlir·

105 4317 175 4364 ratae
190 4315 264 4372 sunt,
278 4306 325 4361 sed
337 4305 383 4376 qul
397 4305 501 4360 invitati
516 4313 604 4371 erant,
618 4319 673 4360 non
685 4302 795 4360 luerunt
806 4305 889 4376 digni.
943 4310 1053 4365 mimtes
1068 4324 1145 4375 suas,
1163 4323 1232 4379 quas
1252 4317 1332 4365 antea
1354 4308 1559 4381 ignoraverunt,
1575 4325 1625 4382 per
1636 4325 1725 4366 meam

106 4399 149 4457 lte
164 4415 230 4471 ergo
243 4399 277 4455 ad
292 4401 381 4454 exitus
396 4398 513 4465 viarum,
534 4406 561 4452 et
577 4411 756 4467 quoscunque
780 4397 885 4453 invene·
907 4387 1095 4456 ”docuinam
1121 4410 1316 4471 cognoverunt.
1338 4398 1415 4456 Unde
1437 4416 1501 4457 cunt
1520 4401 1639 4458 dicerem
1654 4402 1695 4458 eis
1716 4421 1725 4456 ε

107 4491 183 4559 ritis,
195 4490 330 4548 vocatead
340 4491 449 4561 nuptias
461 4488 571 4560 (ιιαιιι.
589 4506 656 4557 xxtt,
675 4489 727 4545 8ct
742 4489 782 4560 ll).
798 4509 807 4542 ι
826 4488 890 4545 item
947 4490 1076 4549 somnes
1097 4507 1147 4549 nos
1158 4491 1317 4548 scandalum
1341 4484 1484 4565 patiemini
1512 4494 1538 4549 itt
1560 4509 1604 4550 me
1626 4495 1653 4550 in
1674 4496 1727 4551 isto

108 4585 138 4641 in
151 4583 204 4639 alia
225 4583 354 4655 parabola
373 4584 475 4640 dictum
499 4594 540 4640 est
567 4597 647 4639 seruo
664 4601 671 4637 :
690 4600 700 4635 t
718 4582 768 4638 Exi
792 4584 846 4638 cito
865 4585 891 4638 in
942 4583 1302 4655 noctelllattli.nv1,5l),
1318 4586 1490 4641 »secundum
1508 4586 1579 4657 quod
1592 4601 1643 4658 ego
1657 4588 1726 4656 disi,

109 4678 216 4750 plateas
228 4687 256 4734 et
271 4678 347 4734 vicos
365 4676 493 4733 civitatis.
514 4674 625 4732 ritem:
645 4673 719 4730 «Exi
734 4682 761 4730 tn
781 4676 840 4731 vias
866 4686 893 4732 ct
943 4676 1127 4747 multiplicate
1151 4686 1214 4731 sent
1240 4678 1410 4748 infirmitates
1437 4695 1527 4733 eorem
1552 4694 1563 4732 .·
1591 4680 1728 4751 praecipue

109 4784 200 4840 sepes,
221 4779 248 4824 ct
264 4783 410 4840 pauperes,
425 4783 457 4823 ac
477 4767 590 4832 debiles,
613 4781 711 4830 caecos,
738 4776 765 4823 ct
781 4767 893 4823 claudos
942 4767 1017 4824 Petri
1028 4767 1156 4839 apostoli,
1171 4768 1236 4839 quia
1247 4768 1281 4824 de
1298 4783 1348 4824 sua
1369 4768 1527 4826 tortitudine
1539 4772 1727 4842 presumpsit,

110 4860 244 4930 compelle
255 4860 356 4914 intrare
372 4856 448 4928 (iac.
464 4874 503 4925 ιι,
515 4857 546 4912 ιι
563 4857 656 4929 etii).
672 4856 894 4915 ›Talibusdlctis
943 4861 1123 4932 multiplicata
1142 4870 1184 4917 cst
1208 4860 1362 4916 inllrmitas.
1375 4860 1453 4928 Quod
1474 4863 1589 4918 ideoest
1608 4862 1727 4933 permis·

110 4952 265 5008 voluntates
279 4967 355 5007 meas
366 4965 413 5021 per
433 4948 612 5023 Evangelium
630 4949 766 5006 insinuavi
779 4950 812 5006 dc
826 4965 893 5006 con·
944 4952 1193 5019 summotonus
1213 4963 1355 5009 currerent
1369 4955 1459 5010 adme
1483 4956 1631 5023 medicum,
1651 4955 1726 5027 quod

111 5044 238 5101 versione
256 5042 414 5100 ludaeorum
431 5050 459 5098 ct
486 5042 618 5113 gentium.
637 5038 714 5097 Unde
737 5041 846 5112 ousndo
860 5042 893 5098 ad
944 5045 983 5101 its
995 5043 1097 5100 iactum
1116 5053 1168 5101 est.

112 5152 221 5194 crucem
235 5137 307 5202 veni,
319 5136 366 5192 ubi
379 5135 432 5192 suh
445 5135 524 5191 titulo
547 5134 645 5205 psalmi
658 5134 740 5206 hujus
767 5144 895 5190 oratums
978 5133 1048 5191 ilem
1064 5135 1181 5207 cognitis
1194 5137 1314 5209 propriis
1328 5137 1530 5195 infirmitatibus
1546 5147 1635 5209 postea
1649 5154 1725 5193 ncce-

113 5229 229 5298 iui,non
244 5229 332 5286 solam
351 5229 456 5285 asinam
479 5228 532 5284 ieci
547 5228 615 5283 mibi
638 5227 747 5294 adduci,
763 5226 810 5283 scd
833 5227 895 5297 pnl-
944 5229 1095 5285 levaverant
1109 5244 1172 5286 cum
1197 5229 1372 5288 festinatione
1391 5240 1547 5302 querentes
1561 5229 1727 5285 medicinam

113 5323 169 5380 lum
184 5337 247 5380 cum
259 5336 291 5379 ea
313 5321 422 5395 (lintri.
434 5338 494 5392 ιιι,
507 5322 548 5393 2),
572 5322 703 5395 quoniam
729 5336 782 5376 non
805 5321 893 5377 solum
945 5321 1077 5379 sanandis
1094 5321 1297 5381 inllrmitatibns
1315 5339 1476 5397 congruam.
1500 5322 1596 5379 Petrus
1613 5331 1725 5392 aposto·

113 5416 148 5474 de
159 5414 312 5489 Synaguga,
328 5415 376 5471 sed
395 5414 477 5471 ctiam
493 5414 527 5470 de
549 5412 642 5486 gentili
663 5412 828 5483 triumphato
844 5427 895 5482 po*
944 5413 999 5481 lus,
1018 5413 1097 5484 cnjus
1111 5414 1230 5471 maxime
1248 5416 1393 5471 intirmitss
1414 5416 1465 5471 luit
1482 5414 1671 5485 multiplicata,
1685 5414 1726 5470 le·

113 5510 178 5583 polo
199 5525 274 5569 cram
297 5509 462 5566 collecturus
487 5507 605 5575 electos,
628 5522 698 5580 quos
714 5507 894 5563 assimilarem
945 5505 1080 5562 stinantcr
1094 5527 1104 5560 ι
1117 5505 1636 5580 egressuslorashevitamarellinulr.
1652 5522 1727 5575 rxvt,

113 5600 247 5675 equitatui
261 5617 323 5659 meo
338 5602 366 5658 in
386 5597 514 5658 curribus
535 5599 688 5657 Pharaonis
712 5599 893 5667 conterendis,
946 5597 1005 5670 75).
1021 5618 1031 5653 ι
1045 5597 1132 5671 Cuius
1143 5601 1270 5671 exemplo
1283 5598 1373 5656 adbuc
1384 5609 1512 5670 peccator
1521 5598 1635 5671 quilibet
1652 5598 1730 5655 ieras

114 5696 272 5769 stinaquis
284 5694 412 5768 baptismi
422 5693 627 5766 submergendis
639 5703 769 5765 unquam
782 5692 810 5750 in
824 5692 894 5750 mari
945 5690 1093 5765 egreditur,
1112 5691 1222 5765 quando
1241 5700 1392 5766 peccatum,
1407 5692 1480 5764 quod
1503 5692 1578 5753 intus
1602 5692 1728 5752 occulta·
1828 5692 1832 5707 ‘
