3817 6000
40 197 130 257 15115
378 196 656 257 contrectantur!
675 199 708 255 IN
725 199 896 257 cssttlos'.
915 232 951 243 -
968 201 1058 257 etus
1078 201 1109 257 l.
1128 232 1163 242 —
1179 202 1278 260 estu.
1299 203 1394 261 xcix.
1631 201 1700 264 1111

40 313 183 369 trabitur
196 314 231 369 ab
243 313 522 371 oribusdetonsisvci
534 314 691 387 pinguibus.
703 314 861 373 sicutenim
876 322 901 378 A
915 327 976 388 post
991 327 1104 375 rrrortem
1119 329 1171 382 est,
1186 319 1263 391 graeei
1274 318 1301 375 in
1317 321 1422 378 somnis
1442 320 1558 379 viderint
1578 339 1608 380 se
1630 324 1702 381 divi·

45 421 129 461 oves
146 421 163 460 1
180 405 242 460 larva
259 406 456 473 detonduntur,
475 407 512 462 ita
527 407 578 477 ipsi
592 410 627 463 ab
648 410 778 466 omnibus
791 409 862 466 diri·
913 412 966 468 tias
984 411 1123 479 babuisse,
1135 413 1212 485 quusi
1227 414 1255 469 in
1268 414 1391 486 glorinet
1402 415 1506 473 honore
1518 416 1612 474 inisse.
1624 417 1704 477 Titne

44 501 103 557 tiis
121 501 187 556 suis
200 512 361 567 eruuntur3
379 510 407 556 et
420 502 489 557 sicut
505 502 621 574 pingues
635 517 699 560 ores
712 503 862 560 comedam
913 515 1004 561 autem
1024 505 1052 561 in
1068 522 1132 561 vcra
1148 506 1259 563 miseria
1275 522 1304 563 se
1320 508 1438 564 sentient
1448 525 1520 576 esse,
1531 519 1559 566 et
1574 511 1625 567 ista
1641 528 1698 568 om·

46 606 116 658 tur,
135 597 180 651 sie
195 595 246 665 ipsi
262 596 297 649 ab
318 594 444 651 incendic
462 603 673 652 consumuntur.
689 595 858 666 iiorsdepo·
912 597 958 652 nia
974 598 1052 668 puori
1075 597 1181 654 sonnria
1204 598 1359 656 evanuisse.
1382 598 1452 657 iusti
1474 612 1566 658 autern
1580 613 1644 661 suot
1657 582 1704 663 bie

48 698 113 744 acet
131 704 190 751 eos,
206 688 258 741 boe
272 695 325 752 est,
348 700 404 741 non
427 687 464 741 ita
489 697 631 743 consumet
653 703 703 743 cos
725 704 815 758 poena,
833 697 862 744 ut
910 689 988 760 guasi
1007 689 1110 757 tristes,
1134 689 1171 747 ibi
1187 700 1278 747 autem
1303 693 1438 749 veraciter
1461 711 1569 767 semper
1583 697 1704 769 gauden-

50 782 211 844 iiniantur,
237 781 308 837 sieut
334 795 400 836 oves
426 790 555 837 comestae
578 781 728 845 titulantur:
752 782 799 837 sed
824 782 861 836 ita
912 790 963 837 tes.
988 780 1038 837 llic
1054 782 1131 853 quusi
1150 781 1220 837 nibil
1242 782 1385 851 babentes,
1402 784 1439 840 ibi
1454 786 1547 841 onrnla
1561 787 1704 856 possiden·

51 895 135 932 mors
159 877 282 947 depascet
305 892 359 943 cos,
386 884 416 931 ut
439 875 491 932 bos
514 892 568 930 non
594 875 725 931 radicitus
748 876 860 931 berbam
914 882 964 929 tes.
979 871 1081 943 impius
1104 873 1225 931 moriens
1245 891 1296 929 uon
1318 885 1403 930 sunus
1419 891 1511 933 secum
1525 879 1625 947 omnio,
1642 894 1704 950 quac

52 968 153 1034 vellit,
173 968 221 1023 sed
237 968 424 1023 snmmitatem
440 967 587 1030 abscindit,
610 965 791 1022 substantiam
812 982 860 1022 eo·
912 965 958 1020 irie
979 964 1084 1030 babuit,
1106 975 1205 1036 practer
1225 966 1283 1022 sola
1307 977 1430 1037 peccata,
1454 968 1481 1022 in
1499 968 1599 1039 quibus
1614 969 1642 1025 in
1658 970 1704 1026 1111

54 1075 124 1113 rum
140 1074 197 1114 non
213 1058 369 1123 imminuat,
392 1058 439 1114 sed
455 1072 564 1128 semper
589 1058 782 1115 discruciando
804 1068 862 1113 tor·
911 1057 998 1127 patria
1019 1056 1202 1125 cruciabitur;
1219 1057 1266 1128 ‹prri
1280 1057 1307 1111 in
1331 1057 1383 1113 ista
1399 1070 1481 1130 super
1495 1075 1630 1130 pauperes
1643 1076 1705 1132 pre·

53 1165 159 1227 queat.
911 1150 991 1206 tiusis
1011 1150 1133 1206 vestibus
1153 1148 1333 1221 gloriabatur,
1353 1166 1404 1207 nec
1418 1153 1506 1222 glorio
1519 1153 1576 1224 ejus
1597 1171 1656 1208 eum
1673 1169 1703 1209 eo

94 1245 163 1301 Alia
179 1243 322 1300 translatio
338 1241 441 1299 babet:
460 1242 533 1297 11111
555 1252 594 1297 est
609 1252 701 1313 postor
715 1258 816 1307 eorum,
834 1254 862 1297 et
911 1243 1050 1297 descendet
1069 1242 1097 1297 in
1122 1242 1251 1314 abyssum
1275 1240 1531 1314 profundissimam,
1558 1260 1613 1316 quo
1628 1244 1705 1300 solus

54 1338 194 1393 diabulus
210 1335 380 1406 intelligitur.
398 1333 562 1391 sicutenim
587 1334 714 1391 cbristus
740 1332 796 1388 rita
819 1344 862 1391 est
911 1333 1059 1390 descendet
1072 1334 1215 1406 inglorius,
1227 1334 1318 1405 inops,
1331 1334 1431 1401 imdus,
1444 1335 1545 1392 nudus.

55 1441 161 1504 pastor
173 1432 323 1502 justorum,
340 1430 377 1484 ita
392 1428 519 1485 diabolus
536 1445 612 1485 tuors
628 1438 721 1499 pastor·
734 1428 786 1485 erit
806 1428 861 1483 iru·
950 1426 1031 1483 tras.
1047 1427 1091 1483 iti.
1113 1426 1184 1493 Quia
1199 1428 1291 1483 onimu
1309 1429 1367 1498 ejus
1387 1428 1415 1482 in
1436 1429 1489 1483 citu
1505 1429 1587 1500 ipsius
1600 1427 1705 1483 bencdi-

57 1525 190 1597 piorum.
912 1521 992 1586 111111,
1005 1519 1031 1575 11
1045 1529 1088 1577 est
1102 1519 1129 1573 in
1145 1519 1197 1575 bac
1207 1528 1314 1575 tanturn
1331 1520 1396 1588 rita,
1412 1530 1473 1592 quae
1484 1529 1526 1577 est
1538 1522 1633 1592 ipsius,
1650 1521 1704 1577 sci-

103 1617 189 1672 llens.
205 1616 249 1671 ib.
282 1614 465 1671 i'eruntlumeu
499 1613 570 1670 licus
599 1616 707 1671 redimet
743 1616 861 1670 unirnom
911 1611 976 1667 licet
998 1609 1049 1667 sibi
1074 1625 1216 1678 concessa,
1234 1612 1382 1677 exaltatur,
1405 1624 1421 1667 a
1444 1612 1503 1669 suis
1524 1612 1705 1684 corripiicilurs

59 1727 154 1765 orcum
169 1711 201 1763 de
212 1725 293 1762 muru
303 1707 394 1777 inieri,
410 1706 463 1762 boc
478 1717 532 1771 est,
547 1706 582 1762 de
594 1715 729 1778 potestate
741 1706 859 1770 Tartari,
875 1674 897 1729 B
911 1703 1049 1769 laudatur,
1065 1718 1080 1757 a
1101 1704 1219 1773 pruciis
1241 1704 1268 1760 in
1285 1706 1343 1761 suls
1365 1705 1510 1761 desideriis
1524 1704 1704 1761 benedicitur.

59 1821 125 1859 cum
148 1801 278 1870 occeperit
299 1816 350 1865 ure,
374 1798 400 1853 id
425 1808 469 1854 est
489 1813 551 1854 curn
567 1812 657 1852 meam
682 1807 806 1853 naturam
833 1800 860 1852 in
911 1796 1087 1866 Confitebitur
1105 1795 1165 1862 1111,
1177 1797 1311 1851 eumdem
1326 1794 1419 1867 feceris
1438 1797 1472 1863 ci,
1487 1797 1570 1852 idest
1584 1795 1706 1852 laudabit

61 1909 147 1949 suarn
162 1892 293 1947 licitatem
310 1890 468 1959 sumpserit,
483 1899 510 1945 et
524 1904 567 1944 me
585 1890 610 1943 ei
635 1890 805 1945 consimilem
821 1890 860 1945 ic·
912 1900 948 1955 te,
972 1904 1035 1946 cunr
1054 1889 1214 1959 temporalia
1236 1888 1345 1946 dederis
1365 1890 1401 1945 ei.
1419 1888 1454 1945 Et
1472 1905 1526 1945 non
1550 1890 1639 1947 solum
1662 1890 1706 1945 bis

2 2020 3 2029 .
62 1985 147 2041 ecrit.
166 1982 296 2053 Sequitur
310 1996 363 2036 vor
375 1980 479 2037 Christi
495 1980 633 2036 monentis
648 1999 654 2034 ε
910 1982 993 2039 bonis
1004 1982 1120 2049 carebit,
1132 1983 1180 2038 scd
1194 1990 1220 2038 ot
1235 1996 1333 2053 peenas
1346 1980 1467 2039 babebit.
1484 1981 1553 2038 Nam

103 2075 189 2131 l'rrns.
205 2076 250 2130 ii.
273 2073 315 2130 Ne
330 2076 425 2129 timeus
438 2072 530 2146 [Vulg.
552 2073 683 2146 timueris]
713 2091 772 2129 cunr
789 2074 860 2130 diues
946 2075 1032 2133 Vens.
1050 2074 1096 2132 ab.
1110 2074 1237 2131 iutroidit
1250 2090 1331 2147 usqne
1342 2074 1517 2147 inproperia
1527 2084 1634 2146 puteum
1644 2092 1707 2131 auo·

64 2170 156 2240 [oetam
170 2168 253 2239 [uerit
266 2167 355 2236 dorne,
369 2177 393 2222 ct
405 2184 467 2221 cum
484 2166 662 2239 multiplicato
676 2168 756 2238 [uerit
775 2167 861 2239 glorio
912 2186 982 2236 runt,
998 2169 1091 2235 idest,
1108 2168 1257 2226 descendet
1271 2154 1360 2240 usque
1374 2169 1407 2224 ad
1422 2169 1499 2224 illurn
1522 2170 1612 2226 locum
1625 2211 1633 2235 ,
1648 2185 1704 2239 quo

62 2262 162 2315 domus
183 2261 251 2331 ejur-
285 2260 362 2315 iiioer
378 2260 480 2315 dicitur
493 2276 509 2331 a
523 2258 600 2326 diuo,
616 2258 642 2314 id
668 2269 711 2316 est
730 2261 777 2331 qui
802 2271 862 2331 post
911 2256 1273 2320 descenderuntimitatorcs
1284 2262 1407 2332 priorum
1424 2263 1583 2332 impiorum,
1598 2262 1706 2334 quiens

64 2366 184 2413 rnortem
198 2369 228 2413 nt
239 2357 306 2413 deus
324 2356 449 2421 babetur,
463 2355 510 2428 qui
524 2355 603 2427 quasi
627 2353 699 2413 licus
719 2354 787 2410 nibil
803 2371 862 2411 cre·
912 2357 940 2412 in
958 2357 1078 2429 peccatis
1092 2363 1303 2428 generaverunt.
1325 2352 1473 2428 Progenies
1490 2356 1626 2411 malorum
1647 2371 1705 2411 cre·

66 2450 144 2503 ditm
163 2449 296 2520 indigere.
323 2446 411 2501 durno
433 2447 477 2503 lric
502 2434 552 2517 pro
576 2458 718 2517 peccatore
739 2447 860 2519 ponitur,
912 2450 952 2522 pit
976 2448 1084 2516 aCain,
1110 2465 1172 2520 quae
1198 2449 1321 2519 quotidie
1336 2448 1364 2503 in
1385 2448 1558 2504 tenebrosam
1574 2447 1704 2520 abyssum

64 2542 114 2611 qui
130 2556 160 2596 se
173 2539 374 2596 formidabilem
388 2540 450 2595 aliis
468 2538 543 2609 iacit,
561 2539 626 2595 dum
638 2539 702 2610 iura
726 2540 862 2612 equitatis
912 2540 1062 2608 descendit,
1079 2539 1230 2612 risquedum
1247 2541 1275 2596 in
1289 2539 1393 2597 ultimis
1422 2550 1478 2595 tota
1493 2538 1573 2595 simul
1590 2538 1618 2594 in
1631 2551 1708 2595 reuc-

67 2633 231 2689 contemnit.
267 2631 375 2688 Divitia
398 2632 443 2688 lric
465 2631 654 2703 intelliguntur
676 2632 704 2687 in
727 2631 860 2702 pecuniis,
912 2631 977 2689 bras
991 2632 1142 2689 exteriores
1160 2632 1293 2688 mittetur.
1315 2628 1394 2686 {lude
1407 2630 1554 2702 sequitur:
1573 2626 1660 2700 Uagrre
1678 2628 1707 2683 in

69 2724 158 2797 gloriu
169 2724 263 2780 domus
277 2723 305 2779 in
318 2723 470 2780 bonoribus
484 2731 512 2779 et
524 2723 713 2795 dignitatibus.
729 2722 862 2779 Hostiles
912 2736 1041 2783 (eternum
1055 2744 1107 2782 non
1124 2725 1221 2783 ridebit
1241 2725 1340 2781 iumen.
1361 2723 1432 2792 Quis
1453 2721 1530 2795 impii
1547 2722 1592 2778 lric
1614 2723 1707 2776 lnmcrr

69 2800 167 2872 timent
189 2832 333 2888 pauperes.
359 2815 407 2872 Vel
431 2817 513 2873 etiam
539 2816 629 2884 multi,
653 2833 716 2873 eum
743 2832 860 2887 neqnarn
912 2821 1036 2877 veritatis
1050 2820 1201 2891 refugiunt,
1220 2818 1280 2874 ideo
1291 2818 1319 2872 irr
1334 2815 1472 2887 perpetuis
1482 2812 1603 2870 tenebris
1614 2822 1707 2880 erunt,

71 2907 198 2964 immines
210 2908 327 2965 viderint
339 2909 424 2979 glorio
440 2919 467 2965 et
480 2908 584 2965 divitiis
601 2910 708 2976 llorere,
726 2924 757 2965 se
769 2919 860 2964 autern
912 2912 960 2968 ubi
977 2913 1085 2969 ratione
1099 2911 1174 2967 exuti
1188 2909 1248 2967 sine
1262 2907 1417 2981 cognitione
1431 2904 1479 2962 Dei
1494 2918 1602 2975 seraper
1613 2911 1704 2958 eruut.

70 3015 162 3071 egere,
180 3002 271 3056 timent
284 3017 327 3057 res
349 3001 511 3058 burnanasa
526 3001 582 3059 lieo
597 3003 706 3075 negligi,
720 3011 748 3059 et
768 3002 861 3058 omnia
876 3021 897 3079 g
914 3007 948 3063 Et
962 3008 1070 3063 merito.
1084 3005 1153 3073 Quia

72 3090 186 3149 fortuito
197 3109 263 3149 casu
279 3091 348 3148 deri.
374 3090 422 3147 llis
445 3092 564 3148 dicitur:
581 3110 612 3147 ne
635 3094 755 3148 timuerit
771 3093 861 3149 bomi-
950 3099 1032 3156 llras.
1049 3098 1096 3154 tt.
1114 3096 1200 3152 iiomo
1214 3112 1275 3151 eum
1290 3095 1319 3150 in
1332 3093 1431 3148 bonore
1443 3100 1520 3155 estet,
1533 3105 1585 3145 non
1601 3086 1706 3143 intelic-

73 3202 146 3254 item,
161 3188 226 3258 quia
238 3187 310 3240 1111118
323 3194 377 3253 esi,
391 3187 494 3256 81111111
510 3194 553 3241 881
566 3185 708 3256 gloriosus,
726 3201 775 3242 nee
793 3201 860 3258 prti·
914 3197 954 3250 xii
968 3194 1064 3260 Deumt
1078 3200 1247 3261 compagum
1268 3197 1307 3244 ege
1321 3186 1349 3241 1η
1369 3185 1424 3240 giga
1433 3183 1562 3255 'fumeum
1577 3179 1706 3250 insipien.

73 3289 133 3350 riter
153 3280 273 3346 divitias,
296 3295 346 3334 nec
362 3289 470 3350 propter
488 3275 665 3347 multiplicent
681 3276 792 3334 familie
812 3292 863 3349 po·
916 3286 1006 3353 tibus,
1022 3293 1050 3339 ct
1068 3283 1098 3337 in
1113 3289 1203 3337 morte
1221 3278 1318 3334 uincitis
1335 3278 1423 3349 [octus
1443 3284 1482 3330 ert
1505 3271 1571 3328 11111.
1591 3269 1707 3340 Etonia

74 3381 207 3429 testatem.
916 3386 947 3432 ut
964 3390 1047 3446 pecus
1057 3372 1134 3437 visit,
1149 3381 1176 3427 et
1198 3384 1249 3425 nec
1263 3368 1389 3424 moriens
1406 3364 1493 3421 licum
1513 3360 1707 3418 1111111111-

110 3463 191 3521 Vens.
207 3465 251 3520 18.
266 3463 627 3531 011111111111111111νί1νί1,
641 3472 791 3516 consumet
807 3475 864 3514 om·
917 3483 980 3524 men
996 3464 1134 3537 coguovit,
1152 3463 1214 3518 ideo
1228 3461 1290 3520 sine
1313 3459 1367 3514 tine
1382 3458 1410 3513 in
1435 3453 1555 3512 tenebris
1571 3463 1599 3509 et
1617 3448 1707 3522 pomis
1736 3459 1740 3470 ¹

76 3558 131 3626 niu,
146 3557 228 3614 idest
245 3558 313 3613 nibil
327 3558 450 3613 omniunt
467 3557 624 3612 divitiarum
650 3568 762 3610 suarum
778 3562 863 3608 sumet
916 3558 979 3615 erit.
992 3555 1055 3612 ilaee
1073 3563 1153 3621 sunt,
1169 3569 1231 3623 qnae
1245 3567 1293 3607 res
1312 3563 1409 3605 omnes
1431 3555 1526 3619 gentes
1539 3543 1636 3601 audire
1654 3557 1704 3596 ro·

77 3666 183 3716 secum;
199 3667 280 3722 neqrrc
300 3650 437 3705 descendet
449 3665 508 3705 cum
525 3666 555 3704 eo
571 3648 657 3720 glorio
670 3646 727 3716 ejus
744 3645 778 3701 ad
793 3643 863 3701 irrie·
916 3648 977 3715 luit,
993 3648 1045 3703 troc
1058 3655 1099 3702 cst
1111 3644 1236 3716 enigma,
1253 3641 1325 3713 quod
1345 3641 1372 3694 in
1388 3639 1446 3709 lege
1461 3648 1489 3694 ct
1509 3638 1536 3692 in
1562 3633 1708 3706 Erangeiin

78 3758 130 3800 vrrs.
152 3739 221 3796 Nota
244 3741 300 3797 duo
321 3741 409 3812 quusi,
432 3757 518 3797 unnrrr
546 3739 668 3811 injustis,
684 3735 757 3791 aliud
778 3735 863 3806 justis
914 3738 1068 3812 proposuit.
1085 3735 1142 3790 liae
1155 3733 1394 3790 solutioneomncs
1409 3729 1535 3785 immines
1549 3723 1702 3795 adnnptias

78 3834 230 3891 ascribitur.
245 3833 314 3889 Cum
331 3834 393 3905 quis
406 3833 440 3889 de
458 3847 557 3888 sonmo
576 3828 752 3902 evigilaverit,
774 3827 860 3883 dicit:
915 3831 1044 3889 Ecclesiae
1058 3843 1212 3902 praeparare
1229 3821 1345 3882 inorruit.

81 3925 137 3983 lidi
152 3943 194 3983 mc
206 3927 284 3998 guasi
299 3926 476 3992 manducare,
490 3926 569 3998 quari
590 3923 692 3980 bibere.
714 3921 753 3978 111
769 3919 861 3991 impiis

88 4070 1696 4115 ...-....-.......-........----—--—--—-

647 4274 913 4372 PSdLMUS
947 4272 1121 4362 xlix.

121 4631 184 4686 licus
195 4631 302 4684 deorum
319 4625 446 4698 Donrinus
462 4624 693 4690 institucionem.
881 4619 956 4678 litio
971 4613 1148 4678 describitur,
1164 4608 1281 4681 etqnasi
1297 4607 1370 4678 regis
1385 4607 1526 4677 ingressus
1536 4602 1569 4658 ad
1583 4601 1707 4658 discum-

305 4734 339 4772 or.
353 4731 505 4773 rreutsrsn
520 4729 635 4769 nurrrrs.
917 4710 1030 4774 beutes,
1046 4721 1079 4761 ac
1093 4718 1148 4759 non
1170 4701 1285 4757 vestitos
1300 4706 1376 4754 reste
1390 4696 1506 4767 nuptiali
1525 4693 1588 4765 ejici
1609 4693 1707 4765 pracci-

121 4810 245 4883 Superior
259 4809 381 4880 psalmus
399 4808 453 4881 egit
463 4808 496 4863 de
509 4806 563 4872 iris,
578 4804 625 4875 qui
644 4803 677 4859 ad
696 4803 805 4874 nuptias
821 4819 866 4857 re·
916 4800 1017 4872 pientis
1030 4794 1193 4869 exprimitur
1205 4811 1214 4861 ;
1228 4799 1369 4864 postremo
1383 4787 1484 4844 Christi
1496 4784 1708 4858 1111111111ἰοί1-

90 4904 142 4959 nire
153 4901 298 4968 nolebarrt;
315 4900 360 4956 bic
371 4915 436 4956 vero
449 4907 547 4954 tractat
561 4897 595 4952 de
610 4895 664 4961 iris,
679 4895 725 4965 qui
739 4909 792 4949 non
803 4910 866 4950 curn
917 4901 957 4949 ter·
969 4888 1094 4947 bonrines
1106 4884 1187 4957 quasi
1202 4883 1276 4955 regis
1291 4881 1420 4938 allocutio
1432 4880 1466 4936 ad
1479 4879 1622 4944 convivas,
1640 4876 1705 4947 quid

91 5004 157 5052 reste
174 4992 288 5064 nuptiali
303 4992 482 5059 intraverant,
498 5005 569 5063 quos
590 5003 637 5044 rer
653 4986 714 5058 ejici
729 5001 866 5057 praecepe·
918 4982 1052 5055 agendum
1066 4979 1168 5051 quidve
1182 4974 1360 5032 devitandum
1383 4974 1440 5040 sit,
1456 4980 1577 5027 notatur.
1598 4966 1707 5023 Titulus

94 5099 137 5143 111.
150 5086 185 5143 ibi
199 5086 301 5143 dicitur
315 5075 389 5156 guod
405 5086 433 5140 in
449 5084 494 5140 die
504 5083 575 5139 rnala
588 5082 711 5147 timeant,
722 5080 769 5151 qui
785 5080 812 5134 in
825 5079 866 5134 di·
918 5085 981 5132 est:

92 5181 157 5235 vitiis
170 5179 321 5243 confidunt,
333 5193 396 5249 quae
408 5177 466 5232 dics
474 5176 518 5231 irie
528 5173 669 5240 scribitur,
677 5172 788 5243 quando
795 5170 867 5226 [teus
1111 5161 1206 5235 (Vens.
1223 5160 1262 5232 i.)
1289 5172 1405 5215 mutuus
1419 5171 1511 5212 astru.

94 5269 226 5328 roaniieste
253 5268 346 5324 veniet
367 5278 395 5324 et
409 5268 480 5340 iguis
493 5268 521 5322 in
546 5273 693 5337 conspectu
709 5264 769 5335 elus
787 5280 868 5318 erar·
953 5258 1042 5328 Asopis
1057 5264 1116 5312 erat
1130 5254 1261 5326 magister
1278 5259 1434 5314 cantorum,
1448 5247 1569 5317 optimus
1582 5244 1706 5299 musicus

94 5367 182 5421 desem
197 5362 311 5419 Sumrna
324 5360 423 5433 psalmi
435 5359 506 5415 cirea
523 5361 598 5415 irone
610 5357 749 5414 cardinem
772 5371 865 5410 versa·
918 5343 937 5407 1
948 5349 1031 5405 David
1044 5347 1157 5420 psalmis
1171 5344 1302 5402 canendis
1320 5340 1469 5398 adbibitus.
1492 5336 1597 5393 [licitur
1613 5343 1705 5437 autem

95 5470 140 5524 rur,
151 5457 219 5528 quod
235 5455 341 5527 primus
357 5452 461 5508 Christi
475 5452 607 5506 adrentus
620 5449 664 5506 iric
676 5448 755 5522 quasi
772 5444 865 5518 sponsi
919 5441 1006 5512 druplr
1028 5439 1210 5512 congregotio,
1234 5445 1261 5492 ct
1281 5436 1418 5507 siguificat
1436 5446 1602 5506 sypagugam
1619 5427 1706 5528 ildelrs

96 5549 190 5622 rnrptias
205 5546 373 5604 instituentis
383 5542 601 5617 praenuntiatum
617 5541 715 5597 deinde
729 5537 867 5595 sccimdus
916 5523 1619 5605 popuiipatriaccirarumetpropbetarumadventum
1629 5517 1707 5574 Clur-

96 5639 181 5696 11111ιί
195 5637 338 5703 adrernns,
357 5646 384 5692 et
400 5636 535 5691 bonorum
554 5633 742 5701 maiorumque
755 5646 865 5700 septua-
917 5624 950 5680 sti
977 5620 1194 5693 praenuntiantis.
1216 5617 1266 5677 ilic
1281 5618 1424 5691 psalmus,
1449 5615 1475 5673 id
1498 5622 1540 5671 cst
1560 5614 1610 5671 istc
1624 5612 1704 5683 inpru-
