3817 6000
189 255 262 315 tots
673 249 829 309 deshont
844 245 1041 309 semenstri
1057 246 1333 308 REIOEERSPERG.
1754 250 1826 308 abts

188 389 235 445 pro
245 369 593 441 consiliobcncdictionem
605 384 621 425 a
632 379 709 440 patre
722 369 852 437 obtinuit,
863 384 914 441 pro
925 381 980 440 qua
995 367 1018 429 Α
1032 363 1129 434 lortes,
1148 366 1228 437 quasi
1252 363 1334 421 terrei
1363 373 1456 421 scetes
1475 360 1638 421 tortioribus
1669 363 1826 429 rationibus

187 466 283 524 iratris
295 464 368 522 Esau
383 464 604 536 persecutionem
623 463 763 519 sustinens
776 461 922 529 exsulavit,
937 468 980 517 at·
1031 459 1222 528 destruuntur,
1247 474 1311 516 cum
1327 458 1470 516 verissime
1495 455 1597 515 dicitur
1617 476 1625 514 ε
1650 477 1661 511 ι
1677 456 1756 516 Sicut
1775 466 1825 531 per

169 576 242 633 ,que
254 559 281 615 in
298 558 397 615 exsilio
408 572 459 614 suo
471 554 690 628 perpetiendum
701 552 981 613 servitutisoiilciosae
1030 552 1115 609 unius
1126 550 1247 608 hominis
1261 550 1476 609 inobedientiam
1492 561 1651 622 peccatores
1673 551 1825 609 constituti

187 652 258 709 duas
273 656 414 706 uxoreset
431 647 581 702 multarum
598 660 693 717 greges
705 644 800 700 ovium
822 643 978 715 acquisivit,
1029 644 1209 702 suntmulti:
1235 644 1276 702 sic
1292 653 1319 700 et
1332 659 1382 715 per
1403 643 1487 700 onius
1500 642 1621 700 hominis
1637 642 1826 728 obodigntiam

187 750 216 798 ct
233 750 372 813 postremo
387 739 445 810 ipsc
463 737 620 809 patriarcba
644 735 881 808 patriarcharum,
901 744 980 807 pater
1027 736 1095 809 justi
1121 738 1323 795 constituentur
1347 737 1426 792 multi
1441 735 1530 808 (Rom.
1550 752 1591 803 rr,
1605 735 1691 808 llll.»
1718 735 1753 792 Et
1771 737 1826 809 ipsi

185 835 284 904 plenus
308 833 433 896 dierum,
452 830 596 901 appositus
614 837 657 885 est
674 828 708 885 ad
723 839 815 900 patres
833 842 900 886 suos
916 845 923 884 :
940 828 980 884 ita
1029 829 1157 888 homines
1170 830 1290 898 liberati,
1305 830 1354 901 qui
1368 838 1460 887 restro
1474 828 1592 901 imperio
1616 829 1825 899 contradicunt,

186 923 238 993 ipsi
253 920 402 993 quaerendo
424 920 520 990 {adem
536 917 585 973 Dei
599 917 682 972 Jacob
700 925 841 975 sectantur
854 916 978 988 exempla
1029 923 1173 980 verissime
1183 922 1298 980 dicunt:
1314 921 1405 979 ‹Cum
1416 922 1505 978 adhuc
1516 930 1674 992 peccatores
1685 936 1825 992 essemus,

184 1017 320 1073 virtutum
344 1013 449 1081 Jacob,
480 1011 644 1083 simpliciter
660 1010 817 1068 habitantes
836 1010 864 1066 in
883 1009 979 1067 Eccle·
1028 1013 1155 1073 Christus
1169 1030 1220 1087 pro
1238 1015 1457 1077 nobismortuus
1467 1024 1520 1071 est.
1538 1013 1625 1071 hlulto
1637 1014 1726 1087 magis
1738 1013 1826 1087 igitur

185 1115 246 1180 sia,
266 1113 347 1184 onjns
373 1110 420 1182 pio
450 1107 546 1165 lavore
570 1105 800 1163 benedicuntura
815 1100 977 1171 DeoPatre,
1028 1105 1445 1178 iustihcatinuncinsangulnc
1459 1107 1547 1179 ipsius
1574 1107 1641 1164 salri
1667 1106 1825 1164 erimusab

185 1208 258 1264 sicut
271 1206 370 1263 Petrus
385 1203 539 1276 apostolus,
554 1217 617 1259 eum
633 1208 789 1258 servaretur
806 1200 834 1255 in
850 1213 976 1265 carcerc,
1028 1198 1071 1254 ira
1085 1213 1134 1270 per
1152 1198 1254 1295 ipsum.
1272 1197 1396 1264 sienim,
1411 1213 1475 1255 cum
1491 1198 1596 1255 inimici
1613 1213 1806 1266 essemus,rc

183 1307 211 1355 et
225 1296 315 1355 oratio
329 1297 407 1353 tieret
420 1296 455 1352 ab
467 1294 590 1352 Ecclesia
605 1293 640 1349 ad
653 1291 740 1348 mum
764 1306 815 1363 pro
833 1306 878 1357 eo,
900 1309 910 1343 ι
926 1290 976 1344 be·
1030 1269 1172 1348 coneiliaii
1187 1307 1284 1349 sumus
1300 1290 1356 1347 Deo
1365 1306 1415 1363 per
1427 1299 1544 1347 mortem
1557 1290 1619 1346 Filii
1637 1290 1719 1363 ejus:
1732 1289 1823 1347 multo

183 1389 371 1446 nedictionem
387 1387 503 1458 accepit,
517 1396 545 1444 et
562 1384 780 1442 misericordiam
794 1399 810 1439 a
822 1382 877 1439 Deo
899 1381 976 1440 salu·
1027 1385 1117 1457 magis
1131 1385 1299 1444 reconciliati
1314 1385 1382 1442 salvi
1394 1385 1499 1441 crimus
1513 1385 1541 1443 ln
1557 1383 1612 1441 vita
1627 1385 1715 1456 ipsius
1729 1384 1822 1455 (Rom.

184 1483 237 1539 tari
251 1496 303 1540 suo
316 1481 387 1552 (Art.
404 1497 454 1549 xu,
470 1480 519 1551 h),
537 1498 546 1532 ι
567 1480 605 1537 ita
617 1487 648 1535 ut
659 1477 763 1533 diceret
779 1497 785 1530 ι
803 1472 906 1531 «Nunc
918 1476 977 1532 scic
1028 1493 1056 1546 v,
1069 1476 1155 1549 clo).
1175 1497 1186 1529 ι
1214 1474 1355 1534 llabuistis
1375 1476 1498 1548 quidem,
1514 1490 1574 1533 ros·
1589 1476 1728 1548 principes
1741 1476 1822 1546 mali,

182 1590 268 1642 vere,
287 1574 351 1645 quia
369 1573 444 1629 misit
458 1571 531 1627 Deris
557 1568 685 1641 angeium
702 1583 804 1636 suum,
831 1576 858 1623 et
874 1566 976 1638 eripuit
1028 1570 1110 1641 qnasi
1136 1568 1228 1642 portos
1255 1585 1358 1649 ereas,
1384 1580 1413 1626 et
1439 1577 1530 1625 vectes
1554 1567 1675 1635 lerrcos,
1707 1566 1822 1640 qnando

131 1682 133 1685 ’
181 1664 273 1722 mede
287 1678 370 1720 manu
383 1661 510 1729 herodis,
525 1662 598 1718 etde
612 1658 688 1718 omni
702 1659 906 1731 exspectatione
921 1658 976 1729 ple·
1026 1673 1170 1735 peccatum
1199 1662 1350 1734 «regnavit
1371 1660 1506 1718 abaciam
1536 1675 1623 1732 usque
1645 1661 1679 1716 ab
1696 1659 1821 1732 boysen,

180 1758 225 1816 bis
251 1755 408 1812 tudaeorum
436 1753 526 1826 (itte,
551 1753 607 1824 ll).
638 1772 649 1805 ι
684 1749 792 1808 Extunc
812 1749 911 1809 Petrus
939 1751 973 1807 ad
1025 1754 1109 1811 etiam
1124 1754 1152 1810 in
1169 1752 1595 1826 eos,quinoupcccaveruntiu
1610 1751 1822 1808 similitudinem

125 1836 133 1855 ‘
181 1846 329 1907 salvandas
347 1854 442 1918 gentes
456 1843 764 1916 persequeretudairo
782 1843 895 1914 populo,
910 1858 974 1899 car·
1025 1846 1260 1920 prevaricationis
1279 1845 1355 1915 ana,
1378 1845 1426 1918 qui
1454 1853 1514 1901 erat
1532 1842 1620 1901 forma
1641 1842 1726 1900 tutori
1739 1844 1821 1915 (ibid.

181 1939 237 1994 nali
261 1938 344 2003 Esau,
359 1936 480 1994 directus
506 1937 639 1992 instantio
666 1934 870 2009 predicationis
893 1935 974 2005 quasi
1025 1938 1104 2008 xxv);
1122 1957 1133 1990 ι
1149 1936 1197 1994 sed
1210 1944 1357 2008 postquam
1371 1935 1456 2003 venit,
1467 1935 1516 2007 qui
1536 1942 1597 1991 erat
1609 1932 1731 2002 iuturus,
1744 1949 1823 1991 nunc

180 2030 360 2085 nuasuxores
374 2026 531 2097 aequisivit,
544 2026 610 2098 quia
630 2026 776 2098 magistros
793 2024 974 2082 eeclesiarum
1025 2028 1138 2101 dignum
1149 2035 1201 2096 est,
1214 2036 1245 2082 ut
1259 2046 1269 2081 ι
1285 2027 1470 2085 conlimantur
1481 2026 1601 2082 llomino
1621 2026 1822 2082 eliseumrdiae

180 2123 215 2179 ad
238 2123 370 2177 virtutem
389 2119 519 2175 eximiam
534 2118 779 2190 contemplationis
805 2127 834 2175 ct
855 2117 974 2175 actionis
1024 2117 1096 2189 eius,
1110 2127 1137 2175 et
1147 2117 1283 2174 mirabilia
1298 2116 1359 2189 ejus
1370 2116 1436 2174 liliis
1448 2114 1602 2185 bominum,
1616 2117 1680 2190 quia
1687 2116 1822 2173 contrivit

181 2210 351 2280 informavit,
365 2225 414 2282 per
428 2226 499 2285 quos
511 2210 615 2267 multos
625 2224 721 2281 greges
736 2208 830 2265 ouium
841 2208 901 2281 ipse
925 2224 975 2281 pa·
1024 2219 1120 2281 portas
1143 2224 1239 2277 ereas,
1258 2217 1286 2265 et
1313 2218 1404 2266 vectes
1432 2207 1537 2266 lerreos
1566 2208 1702 2280 confregit
1727 2208 1820 2280 (Prot.

182 2312 240 2360 stor
261 2303 354 2361 ouium
371 2302 459 2373 pascit
482 2302 579 2359 sedulo
593 2317 729 2375 peragens
751 2301 870 2358 officium
889 2301 975 2358 sibia
1025 2317 1090 2367 cnr,
1113 2301 1170 2372 lli),
1191 2320 1202 2355 ι
1228 2301 1295 2357 dum
1318 2311 1347 2357 ct
1370 2303 1474 2372 pcccati
1489 2316 1605 2372 regnum
1620 2300 1768 2369 destruxit,
1791 2308 1822 2356 ct

180 2393 306 2468 principe
318 2402 460 2466 pastorum
478 2393 652 2465 injunctum,
668 2391 716 2448 ubi
729 2392 755 2449 ei
774 2391 852 2448 tertio
869 2392 974 2449 dictum
1024 2409 1140 2467 regnum
1152 2393 1269 2464 iustitie
1282 2393 1436 2459 suscitavit,
1462 2394 1535 2450 sicut
1560 2392 1625 2449 olim
1654 2393 1822 2464 promiserat

179 2496 243 2544 est:
259 2487 369 2555 «Petra,
380 2486 527 2543 amasmel
536 2500 711 2558 pasceagnos
722 2504 731 2539 ι
744 2484 787 2542 uel
802 2503 811 2538 ι
824 2500 974 2544 ovesmeas
1024 2485 1119 2543 dicens
1138 2504 1146 2542 t
1166 2503 1176 2540 ι
1192 2485 1265 2544 Ecce
1276 2486 1335 2545 dies
1349 2485 1468 2551 venient,
1481 2485 1548 2541 dicit
1564 2483 1707 2553 Dominus,
1724 2494 1754 2542 et
1769 2501 1820 2543 su-

179 2578 272 2654 (Joon.
288 2596 336 2647 xx,
350 2579 456 2650 lli-ll).
472 2597 482 2630 ι
1025 2578 1131 2635 scitabo
1144 2577 1228 2635 Dauid
1244 2592 1357 2650 germen
1374 2577 1493 2650 iustum,
1519 2586 1548 2633 et
1569 2577 1696 2650 regnabit
1718 2594 1779 2645 rex,
1790 2586 1822 2635 et

214 2673 282 2731 Post
293 2672 404 2728 Petrum
418 2673 572 2743 apostolum
587 2673 615 2729 in
634 2673 687 2729 hac
698 2673 875 2745 generatione
893 2690 972 2745 quse·
1024 2670 1134 2742 sapiens
1157 2669 1219 2739 erit,
1243 2677 1270 2726 et
1291 2668 1374 2730 lacict
1399 2669 1546 2741 judicium,
1569 2679 1596 2727 ot
1615 2670 1753 2742 justitiam
1784 2671 1817 2727 in

179 2765 301 2821 rentium
314 2763 415 2837 laclem
432 2763 480 2820 Dci
502 2763 588 2822 Jacob
607 2766 733 2822 nonnulli
758 2766 884 2823 similiter
911 2766 975 2822 imi·
1025 2759 1275 2834 terrallemxnr,
1297 2760 1336 2833 5).
1360 2780 1370 2813 ι
1399 2759 1469 2817 Ecce
1487 2761 1542 2817 hoc
1563 2768 1607 2818 est
1621 2760 1769 2831 judiciem,
1786 2770 1818 2816 ut

179 2867 276 2913 tantur
288 2855 383 2924 Jacob,
402 2864 430 2911 et
444 2856 497 2927 ipsi
513 2871 580 2912 ores
600 2864 628 2912 et
641 2872 728 2927 agnos
745 2856 894 2928 pascendo,
911 2872 975 2928 per·
1024 2853 1153 2925 princeps
1164 2852 1260 2908 mundi
1272 2851 1401 2924 ejiciatur
1410 2852 1487 2909 lonas
1502 2852 1536 2909 de
1559 2852 1669 2923 templis
1678 2863 1707 2908 et
1723 2853 1820 2909 cordi·

179 2949 348 3007 secutionem
364 2947 457 3005 iratris
468 2948 588 3007 carnalis
601 2948 723 3018 terendo,
745 2949 931 3021 patriarchas,
945 2948 974 3005 id
1024 2944 1087 3012 bus,
1100 2958 1162 3017 quae
1177 2942 1290 3000 incubat
1305 2961 1312 2997 ε
1328 2950 1357 2999 et
1368 2942 1426 3000 hare
1436 2950 1479 2999 est
1493 2943 1616 3015 justitia,
1630 2951 1661 3000 ut
1682 2942 1755 2999 sicut
1768 2958 1819 3015 pes

179 3057 222 3100 est
235 3039 337 3097 electos
355 3040 427 3097 tilios
446 3055 495 3111 per
517 3039 693 3110 Evangelium
711 3040 857 3112 gignendo,
871 3048 898 3096 et
913 3049 974 3096 tan-
1026 3036 1109 3093 unius
1122 3034 1243 3092 bominis
1259 3045 1405 3106 peccatum
1425 3035 1529 3107 posteri
1553 3036 1615 3107 ejus
1630 3044 1766 3092 venemnt
1787 3036 1818 3094 iu

179 3132 242 3186 dem
256 3130 336 3186 beato
360 3132 414 3186 line
443 3146 506 3186 oum
525 3131 650 3202 patribus
663 3131 841 3203 quiescendo.
865 3130 974 3187 Conve-
1024 3127 1241 3194 damnationem,
1275 3127 1315 3184 sic
1344 3129 1497 3199 peronius
1522 3127 1644 3184 hominis
1665 3127 1817 3198 iustitiam,

179 3222 287 3280 nientcr
306 3222 389 3295 igitur
403 3222 505 3278 intulis
520 3223 655 3294 colusque
673 3223 760 3295 patris
772 3223 851 3280 beata
864 3222 974 3294 requic-
1023 3222 1182 3293 quicunqne
1204 3220 1244 3276 illi
1267 3235 1317 3291 per
1338 3219 1418 3278 iidem
1431 3222 1655 3292 incorporantur,
1673 3220 1819 3277 adamna-

180 3316 257 3373 tione
277 3317 400 3387 psallens
416 3314 538 3372 Ecclesia
555 3316 622 3372 dicit
643 3332 652 3373 s
672 3315 724 3370 llic
739 3316 852 3386 accipiet
864 3315 973 3370 henedi-
1023 3314 1098 3369 tione
1108 3312 1165 3368 sint
1178 3312 1269 3380 liberi,
1296 3320 1351 3368 mm
1373 3312 1412 3369 illi
1427 3312 1552 3384 quicum
1567 3320 1714 3370 vetaturum
1729 3311 1819 3368 lldcli·

179 3407 293 3466 ctionem
310 3408 469 3476 chemino,
482 3416 509 3463 ot
525 3409 738 3464 misericerdiam
754 3407 972 3464 obtrectatori
1024 3413 1065 3459 ter
1076 3412 1316 3475 exspectaverunt,
1338 3420 1422 3476 quarn
1437 3404 1563 3475 quicum
1587 3404 1617 3460 in
1635 3418 1721 3460 carne
1744 3418 1819 3474 pras·

178 3518 237 3559 seo.
258 3500 292 3557 Et
306 3516 341 3556 ne
365 3509 476 3572 putetur
492 3516 594 3572 parvus
614 3516 676 3559 esse
701 3517 833 3558 uunrems
857 3502 971 3570 talium;
1023 3508 1127 3555 sentem
1156 3508 1330 3570 receperunt.
1367 3498 1533 3571 «Quotquot
1551 3499 1626 3556 enim
1654 3508 1819 3571 receperunt

178 3595 213 3649 de
225 3593 358 3664 singulari
371 3595 504 3650 transitus
518 3592 549 3649 lit
561 3592 596 3649 ad
609 3592 755 3665 pluralem,
772 3609 834 3651 cum
847 3594 947 3650 dicitur
963 3612 970 3648 ε
1022 3608 1085 3649 eum
1097 3633 1106 3660 ,
1120 3593 1195 3650 dedit
1208 3591 1249 3650 cis
1269 3600 1431 3663 potestatem
1449 3592 1520 3649 lilios
1544 3592 1593 3648 Ilei
1604 3591 1663 3648 lieri
1683 3590 1776 3665 (loon.
1794 3609 1816 3659 ι,

180 3684 246 3744 tloec
274 3693 313 3740 est
329 3686 463 3757 generatio
483 3686 658 3757 querentium
672 3685 833 3755 Dominum,
852 3702 972 3758 queren-
1023 3686 1080 3756 le).
1097 3704 1107 3739 r
1124 3683 1158 3741 lit
1177 3693 1313 3757 quotquot
1323 3699 1387 3742 eum
1414 3684 1655 3755 recipientesque
1677 3684 1707 3740 in
1729 3684 1817 3741 linem

88 3801 92 3808 ·
180 3778 246 3832 tiam
261 3776 358 3847 sociem
370 3774 420 3832 bet
430 3775 523 3833 tacet.
1023 3779 1126 3846 sacculi,
1138 3778 1215 3834 tlnblt
1224 3778 1266 3837 eis
1279 3797 1290 3832 ι
1305 3786 1468 3850 potestatem
1483 3777 1555 3835 illios
1569 3776 1618 3834 Dei
1631 3779 1702 3847 lieri,
1725 3799 1735 3832 ι
1750 3795 1818 3836 cum

214 3868 370 3940 biapsalma
401 3869 446 3926 hic
473 3870 675 3942 interpositum,
699 3886 715 3926 a
745 3871 826 3928 dictis
855 3871 971 3929 dicenda
1022 3872 1099 3943 prius
1118 3870 1220 3928 luerint
1247 3870 1297 3927 tllii
1322 3869 1544 3942 praevaricatoris
1566 3870 1633 3925 hdm
1658 3885 1817 3942 perquem

178 3959 322 4032 distinguit
346 3959 414 4017 satis
431 3974 562 4032 congrue,
596 3963 661 4033 quia
687 3962 741 4018 hoc
768 3963 829 4018 loco
859 3971 971 4018 mutan·
1021 3973 1180 4036 peccantem
1207 3973 1293 4035 porte
1318 3963 1416 4020 mortis
1438 3970 1536 4019 erectae
1557 3971 1632 4031 sunt,
1663 3978 1816 4034 perquem

179 4059 246 4116 tur,
269 4058 297 4105 et
329 4051 470 4107 rariarrtur
499 4051 671 4122 loquentium
705 4067 841 4123 persone.
867 4051 969 4108 doute·
1021 4056 1104 4112 etiam
1118 4070 1169 4111 sua
1185 4062 1296 4126 peecata
1309 4061 1486 4110 excusantem
1513 4052 1738 4111 etdclensantem
1761 4069 1819 4109 ess·

177 4150 249 4196 stata
260 4141 334 4197 enirn
349 4142 453 4199 Christi
473 4143 675 4199 resurrectione
692 4158 725 4199 ac
736 4142 875 4199 declarata
892 4142 973 4200 Chri·
1021 4148 1083 4203 dem
1111 4154 1197 4217 portae
1224 4145 1303 4216 quasi
1325 4144 1449 4201 vectibus
1472 4142 1572 4201 lerreis
1603 4145 1718 4201 firmatas
1735 4153 1815 4202 sunt.

177 4233 266 4289 stiana
278 4234 411 4306 religione
423 4242 510 4305 portae
523 4235 621 4291 mortis
633 4233 829 4306 precipiunlur
845 4234 969 4293 auferri:
1023 4238 1076 4295 Sed
1089 4239 1153 4311 quia
1169 4239 1220 4294 iste
1236 4237 1375 4294 morundus
1393 4238 1480 4294 Adam
1496 4252 1547 4294 nec
1561 4237 1696 4309 peccarit,
1721 4252 1817 4310 raeque

176 4325 268 4396 primo
281 4326 372 4382 uerbis
388 4328 561 4397 angelcmm,
584 4328 633 4398 qui
656 4326 742 4383 ileum
758 4327 969 4385 descendentem
1022 4339 1123 4395 mmen,
1141 4344 1205 4385 cum
1221 4326 1292 4384 laiso
1306 4335 1485 4384 accusaretur
1496 4337 1559 4383 ante
1569 4326 1699 4397 Pilatum,
1710 4337 1817 4384 sernet·

176 4414 212 4471 ad
231 4414 539 4487 inlernsprevenerunt.
554 4415 693 4473 Namcum
706 4416 764 4473 llex
777 4417 872 4489 glorie
885 4417 970 4475 Chri·
985 4422 1009 4478 b
1023 4423 1114 4494 ipsum
1136 4420 1288 4488 excusarit,
1314 4429 1400 4491 porte
1428 4421 1526 4476 mortis
1539 4419 1686 4477 contracte
1706 4420 1817 4479 occido·

176 4517 238 4564 stus
252 4506 389 4564 internum
407 4509 593 4566 debellaturus
611 4510 735 4578 intraret,
750 4518 778 4567 et
799 4510 901 4568 cltorus
917 4527 968 4568 an·
1020 4522 1095 4581 runt,
1107 4519 1198 4568 vectes
1212 4510 1293 4567 lcrrei
1305 4511 1414 4567 contriti
1428 4521 1502 4568 sunt.

176 4600 280 4673 gelicus
293 4610 357 4658 ante
371 4601 469 4658 laciom
481 4603 541 4672 elus
551 4612 643 4673 portas
654 4603 808 4675 principum
825 4602 882 4660 tolli
896 4619 968 4674 pras-
1055 4603 1149 4677 lgitur,
1166 4602 1334 4675 opriucipes
1347 4601 1505 4671 inlernalcs,
1517 4613 1636 4676 quorum
1650 4619 1735 4660 suasu
1748 4620 1817 4677 pas-

176 4692 290 4764 ciperct,
305 4692 362 4751 illio
382 4695 502 4766 primum
517 4695 618 4752 auditae
630 4705 696 4753 sunt
713 4710 795 4751 voces
813 4694 968 4768 imperiose
1020 4707 1119 4756 susest
1130 4699 1262 4754 innocens
1278 4697 1389 4769 injuste,
1402 4699 1529 4754 amittere
1543 4699 1741 4756 debetisetiam
1751 4713 1816 4766 cos,

175 4783 326 4840 dicentium
341 4805 346 4841 :
760 4837 762 4842 .
1019 4805 1090 4861 quos
1104 4790 1270 4847 videbamini
1283 4791 1362 4862 quasi
1374 4805 1407 4847 ex
1420 4791 1527 4861 justitia
1545 4790 1696 4862 possidere.
1715 4789 1818 4846 Toltiu

211 4872 294 4932 Veas.
312 4875 338 4931 7.
353 4875 706 4950 Tolliteportos,principes,
721 4888 830 4935 uermes.
845 4876 968 4947 Quibus·
1019 4882 1112 4954 itaque
1130 4891 1220 4954 portos
1243 4891 1354 4950 oestrus,
1372 4883 1468 4950 tollito,
1487 4898 1558 4954 quas
1579 4882 1746 4939 videbamini
1763 4883 1817 4941 ha·

175 4966 238 5022 dam
248 4967 364 5038 justitie
375 4969 527 5028 rationibus
544 4970 661 5028 lontibus
671 4971 754 5028 veluti
771 4971 867 5027 lerreis
881 4969 968 5026 vecti·
1020 4975 1085 5031 bere
1097 4975 1213 5046 justitiae
1224 4990 1334 5043 causas,
1355 4975 1538 5032 obmutescite
1564 4975 1612 5032 illo
1626 4976 1767 5043 veniente,
1783 4976 1816 5033 in

174 5059 229 5118 bus
259 5070 351 5131 portos
378 5071 479 5117 uestros
503 5061 651 5118 obdrmare
678 5063 818 5130 solebatis,
844 5062 967 5134 quandiu
1018 5082 1074 5138 quo
1088 5067 1217 5139 princeps
1234 5077 1326 5124 nester
1341 5082 1399 5126 non
1422 5068 1505 5124 babet
1527 5068 1690 5140 quidquam.
1704 5067 1741 5124 m
1762 5083 1816 5125 vos

174 5152 360 5223 conscriptum
372 5152 617 5210 contrahominem
631 5153 845 5226 chirographum
865 5155 966 5212 recita-
1018 5158 1155 5215 aureolos
1177 5168 1272 5230 perte,
1297 5159 1423 5216 videlicet
1441 5158 1520 5225 tides,
1547 5175 1623 5230 spes,
1646 5168 1674 5215 et
1686 5160 1814 5217 charitas

176 5245 261 5313 batis,
278 5244 437 5302 drmissimc
449 5247 610 5312 astruendo,
630 5249 814 5318 quodrestrae
826 5248 965 5318 potestati,
1019 5249 1566 5323 (loon.nrv,30),sleoomini.Qoasionim
1575 5250 1814 5323 depresseluistis

174 5344 322 5409 vestroque
335 5337 459 5394 dominio
473 5339 536 5410 jure
551 5339 705 5409 subiaceret
719 5340 876 5397 homocum
889 5341 966 5397 omni
1017 5342 1044 5397 in
1056 5340 1221 5414 profundum
1246 5358 1296 5400 ros
1308 5344 1447 5400 eternales
1470 5353 1555 5414 porto
1574 5344 1629 5400 illis
1656 5345 1685 5401 in
1702 5342 1814 5402 tutem

175 5442 227 5483 aua
242 5430 401 5498 posteritate
419 5431 486 5502 :qui
502 5447 566 5488 cum
579 5431 649 5488 liber
665 5429 772 5498 luisset,
786 5441 884 5504 sponte
899 5448 966 5490 con·
1017 5433 1145 5503 detentis,
1158 5450 1190 5490 ac
1202 5449 1271 5505 pene
1283 5435 1447 5506 desperatis,
1462 5437 1510 5508 qui
1528 5451 1676 5494 nnncecee
1695 5443 1813 5495 mutant

176 5528 300 5574 senserat
315 5520 598 5593 adsuscipieudum
588 5538 685 5594 jugum
701 5533 887 5594 peccatorum,
909 5540 967 5597 quo
1017 5534 1113 5581 nostro
1134 5533 1163 5581 et
1177 5525 1286 5581 illorum
1300 5525 1620 5585 llominoadveniontc:
1639 5526 1813 5585 «advenisti

175 5605 241 5673 jugo
255 5609 405 5665 trahendus
417 5620 492 5667 esset
507 5613 534 5667 in
547 5611 696 5668 infernum
719 5613 772 5669 Sed
785 5629 849 5670 ecce
874 5626 966 5672 vectes
1017 5617 1215 5685 desiderabilis,
1237 5633 1319 5689 quern
1334 5619 1584 5691 exspectabamus
1578 5635 1605 5674 ιιι
1627 5619 1760 5688 tenebris,
1776 5627 1812 5677 ot

177 5689 259 5751 lcrrci
283 5697 504 5775 confringuntur,
530 5703 595 5778 quia
622 5705 741 5762 rationes
765 5712 873 5775 vestre,
902 5705 965 5763 lieet
1017 5710 1147 5768 educeres
1160 5712 1212 5768 hae
1227 5720 1308 5769 nocte
1322 5712 1476 5770 vinculatos
1496 5714 1530 5770 de
1544 5714 1699 5806 claustris:
1712 5722 1740 5771 te
1757 5728 1811 5770 no·
