3817 6000
57 248 126 305 slot
380 243 658 302 communitatum
679 244 712 299 ts
732 243 902 301 assertos.
916 243 1047 300 -Pnus
1065 244 1095 300 ll.
1112 276 1148 284 -
1163 199 1262 302 estu.
1282 245 1363 303 XXV.
1621 245 1698 340 tint}

53 371 90 416 art
102 356 346 431 nor'trrepupinniae
362 357 441 427 liujus
454 375 505 412 non
516 360 741 429 praesumptionis,
760 359 805 412 red
815 358 849 412 ti·
864 368 886 422 Α
901 356 1194 429 archipresbyteratum,
1209 371 1256 413 aut
1281 360 1519 419 commendationes
1551 363 1690 436 altarium,

55 454 141 509 moris
157 469 266 508 cansam
279 452 360 522 [victe
372 463 558 516 mortstremns,
575 452 667 506 lentus
681 452 750 507 idem
761 468 851 522 prosc·
901 461 949 506 out
963 452 1119 506 traditiones
1144 450 1325 507 Ecclesiorum
1345 453 1453 510 vendere
1465 471 1474 509 .·
1488 458 1607 528 quisquis
1628 475 1697 513 cort··

51 547 151 616 quitur
164 542 317 613 :Quisquis
335 553 430 599 contra
445 541 642 610 simoniacam,
660 544 849 615 etneoplqto-
901 544 1018 610 duxerit,
1034 553 1081 599 ont
1105 545 1260 612 vendiderit,
1284 555 1332 600 aut
1358 551 1462 616 emerit,
1485 551 1626 606 anathema
1643 555 1691 610 sit.

53 653 122 694 rum
143 637 269 693 heresim
283 650 334 707 pro
360 635 441 690 cilicii
456 635 499 691 sui
514 636 576 691 loco
596 637 771 692 veliementer
794 651 849 692 noir
900 637 994 691 lmen.
1007 636 1042 691 Et
1057 638 1244 708 responderunt
1264 655 1353 695 omnes
1373 642 1450 695 tertio
1467 642 1564 709 :Eion
1577 646 1636 715 piot.
1695 620 1699 629 ¹

50 730 168 797 arserit,
182 744 246 785 cunt
260 743 293 784 eo
314 744 368 783 uon
391 743 421 783 se
434 727 540 783 dubitet
564 727 664 783 habere
686 727 849 798 portionem,
934 728 1056 784 Audiam
1077 729 1129 785 ista
1152 729 1310 786 conductitii
1333 740 1361 787 et
1379 733 1560 791 conductores
1587 737 1691 803 clerici,

53 821 106 893 qui
122 821 200 892 prius
212 819 264 875 hoe
278 819 419 891 piaculare
432 819 571 876 commisit
585 818 727 890 flagitium.
747 818 849 886 Quibus
900 827 983 891 atque
1002 836 1036 876 en
1051 820 1105 885 his,
1130 837 1191 893 quae
1212 823 1284 878 dicta
1301 831 1365 878 sunt
1380 834 1506 895 patenter
1519 827 1693 884 animaduer-

52 913 86 966 in
103 912 188 967 rectia
209 928 268 965 cuna
294 911 449 967 Simouiuea
472 922 497 967 et
523 913 713 983 arcoptrptornm
741 911 849 966 baresii
901 918 959 965 tant
974 925 1004 966 se
1017 911 1158 981 subjacere
1173 913 1350 980 anathemati,
1364 930 1396 969 ac
1410 914 1524 987 proinde
1535 917 1563 971 in
1577 909 1693 974 suis'in-

50 1006 235 1076 exprimatur,
249 1005 312 1075 quio
326 1015 426 1059 eterno
438 1013 521 1059 morte
542 1004 730 1075 dipniveimum
749 1006 849 1059 crimen
899 1001 1022 1057 terdietis
1035 1002 1130 1060 olllciis
1141 1005 1203 1075 jure
1218 1006 1315 1062 debere
1328 1009 1465 1063 contemni
1487 1024 1541 1064 una
1566 1025 1630 1067 cum
1649 1014 1693 1068 in·
1734 1062 1739 1084 f

51 1099 105 1164 cit,
121 1096 290 1167 apertissime
300 1095 452 1152 declaratur
470 1106 631 1168 protestante
652 1112 699 1167 per
718 1096 848 1168 Aequiti—
899 1095 1034 1150 aestuosis
1049 1093 1197 1151 Nicolaitis.
1218 1095 1284 1152 iliud
1301 1113 1367 1153 sane
1382 1099 1509 1156 nolumus
1529 1115 1583 1157 uon
1610 1102 1692 1173 igno-

51 1206 122 1244 num
135 1189 355 1257 divinooracuio,
368 1207 399 1244 ac
410 1189 512 1244 dicente
526 1189 718 1245 :firmissime
734 1198 806 1254 tene,
822 1197 849 1245 et
900 1188 966 1252 rari,
992 1187 1064 1257 quod
1084 1190 1197 1244 occultae
1219 1191 1417 1261 negotiationes
1442 1201 1468 1247 et
1494 1192 1692 1251 fornicationes

52 1282 216 1338 nullatcnus
237 1281 345 1339 dubites
371 1297 481 1339 emnem
510 1282 679 1350 haereticum,
698 1281 739 1338 rei
764 1281 850 1337 scbis·
899 1278 1061 1335 clericorum
1089 1282 1229 1338 servandae
1256 1291 1321 1338 sunt
1347 1284 1373 1337 in
1397 1283 1531 1354 iudicium
1555 1285 1690 1343 iuturum.
1729 1332 1734 1356 ‚

51 1373 200 1438 maticurn,
224 1374 350 1444 quamuis
369 1374 470 1430 multas
491 1373 680 1446 eleemosynas
697 1361 789 1441 iaciat,
805 1362 848 1428 rol
899 1369 1023 1438 Quorum
1050 1388 1117 1429 reno
1133 1382 1241 1444 peccata
1254 1374 1400 1430 manifesta
1426 1387 1490 1432 sunt
1510 1379 1691 1447 praecedentia

50 1465 139 1519 etlam
167 1479 217 1535 pro
232 1463 343 1522 Christo
366 1466 526 1538 sanguinent
539 1466 646 1530 lundat,
662 1482 725 1521 cum
740 1465 848 1521 diabolo
899 1463 933 1518 ad
944 1464 1089 1533 judicium,
1110 1475 1137 1521 et
1153 1467 1310 1538 dequibus,
1328 1463 1358 1522 u't
1377 1470 1434 1540 jam
1448 1480 1691 1540 premonstratum

48 1565 82 1612 et
93 1556 198 1626 angelis
209 1557 269 1625 eius
284 1558 378 1612 aeterni
395 1558 467 1630 ignis
480 1556 847 1627 incendiismaneipandum,
898 1563 950 1622 est,
962 1556 1020 1628 jam
1039 1555 1139 1613 lactum
1159 1568 1202 1614 est
1212 1558 1357 1630 judicium,
1378 1562 1418 1617 sic
1441 1571 1506 1619 aunt
1527 1565 1639 1620 cavernli
1662 1566 1692 1620 in

51 1647 111 1703 uisi
132 1659 195 1702 aute
217 1647 300 1702 linem
324 1648 407 1717 hujus
425 1648 488 1703 rien
502 1647 642 1703 catholicae
657 1648 848 1719 incorporatus
899 1646 958 1702 suis
970 1646 1120 1706 interdictis
1135 1648 1240 1718 ciliciis,
1254 1663 1288 1707 ne
1300 1652 1364 1707 dum
1378 1668 1426 1724 per
1437 1669 1531 1710 eorum
1546 1656 1692 1713 interdicta

52 1750 84 1796 et
95 1739 297 1810 redintegratus
311 1738 541 1795 lurcritEcclesiae.
562 1738 690 1807 llincest,
708 1741 778 1811 quod
795 1740 847 1795 Do·
864 1712 1034 1796 Bsacrillcia
1058 1751 1187 1812 operatur
1200 1745 1362 1816 mysterium
1387 1746 1538 1816 iniquitatis
1564 1747 1691 1804 diabolus

52 1834 145 1886 minus
162 1832 299 1887 crendentes
312 1842 336 1887 et
352 1841 463 1887 ementes
475 1832 507 1886 de
529 1832 624 1903 tempto
637 1832 723 1902 ejecit,
741 1831 847 1888 Dotion
898 1830 940 1886 rel
953 1830 1148 1899 Antichristus,
1167 1833 1311 1903 injurietur
1323 1834 1394 1892 Deus
1404 1835 1540 1904 Christus,
1553 1839 1610 1909 qui,
1627 1855 1692 1895 cum

49 1932 80 1978 et
95 1922 195 1976 Abiron
208 1923 320 1977 viretues
337 1930 408 1975 terra
425 1920 575 1992 depiutivit,
593 1919 726 1976 Simonem
745 1939 847 1993 quoquc
897 1923 1111 1992 sicuttissimns,
1125 1932 1153 1981 et
1166 1925 1252 1982 Filius
1265 1927 1398 1983 Altissiml
1413 1941 1535 1997 vocetur,
1545 1941 1626 2002 atque
1642 1946 1691 1987 so·

53 2012 168 2084 tropen
182 2021 326 2066 tentantem
351 2011 448 2066 Petrus
468 2013 614 2077 dumrraait,
640 2028 778 2083 omnesque
803 2011 848 2067 Si·
897 2013 940 2070 lus
954 2016 1115 2088 mysterium
1127 2017 1240 2087 justitie
1261 2034 1294 2074 ac
1317 2019 1426 2089 pietatis
1445 2020 1473 2075 in
1487 2020 1582 2077 ciliciis
1596 2023 1690 2090 licitis,

53 2106 193 2160 moniucos
206 2104 392 2160 ecciesiasticis
404 2104 507 2175 jocalis
531 2115 655 2175 perpetuo
681 2106 847 2160 unatiremote
896 2112 924 2160 et
938 2122 993 2161 non
1015 2106 1167 2163 interdictis
1183 2119 1320 2179 operetur,
1337 2111 1463 2181 quinquis
1486 2112 1647 2170 interdictus
1663 2123 1691 2171 et

50 2197 203 2252 damnavit.
222 2197 254 2251 Et
275 2208 350 2267 turpe
361 2197 439 2251 nimis
451 2204 502 2263 est,
517 2205 545 2250 ut
565 2197 596 2256 in
614 2197 767 2267 plenissimo
785 2196 846 2267 jam
897 2197 986 2254 officio
1001 2199 1123 2269 privatus
1137 2202 1277 2272 presumit
1291 2202 1446 2258 sacriticare
1457 2215 1551 2261 sancta
1569 2205 1692 2265 Ecclesia

52 2289 312 2359 aiqoreconfirmmo
328 2285 449 2341 Ecclesia
476 2296 529 2341 tarn
551 2288 631 2358 [eroli
655 2287 762 2341 inimico
790 2304 849 2342 suc·
897 2288 1021 2345 Romana
1039 2307 1088 2361 per
1108 2293 1328 2363 suospontillccs
1355 2297 1568 2364 contradicente,
1583 2297 1640 2354 imo
1661 2300 1692 2357 iu

50 2379 175 2445 eumlot,
186 2379 218 2432 de
228 2396 279 2451 quo
293 2380 320 2432 in
334 2379 482 2449 primordio
499 2395 554 2433 rum
566 2379 690 2449 infucatim
706 2388 780 2432 tanta
794 2381 847 2433 tu'r-
897 2380 965 2450 ipsis
978 2380 1093 2437 bomine
1106 2381 1171 2439 iesu
1185 2383 1296 2440 Christo
1311 2385 1482 2455 prohibente,
1495 2387 1523 2442 in
1536 2389 1632 2445 cadem
1647 2391 1691 2446 iu·

54 2478 113 2523 tute
139 2470 329 2540 triurnptrnlrut.
350 2469 379 2523 Si
400 2470 458 2540 qvis
476 2479 564 2522 aretem
579 2469 702 2538 obiecerit
716 2485 767 2522 non
783 2486 846 2523 con·
897 2474 1007 2529 venitur
1019 2474 1139 2530 vanitate
1153 2476 1305 2532 vanitatum
1327 2493 1357 2533 se
1374 2478 1514 2535 ditissimo
1535 2481 1689 2552 pariiicare,

52 2563 225 2628 sacrationes,
239 2562 284 2616 ved
300 2579 340 2615 res
357 2563 439 2632 ipsus,
455 2577 514 2632 quac
530 2577 562 2615 cv
578 2562 773 2615 cotrsecratione
785 2578 847 2631 pro·
897 2579 944 2621 seu
959 2565 1097 2636 praeferre,
1115 2566 1142 2622 in
1158 2582 1211 2638 qua
1227 2568 1352 2624 diabolus
1365 2580 1406 2626 est
1428 2571 1554 2628 locutus:
1576 2573 1631 2630 Em
1649 2579 1690 2633 δι’.

53 2657 173 2723 ueniunt,
190 2656 275 2721 vendi,
291 2656 396 2709 videtur
410 2655 516 2721 quidem
532 2655 635 2725 aliquid
664 2655 759 2722 dicere,
780 2654 847 2709 niirii
897 2656 1114 2713 miiivdltissimo
1126 2657 1195 2719 lisa.
1210 2675 1265 2726 ult,
1280 2660 1335 2730 ll).
1348 2659 1524 2732 Ncrnpedum
1540 2665 1692 2727 interdictae

50 2757 109 2800 ont.
121 2763 146 2798 m
161 2747 264 2816 patritus
282 2762 382 2816 sapere.
402 2744 475 2799 Num
499 2761 559 2798 cum
582 2743 710 2800 Ecclesia
727 2754 774 2799 aut
791 2746 847 2816 epi·
897 2748 990 2805 missae
1007 2764 1062 2805 non
1077 2749 1227 2806 interdictis
1241 2752 1420 2822 parificantur
1443 2764 1471 2809 et
1492 2756 1690 2828 assimilantur,

52 2854 151 2908 scopus
167 2849 212 2892 aut
231 2836 324 2901 uibus,
341 2847 388 2891 aut
406 2837 458 2892 tute
473 2836 575 2907 aliquid
592 2838 648 2891 sine
664 2837 739 2891 rebus
754 2853 848 2907 corpo·
897 2840 976 2896 ranis
987 2850 1014 2896 et
1034 2839 1109 2897 laisis
1124 2843 1323 2900 assertionibus
1337 2846 1444 2902 vanius
1462 2852 1623 2918 vanitatum,
1639 2869 1691 2909 seu

52 2931 158 2984 nuliius
176 2940 200 2984 et
227 2930 402 2983 exterioribus
424 2929 451 2983 in
473 2928 546 2983 nullo
566 2929 700 3000 proficiat,
716 2928 785 2984 sicut
801 2945 847 2982 neo
897 2929 1003 2990 ialsitas
1026 2934 1175 2991 falsitatum
1204 2937 1341 2994 iuvenitur
1365 2939 1393 2995 in
1419 2955 1467 2997 ore
1496 2941 1691 3005 fabricantium

52 3026 148 3078 anima
162 3023 222 3077 vine
243 3039 351 3093 corpore
374 3022 555 3092 temporaliter
576 3022 648 3083 civit,
669 3021 787 3092 quisquis
801 3036 845 3074 eo·
898 3024 950 3079 tale
972 3026 1155 3096 mendacium,
1171 3029 1244 3100 quod
1261 3046 1324 3086 cum
1342 3034 1432 3102 primo
1452 3032 1553 3091 diaboli
1577 3041 1691 3096 meudu-

53 3133 116 3170 cvm
133 3113 247 3170 aiterum
261 3115 359 3180 vendit,
375 3115 432 3169 sine
446 3131 497 3185 quo
515 3113 629 3168 aiterum
652 3130 741 3167 corum
755 3112 846 3167 tatere·
896 3116 939 3173 civ
954 3125 1026 3174 recte
1038 3128 1165 3175 ccrrsctur
1181 3124 1390 3191 exsecrandum,
1412 3124 1476 3182 licet
1487 3128 1514 3183 in
1534 3143 1627 3188 moute
1649 3143 1690 3190 tc·

51 3226 108 3263 non
123 3208 250 3277 provenit,
267 3218 389 3262 rreutrum
404 3205 741 3276 inverrditumderelinquit.
757 3205 846 3272 Quum
897 3212 1035 3277 stameuti,
1051 3211 1078 3266 in
1101 3212 1232 3270 lateribus
1246 3215 1383 3287 aquilonis
1397 3219 1544 3278 conflatum
1568 3224 1690 3282 inirentq-

52 3310 143 3354 tamen
157 3299 327 3369 objectionem
346 3315 422 3353 sacer
451 3300 556 3369 penitus
577 3314 661 3352 canon
675 3300 844 3364 exterminat,
896 3311 951 3367 tur,
969 3303 1034 3357 dum
1049 3304 1128 3380 quasi
1142 3304 1176 3360 de
1193 3303 1268 3361 Nouo
1289 3316 1317 3362 et
1338 3307 1427 3366 Veteri
1449 3310 1624 3372 Testamenta
1645 3319 1689 3375 ri-

51 3408 115 3447 cum
129 3401 335 3463 procuratorem,
351 3390 390 3445 vet
419 3390 580 3462 defensorem
597 3388 733 3455 Ecclesice,
749 3389 787 3444 vei
803 3406 846 3443 rc·
896 3392 976 3448 detur
998 3394 1161 3465 quibusdam
1192 3399 1272 3468 quasi
1297 3403 1508 3462 auctoritatibus
1534 3413 1690 3468 communi-

50 3483 125 3555 qulte
139 3483 285 3552 subjectum
299 3499 315 3534 o
331 3480 383 3534 lieo
398 3497 445 3551 per
467 3481 591 3549 pecunius
616 3481 736 3534 ordinari
756 3480 846 3550 prolui·
897 3488 966 3539 turn.

50 3574 107 3641 ter,
124 3584 153 3628 ut
171 3582 357 3628 interventores
372 3589 473 3644 quoque
488 3574 557 3627 tanti
571 3572 675 3627 sceleris
692 3573 846 3627 unatr'rema-
931 3573 991 3630 Non
1007 3578 1080 3633 enirn
1102 3579 1260 3650 ignoramus
1284 3585 1385 3641 multos
1406 3588 1528 3645 valenter
1548 3591 1688 3655 litteratus

52 3667 91 3720 tis
113 3681 236 3719 mucrone
249 3664 380 3719 succidat.
408 3662 479 3729 Quid
494 3663 591 3734 plura?
613 3664 637 3718 si
656 3663 845 3717 orrottremimti
896 3665 949 3721 live
966 3665 1111 3736 allirmare,
1126 3669 1201 3740 quud
1219 3672 1312 3728 missae
1324 3674 1485 3748 interdictae,
1500 3683 1622 3752 quandiu
1639 3702 1687 3744 eas

54 3769 83 3815 et
97 3758 329 3823 excommunicati,
346 3766 371 3812 et
383 3766 412 3810 ut
434 3773 491 3810 vere
507 3756 637 3823 luceretici,
662 3753 807 3810 Sirnaniuci
821 3766 846 3809 et
896 3758 1042 3827 episcopus
1061 3760 1175 3830 quilibet
1198 3762 1225 3817 in
1250 3778 1300 3819 suo
1318 3767 1475 3838 episcopatu
1498 3774 1606 3843 tolerat,
1630 3779 1689 3834 sint

52 3851 178 3922 neopirqtr'
202 3865 341 3904 enumero
365 3857 427 3903 sunt
451 3848 571 3917 fidetium
586 3862 611 3901 ct
628 3846 754 3902 Ecclesia
768 3864 845 3918 sepa·
898 3843 1083 3900 indifferenter
1095 3847 1246 3915 audiendae,
1266 3850 1329 3905 licet
1343 3851 1470 3910 Ecclesia.
1483 3855 1605 3916 Romana
1620 3878 1688 3931 pro.

53 3942 121 4007 cuti,
135 3941 195 4013 qais
219 3956 270 3993 nort
284 3939 381 4005 videat,
398 3938 468 4009 qnod
494 3937 646 4007 hujusmodi
668 3937 845 4003 sacerdotum,
898 3937 1017 3993 bibente.
1034 3937 1122 4009 Atque
1136 3939 1186 3994 ista
1201 3940 1381 3997 litteratorum
1396 3946 1558 4004 clericorum
1571 3955 1688 4010 assertio

52 4032 94 4086 uei
109 4031 263 4086 clericorum
280 4032 367 4085 misam
381 4038 406 4083 et
422 4028 554 4083 orationes
573 4027 655 4083 Deum
681 4027 716 4081 ad
736 4029 845 4083 iracun·
896 4029 923 4083 in
937 4038 1042 4085 tantum
1058 4030 1205 4096 conualuit,
1222 4043 1250 4086 ut
1265 4034 1293 4087 in
1307 4051 1422 4091 errorem
1434 4039 1577 4111 ducantur,
1592 4046 1617 4100 si
1627 4046 1689 4116 fieri

51 4124 219 4194 dionisuper
234 4122 361 4193 populum
383 4129 534 4192 provocent,
554 4136 630 4190 quem
650 4119 754 4190 placeri
784 4120 846 4175 tali·
895 4130 989 4190 potest,
1007 4122 1089 4176 etiam
1106 4120 1181 4176 eiecti
1197 4122 1305 4193 (diutili.
1330 4141 1404 4194 xxti,
1428 4129 1485 4200 Ei).
1513 4131 1615 4192 Verum
1638 4140 1686 4211 qui

51 4216 102 4270 bus
114 4214 305 4269 credebamur?
318 4212 454 4283 Scriptum
473 4224 512 4268 cst
530 4217 600 4268 enim
614 4230 624 4267 .·
643 4234 652 4266 a
669 4214 761 4283 Orrrne,
775 4216 845 4287 quod
897 4231 959 4271 rore
973 4226 1036 4272 sunt
1050 4218 1139 4281 electi,
1151 4215 1174 4272 si
1190 4202 1291 4274 luerint
1303 4220 1331 4273 in
1347 4219 1420 4278 iruuc
1434 4238 1554 4283 errorem
1569 4229 1685 4300 inducti,

52 4314 154 4360 nonest
169 4307 430 4376 addemnatam
453 4316 491 4359 est
523 4304 609 4374 (uon.
634 4322 689 4371 xiv,
706 4307 762 4377 25).
782 4326 792 4358 r
810 4305 845 4359 Et
897 4308 923 4361 in
940 4308 991 4362 bac
1006 4308 1061 4362 vita
1085 4308 1260 4378 resipiscunt,
1282 4319 1330 4365 aut
1352 4311 1380 4367 iu
1400 4312 1493 4371 lutura
1513 4324 1686 4391 purgatorias

51 4399 173 4453 iterum:
194 4397 255 4453 Veri
269 4398 397 4467 sacrificii
411 4397 570 4452 ioeuaeatro
581 4397 739 4452 cntiroiicnm
753 4398 845 4451 Eccle-
862 4428 883 4483 D
898 4414 993 4468 pererras
1015 4400 1169 4454 tolerabunt
1195 4416 1245 4471 pro
1269 4416 1302 4456 eu
1325 4404 1397 4473 quud
1419 4420 1514 4463 contra
1535 4409 1687 4471 Ecclesiam

51 4492 123 4547 tiam
139 4507 190 4545 nou
217 4499 266 4546 ert.
284 4488 358 4545 liudo
388 4489 511 4546 dicitur:
526 4488 688 4544 liceretienm
713 4491 844 4544 trontiuem
897 4490 1049 4546 Romanam
1070 4493 1201 4547 sentiunt.
1222 4492 1287 4548 llilri
1308 4505 1397 4551 autem
1421 4499 1491 4555 absit
1511 4513 1606 4559 curura
1620 4523 1687 4562 sau-

50 4595 112 4653 post
142 4583 277 4651 primam,
303 4590 329 4635 et
354 4580 498 4635 secundom
527 4580 717 4648 correptionem
742 4580 842 4635 devitu.

52 4671 191 4738 Quomodo
208 4687 269 4742 erqo
282 4672 503 4742 toiesepircopor,
525 4669 564 4724 vei
579 4670 697 4737 abbates,
716 4671 755 4724 uret
783 4671 845 4725 mii-

51 4783 119 4839 qnor
134 4766 244 4822 ciericos
259 4768 417 4832 devitamus,
434 4769 458 4821 vi
483 4782 574 4821 eorum
591 4766 686 4819 nrissos
708 4766 843 4832 audimus,

51 4874 115 4914 evm
124 4859 219 4930 quibus
235 4859 259 4913 si
270 4858 309 4913 vei
320 4874 437 4922 oramus,
450 4858 748 4912 excommunicationem
771 4857 844 4911 saii-

50 4955 135 5009 mus?
149 4951 221 5019 Quos
237 4952 344 5023 quidem
366 4951 513 5006 sacerdotes
538 4966 593 5003 esse
622 4949 717 5004 saitem
740 4952 844 5004 credere

51 5046 161 5101 onrnino
175 5061 264 5099 errore
278 5054 328 5112 est,
344 5061 402 5098 curu
413 5044 510 5099 Petrus
527 5042 631 5098 Simorti
648 5043 721 5096 dicat
739 5059 748 5096 :
766 5062 775 5094 a
791 5042 844 5098 Ρο-

50 5138 132 5192 cunia
149 5147 195 5193 tuu
207 5146 291 5193 tecum
305 5138 340 5193 sit
353 5136 675 5208 inperditionc,quoniont
686 5134 843 5190 donumdei

49 5230 214 5286 existimasti
228 5232 340 5300 pecunia
361 5230 491 5300 possideri
517 5227 588 5301 (Act.
603 5244 662 5295 virt,
687 5227 745 5300 20).
765 5247 775 5280 r
793 5227 844 5283 libi

50 5340 112 5378 mem
131 5340 141 5374 c
164 5323 325 5377 existimasti
343 5342 353 5375 r
369 5321 480 5388 dicitur,
498 5330 570 5392 putet
589 5322 651 5393 quio
667 5338 718 5376 non
740 5338 787 5391 pro
813 5338 843 5376 eo

51 5416 123 5489 quod
135 5416 243 5486 (emeat,
258 5416 305 5471 sed
316 5416 380 5486 quio
390 5433 418 5470 se
429 5417 598 5487 [uceroposse
609 5418 768 5485 crediderat,
781 5434 843 5472 con-

51 5510 205 5563 demnatur.
221 5506 256 5561 Et
284 5525 331 5561 nos
346 5507 393 5562 saci
419 5508 587 5563 anathemate
609 5510 792 5565 interdicimur
815 5512 843 5565 id

51 5602 139 5667 ipsum
158 5599 190 5653 de
201 5600 294 5655 irrecesi
311 5598 443 5666 Simouiu,
458 5603 527 5655 sicut
540 5610 633 5655 sancta
662 5603 775 5659 decrevit
799 5621 843 5675 sp-

53 5693 150 5760 nodur,
166 5690 269 5746 nuilnm
288 5699 335 5745 aut
350 5690 521 5747 ecelesiarum
537 5695 771 5765 consecrationem,
795 5707 841 5751 cut

213 5786 349 5847 l‘uruuu.
371 5782 508 5846 exciit.

895 4592 967 4638 etam
990 4582 1141 4639 itomanam
1161 4584 1310 4641 Ecclesiam
1333 4589 1444 4646 credere
1465 4591 1557 4662 alicui,
1577 4597 1685 4654 etiamsi

895 4675 996 4742 linquis
1018 4677 1170 4731 homiuum
1185 4678 1314 4748 loquatur
1336 4688 1363 4735 et
1383 4682 1553 4752 artgelurum,
1576 4688 1684 4745 etiamsi

896 4764 998 4838 irrigent
1018 4768 1165 4823 uirtutibus
1189 4761 1400 4839 miraculorum;
1426 4775 1554 4844 quoniam
1578 4782 1684 4850 qualis-

894 4875 1002 4929 cunque
1029 4860 1119 4916 meriti
1141 4862 1186 4927 sit,
1203 4862 1249 4932 qni
1270 4873 1365 4919 contra
1388 4865 1468 4923 sudem
1493 4867 1567 4927 Petri
1590 4875 1682 4941 sentit,

894 4954 996 5024 quique
1007 4955 1214 5010 successoribus
1225 4956 1312 5025 ipsius
1324 4956 1452 5029 legitimis
1463 4961 1491 5015 iu
1505 4964 1610 5020 ratione
1621 4966 1683 5022 ssdei

893 5045 1036 5101 catholicae
1061 5060 1114 5099 non
1140 5049 1285 5114 consentit,
1312 5051 1433 5119 portabit
1453 5052 1598 5123 judicium,
1621 5060 1683 5128 qui·

894 5154 1002 5211 cunque
1012 5149 1055 5194 est
1067 5138 1121 5205 ille,
1134 5140 1241 5195 etiamsi
1256 5141 1290 5196 de
1304 5158 1418 5198 numero
1429 5143 1511 5200 luerit
1521 5148 1680 5205 electorum.

895 5231 940 5287 Sic
950 5231 1046 5287 beatus
1059 5228 1207 5301 Gregorius
1217 5233 1245 5287 in
1261 5233 1374 5306 Dialogo
1387 5236 1420 5291 de
1433 5238 1552 5306 quodam
1566 5237 1683 5298 Pusclra-

894 5325 935 5379 sio
949 5323 1080 5379 Romanae
1098 5322 1225 5380 Ecclesiae
1240 5325 1357 5379 diacono
1372 5327 1477 5390 scribit,
1495 5330 1553 5399 qui,
1565 5348 1627 5386 cum
1638 5350 1683 5391 es·

894 5425 935 5471 set
946 5416 1061 5488 insignis
1078 5416 1124 5471 bei
1144 5415 1274 5483 lemnius,
1286 5417 1374 5472 cultor
1387 5433 1547 5488 pauperum,
1560 5437 1683 5480 cuntem-

895 5518 955 5577 ptor
969 5509 1021 5576 sui,
1033 5518 1060 5564 et
1073 5509 1307 5565 luculentissimos
1320 5509 1353 5564 de
1368 5507 1470 5578 Spiritu
1490 5522 1585 5568 saneto
1596 5514 1683 5573 libros

893 5600 1018 5666 ediderit,
1041 5600 1108 5656 adeo
1129 5611 1251 5665 sauctus,
1271 5612 1300 5654 ut
1317 5608 1419 5656 attactu
1441 5600 1590 5671 feretrius
1624 5623 1681 5679 quo

894 5694 952 5765 ipsc
965 5694 1108 5751 defunctus
1127 5693 1273 5761 lercbatuc,
1293 5691 1477 5752 demoniacus
1488 5695 1570 5755 luerit
1582 5698 1684 5758 libera·

1468 5787 1506 5852 di
