3817 6000
88 250 152 310 ret
432 258 709 320 GoldllENi'lllllllll
730 260 765 317 ΙΝ
782 261 952 320 PShLllOS.
975 294 1010 305 —-
1025 264 1116 321 PARS
1132 264 1152 321 l.
1171 295 1207 306 -
1224 263 1322 321 PSaL.
1343 263 1389 320 lli.
1669 262 1721 318 75⁸

86 373 286 448 uicissitudine
299 375 389 447 ipsum
403 379 532 436 victorem
552 383 700 451 revincere,
712 393 742 441 ut
750 384 827 457 justo
836 385 883 457 jn·
897 391 921 449 Α
934 397 980 444 tua
990 389 1176 461 increpatione
1194 391 1304 448 tandem
1315 383 1552 448 exterminabitur,
1564 385 1636 437 sicut
1650 391 1723 448 saepo

84 463 169 520 dicio
191 464 266 522 lor-as
286 466 440 538 ejiceretur,
453 472 500 543 gni
517 473 580 530 licet
599 490 654 531 non
666 475 738 546 juste
760 477 881 534 intmre-
932 487 997 535 sunt
1010 482 1194 549 exterminati,
1204 481 1251 554 qni
1261 486 1340 536 erant
1350 478 1378 532 in
1390 475 1493 532 malitia
1509 487 1558 530 sua
1569 469 1723 542 peninaces

84 557 143 624 rit,
159 558 207 614 scd
220 557 315 616 frande
327 563 401 618 velun
414 579 526 635 serpens
540 567 680 638 irrepserit
690 569 718 624 in
729 568 881 626 dominium
930 581 959 628 et
972 572 1112 628 obstinati.
1125 572 1166 627 Tu
1176 573 1249 628 enirn
1262 569 1366 643 Spiritu
1376 579 1472 628 sancto
1483 567 1518 622 de
1539 563 1617 620 coelis
1634 560 1721 618 misso

84 665 179 720 snpra
194 667 280 722 genus
302 653 452 712 humanum
466 676 474 712 :
489 660 656 731 tamengnia
671 661 755 717 homo
773 671 884 734 propter
931 674 1076 734 postquam
1100 664 1193 719 redisti
1217 680 1296 733 snper
1327 664 1470 725 mannum,
1487 655 1650 711 sublimatus
1685 647 1723 708 ad

84 738 281 798 voluntarium
303 759 467 801 consensum
480 748 555 818 justo
567 750 739 820 'patiebatnr,
756 762 783 809 et
808 751 882 824 inju-
931 757 1025 813 aeterni
1037 755 1126 813 Patris
1139 770 1311 825 eoncessum,
1323 754 1418 811 eodem
1435 748 1537 821 Spiritu
1553 760 1600 817 per
1614 747 1723 814 aposto·

83 839 168 887 stum
181 832 242 901 eius
254 833 520 905 domininmJustnm
533 842 590 896 lieri
604 844 726 912 oportuit
736 843 882 914 judicium,
932 850 975 906 los
988 848 1120 906 mundum
1135 858 1275 920 arguente,
1296 866 1306 900 ι
1327 849 1361 904 de
1380 851 1502 917 peccato,
1517 846 1545 896 et
1557 838 1591 895 de
1601 833 1718 907 justitia,

83 932 121 984 ut
135 924 212 980 loras
227 942 280 981 non
296 927 450 996 ejiceretur,
466 931 519 987 nisi
536 933 613 1003 prins
625 934 660 989 ab
671 935 782 993 homine
792 937 884 995 vince·
933 950 961 997 et
975 940 1008 995 dc
1021 939 1125 1009 judicio
1137 937 1227 1009 (loon.
1242 955 1298 1007 ιιι,
1313 938 1352 1008 8).
1372 958 1382 991 ι

83 1025 171 1070 retur
186 1030 271 1088 :ergo
293 1026 333 1085 tu,
352 1020 470 1090 Christe,
492 1024 717 1096 fecistijtrdicinm
727 1044 824 1095 mum,
835 1045 885 1100 pro
969 1030 1050 1087 Vens.
1071 1031 1098 1086 6.
1117 1029 1264 1101 inerepasti
1276 1039 1375 1103 gentes,
1392 1040 1417 1083 et
1432 1027 1509 1099 periit
1519 1023 1625 1094 impios.
1635 1016 1718 1075 Verbi

82 1123 137 1165 me
159 1110 186 1165 in
204 1126 264 1166 mea
279 1113 338 1169 rice
359 1117 513 1186 superando
528 1118 617 1186 illurn,
632 1120 760 1191 primitus
782 1123 810 1178 in
836 1123 885 1179 de-
934 1123 1019 1194 gratia
1030 1137 1079 1192 per
1092 1123 1230 1192 apostolos
1251 1131 1279 1177 et
1297 1120 1447 1178 exorcistas
1470 1113 1616 1186 increpatis
1629 1111 1719 1184 genti·

83 1209 168 1256 serto
182 1202 346 1259 tentationes
366 1204 426 1276 ejus
437 1207 581 1273 vincendo,
593 1208 691 1265 deinde
708 1226 755 1282 per
768 1220 882 1269 mormm
933 1214 985 1271 hns
999 1216 1076 1285 periit
1093 1216 1191 1285 impios
1204 1214 1328 1271 diabolus
1342 1214 1376 1271 de
1386 1214 1466 1278 coeln,
1486 1211 1520 1267 dc
1532 1206 1635 1266 coelesti
1657 1202 1719 1259 cnl-

83 1299 168 1348 tuam
194 1293 295 1365 ipsum,
309 1297 357 1366 qui
383 1298 501 1354 hahebat
529 1301 626 1357 mortis
663 1303 819 1374 imperium,
835 1307 884 1363 de·
933 1315 1077 1380 turaque
1090 1309 1118 1363 in
1143 1308 1222 1364 idolis
1243 1309 1282 1364 illi
1297 1307 1487 1371 exhibebatur,
1499 1301 1628 1373 depulsus
1641 1303 1718 1352 extra

82 1385 237 1442 ὅῑΐΰθῦιῐθ·
930 1401 1000 1458 lines
1013 1402 1134 1474 gentium
1148 1402 1205 1468 tihi,
1218 1399 1518 1468 Christe,credentinm.
1530 1395 1598 1450 Cum
1611 1391 1645 1447 de
1656 1404 1719 1461 per·

125 1475 230 1533 Fecisti
242 1479 323 1535 etiam
335 1498 444 1537 ransom
455 1500 539 1539 meam
553 1483 627 1542 Patri
636 1485 690 1557 {tuo
705 1496 807 1545 tantam
818 1506 881 1563 per·
931 1493 1049 1548 sectione
1060 1494 1171 1549 doceres
1186 1492 1324 1563 apostolos
1346 1500 1417 1558 tuos,
1434 1488 1597 1560 prohibuisti
1620 1501 1667 1541 eos
1689 1484 1717 1539 in

82 1568 224 1624 soluendo
237 1570 417 1629 humilitatem
430 1584 458 1630 et
469 1575 649 1633 obedientiam
662 1594 712 1648 pro
726 1596 780 1648 mc,
793 1592 823 1638 ιιι
833 1599 880 1640 sn·
929 1586 1147 1642 crastinnmessc
1157 1585 1291 1642 sollicitos
1304 1598 1354 1655 pro
1363 1583 1489 1650 terrenis,
1498 1581 1617 1638 addens:
1633 1597 1642 1629 a
1655 1577 1718 1634 liaec

83 1658 213 1725 perhiam
227 1669 254 1717 et
271 1661 482 1720 inobedientiam
500 1682 588 1723 meam
608 1669 746 1727 remittere
758 1673 877 1742 deberet,
928 1676 1002 1732 enim
1018 1676 1109 1733 omnia
1124 1683 1219 1747 gentes
1234 1674 1375 1746 inquirunt
1385 1673 1538 1741 (lielthrr,
1552 1671 1609 1741 ti).
1622 1689 1631 1720 ι
1645 1667 1718 1737 Ergo

82 1751 139 1821 qui
153 1760 256 1808 tantam
271 1770 380 1811 cansam
395 1759 548 1817 remittendi
566 1777 627 1819 eant
640 1764 763 1832 haberet,
777 1777 880 1836 quanta
894 1743 917 1804 B
929 1770 977 1840 qni
997 1768 1211 1840 discipulatum,
1233 1783 1280 1825 seu
1306 1766 1477 1838 disciplinam
1503 1773 1567 1820 surrt
1595 1758 1718 1834 aggressi

81 1859 147 1899 non
170 1853 230 1900 erat
249 1861 333 1903 cansa
363 1848 507 1907 irascendi.
527 1852 603 1911 Licet
627 1855 699 1912 enim
722 1871 816 1913 rerum
843 1863 881 1919 sit
929 1863 998 1918 nihil
1010 1863 1149 1932 proprium
1162 1861 1329 1932 possidendi,
1345 1861 1368 1914 si
1381 1860 1438 1914 hacc
1451 1858 1593 1928 inquirunt
1615 1869 1677 1926 qno
1688 1859 1716 1907 et

83 1936 165 2007 quod
180 1955 190 1989 r
208 1937 280 1994 sicut
294 1954 343 2009 per
363 1942 444 1998 nnius
460 1943 579 2003 hominis
594 1947 803 2011 inobedientiam
817 1969 881 2025 pec·
929 1960 1025 2024 gentes
1037 1953 1192 2024 inquirunt,
1204 1951 1254 2022 ipsi
1274 1951 1368 2021 ntique
1388 1950 1459 2004 inter
1475 1957 1578 2019 gentes,
1592 1944 1635 2000 vel
1648 1958 1716 2015 gen·

83 2038 201 2087 catores
215 2032 357 2088 constituti
379 2043 444 2091 sunt
459 2038 556 2108 nrnlti,
571 2040 608 2096 ita
621 2052 648 2098 et
660 2059 709 2114 per
722 2048 804 2103 nnius
815 2047 882 2103 ohe-
929 2045 992 2100 tiles
1003 2042 1150 2115 deputandi
1166 2051 1256 2098 crunt.
1269 2041 1431 2112 llnjnsmndi
1456 2047 1543 2110 gentes
1563 2037 1592 2093 in
1611 2035 1719 2091 inania

83 2120 223 2176 dientinm
244 2121 313 2193 insti
339 2125 541 2183 constituuntur
557 2130 636 2187 multi
646 2132 733 2204 (Rom.
745 2151 773 2203 ι,
784 2134 829 2192 lbi
842 2153 849 2189 ε
867 2151 877 2187 ι
929 2148 958 2194 et
968 2137 1084 2209 Saphira
1096 2137 1239 2207 irrcrcpnsti
1250 2152 1299 2208 per
1308 2134 1459 2207 apostolum
1472 2132 1629 2200 Petrum,ct
1640 2131 1718 2201 periit

84 2219 184 2268 tamen
205 2232 215 2263 ι
235 2227 290 2268 non
313 2214 385 2270 sient
401 2216 540 2288 delictum,
553 2221 589 2276 ita
609 2231 637 2278 et
661 2223 762 2280 donum
777 2225 877 2295 (ibid,
930 2231 1031 2302 impius
1044 2230 1165 2285 Ananias
1176 2245 1238 2285 cam
1252 2244 1338 2284 uxore
1356 2227 1407 2283 sibi
1419 2234 1612 2292 consentanea,
1624 2234 1652 2278 et
1662 2238 1719 2278 suaa

85 2304 149 2374 15).
170 2322 181 2358 ι
200 2303 331 2363 Delictum
342 2307 414 2362 enim
426 2309 461 2366 de
474 2313 602 2383 paradiso
617 2313 715 2385 dejecit
732 2317 879 2374 humanam
929 2318 1035 2376 itandis
1053 2319 1298 2391 consolatrices).
1314 2318 1359 2375 Sic
1384 2317 1484 2388 peribit
1506 2315 1598 2372 omnis
1621 2314 1718 2384 impias

84 2406 220 2452 naturam
234 2417 241 2455 :
253 2398 354 2454 donum
369 2417 435 2458 nero
448 2402 475 2457 in
491 2403 601 2461 Christo
608 2422 691 2477 snper
702 2410 787 2466 coelos
797 2412 881 2468 coelo·
930 2429 979 2486 per
996 2413 1126 2484 Spiritum
1148 2421 1272 2468 sanctum
1300 2411 1456 2482 increpatus
1470 2409 1504 2464 de
1518 2406 1602 2465 simili
1623 2405 1719 2462 fraude

84 2505 211 2562 rumque
231 2492 346 2551 virtutes
358 2496 486 2554 exaltarit
504 2514 575 2555 eam.
590 2499 618 2555 ln
642 2518 697 2572 qna
717 2505 881 2560 exaltatione
931 2521 1021 2561 rernm
1033 2504 1293 2571 ecclesiasticarum,
1306 2504 1349 2558 rel
1366 2502 1448 2559 etiam
1462 2501 1495 2557 de
1507 2498 1643 2570 apostasia
1656 2506 1719 2568 post

84 2584 197 2650 sedisti,
210 2585 353 2653 oChriste,
365 2588 399 2644 ad
413 2589 552 2646 dexteram
563 2593 663 2658 Patris,
675 2604 702 2652 et
712 2598 790 2654 sedes
802 2613 881 2668 anper
929 2600 1039 2670 aliquod
1055 2607 1177 2656 sanctum
1201 2598 1370 2669 propositum
1386 2609 1544 2667 aggressum
1555 2635 1563 2662 ,
1575 2602 1603 2648 et
1624 2600 1719 2662 postea

87 2680 285 2752 thrasumeni
308 2681 373 2737 licet
394 2683 434 2740 sis
447 2684 585 2756 judicatus
606 2688 717 2758 injuste,
732 2698 822 2747 tamen
851 2701 879 2747 ιιι
929 2693 1083 2749 dimissum.

86 2772 199 2838 indicna
206 2773 343 2844 iustitiam
354 2783 382 2831 et
395 2776 562 2848 aequitatem,
579 2798 653 2839 nnnc
669 2783 879 2853 particulariter,
964 2785 1060 2840 Aliter.
1076 2783 1224 2857 lncrepnsti
1243 2793 1331 2857 genter
1358 2798 1406 2853 per
1427 2780 1581 2851 apostolos,
1595 2787 1623 2835 et
1648 2777 1719 2835 allos

86 2866 141 2921 sed
166 2866 193 2923 in
216 2866 321 2936 iudicio
345 2877 392 2925 tno
420 2878 543 2928 extremo
556 2874 754 2942 uniuersaliter,
771 2876 880 2948 qnando
930 2879 1051 2934 veritatis
1070 2893 1219 2950 praecones,
1230 2886 1257 2934 et
1274 2877 1352 2947 periit
1376 2876 1483 2944 impias,
1500 2872 1564 2945 qnia
1579 2872 1718 2928 destructa

86 2964 291 3053 omnesaeimpii
313 2969 434 3039 peribunt
452 2987 468 3025 o
483 2969 552 3040 [acie
574 2976 630 3035 tna,
645 2968 769 3040 qnondam
793 2969 880 3040 [tristi
930 2975 1068 3046 impietate
1089 2973 1178 3029 lactus
1192 2978 1234 3027 est
1249 2969 1320 3041 pins.
1337 2967 1412 3025 tideo
1425 2964 1598 3039 pertigqood
1623 2981 1718 3022 nomes

87 3058 225 3125 indicium
236 3077 333 3128 meum,
345 3069 370 3115 et
385 3079 493 3116 consona
508 3078 604 3118 meone.
928 3084 1028 3133 eornm,
1051 3066 1154 3123 scilicet
1174 3064 1332 3134 impiorum,
1342 3061 1434 3117 debari
1457 3062 1484 3114 in
1499 3069 1635 3115 eternam.
1647 3058 1717 3113 Cum

128 3148 187 3206 lloe
200 3150 280 3206 etiarn
301 3161 390 3224 potest
404 3152 499 3210 relerri
518 3153 551 3209 ad
566 3167 709 3224 personam
722 3152 811 3208 Patris
825 3152 879 3208 1¹00
928 3162 1001 3217 enirn
1026 3160 1101 3231 prins
1128 3158 1284 3213 dicerentur
1299 3169 1365 3210 rasa
1385 3152 1442 3219 irae,
1455 3166 1528 3207 tinne
1555 3150 1644 3207 deleto
1666 3149 1719 3205 isto

88 3241 194 3298 modo:
206 3242 311 3309 llere,o
325 3244 416 3315 Pater,
428 3244 530 3301 inimici
542 3245 581 3300 tui
593 3244 719 3315 peribunt
733 3263 740 3300 :
754 3245 880 3316 quoniam
929 3249 1039 3307 nomine
1051 3250 1181 3306 dicuntur
1193 3261 1257 3302 rasa
1272 3244 1476 3310 misericordie,
1487 3256 1542 3296 non
1557 3242 1591 3296 ad
1608 3242 1717 3309 horarn,

89 3335 182 3406 fecisti
190 3334 322 3405 indiciam
333 3353 428 3404 mom,
438 3335 465 3391 id
478 3335 732 3406 armatorumque
741 3335 880 3406 judicatus
929 3344 977 3400 sed
991 3344 1019 3398 in
1036 3352 1173 3407 ceterarum,
1192 3339 1264 3411 qnod
1279 3348 1406 3394 eternam
1428 3345 1471 3391 est
1480 3335 1508 3390 ιἰι
1525 3333 1652 3389 soecnlnm
1666 3350 1719 3391 ιιι-

87 3435 136 3483 0⁸⁸
153 3426 295 3496 Christus,
316 3428 403 3498 itssffffl'
426 3445 523 3495 mm,
541 3426 569 3482 id
590 3438 632 3484 0⁸²
651 3427 719 3482 milli
744 3427 818 3482 utile·
834 3424 881 3482 Sit
929 3434 1072 3492 tutillam
1097 3434 1223 3490 raecninm
1244 3432 1336 3488 recoli
1362 3431 1486 3502 quandam
1508 3427 1655 3498 descriptio
1676 3436 1719 3484 est

88 3530 186 3577 nanta
197 3530 307 3577 ventum
321 3520 373 3577 sibi
384 3521 477 3577 utilem
492 3520 587 3577 dicunt
602 3535 693 3577 suum·
713 3519 749 3575 Ει
771 3533 881 3574 cansam
929 3526 1033 3584 emrni.
1046 3525 1208 3581 habemani
1222 3524 1283 3579 ttoni
1306 3525 1334 3578 tn
1355 3522 1491 3588 secutam,
1506 3529 1532 3575 er
1551 3520 1578 3574 tn
1590 3519 1718 3575 secatam

89 3628 213 3687 progna
228 3613 420 3681 dimittimur,
435 3615 521 3686 [mill
533 3631 628 3681 mm,
645 3614 671 3669 id
690 3621 732 3669 ‘nil
744 3613 810 3668 mihi
825 3612 880 3667 uli·
929 3618 1031 3675 retuli.
1042 3618 1094 3675 Per
1107 3618 1234 3674 seratam
1247 3632 1312 3689 ergo
1326 3615 1484 3687 intelligitur
1502 3628 1582 3669 omne
1599 3612 1717 3684 spatium

90 3709 159 3763 ison
175 3704 244 3762 Nam
258 3708 329 3777 qnod
344 3707 402 3778 ipse
412 3722 475 3763 vera
491 3706 605 3779 loquens
619 3706 765 3762 damnatus
778 3717 820 3761 est
831 3719 881 3775 pro
929 3719 1082 3781 temporum
1103 3709 1305 3767 decurrentium
1330 3717 1358 3763 et
1382 3706 1579 3763 recurrentium
1592 3706 1667 3762 velut
1688 3703 1717 3760 in

90 3799 219 3866 veritate,
231 3800 308 3871 qnasi
329 3800 515 3871 blasphemus,
529 3814 562 3856 eo
580 3800 654 3871 quod
678 3797 776 3854 Filium
790 3797 837 3853 liei
852 3812 882 3854 sc
930 3803 1076 3873 quemdam
1089 3801 1245 3857 circuitum.
1260 3798 1300 3853 Ex
1311 3798 1369 3868 ipsa
1380 3798 1453 3853 eninr
1467 3805 1619 3865 temporum
1634 3795 1718 3851 uicis-

90 3890 302 3957 (lfflbmllllum
326 3906 505 3962 peromnem
525 3892 636 3947 modum
655 3889 719 3946 utile
739 3888 791 3944 init
813 3887 880 3944 mihi
931 3896 1113 3953 situdinenon
1131 3909 1164 3951 ea
1186 3902 1244 3949 toto
1260 3892 1360 3957 deicit,
1374 3890 1421 3947 sed
1441 3891 1482 3947 sic
1501 3889 1610 3956 transit,
1626 3896 1657 3944 nt
1675 3905 1719 3944 re-

91 3981 225 4038 damnato
236 3992 345 4054 propter
358 3984 528 4041 mendacium
546 3999 562 4038 a
574 3990 699 4054 serpente
713 3982 882 4053 protoplasto
931 3966 1089 4058 dengunde
1106 4002 1156 4058 por
1170 3987 1256 4056 ipsam
1270 3984 1312 4041 sut
1326 3998 1455 4039 recursus
1467 3983 1637 4040 identitatem
1649 3995 1721 4052 quo.

92 4090 270 4147 persuasum.
281 4074 345 4132 Inde
356 4085 445 4132 antem
457 4084 532 4132 tanta
545 4076 648 4132 utilitas
658 4074 881 4145 processit,quod
931 4081 1077 4140 dammodo
1091 4080 1212 4135 imitatur
1224 4077 1400 4132 aeternitatem
1412 4094 1420 4144 ;
1434 4075 1481 4132 sed
1495 4084 1586 4131 tamen
1608 4083 1719 4146 propter

93 4178 125 4225 ιιι
142 4169 229 4235 iecisti
241 4185 321 4239 anper
331 4170 464 4236 thronum,
479 4168 506 4224 id
520 4177 561 4226 cst
573 4182 656 4239 snper
666 4167 786 4224 animatn
801 4166 882 4225 elnt-
932 4176 975 4232 sut
1002 4173 1209 4230 mutabilitatem
1233 4169 1336 4226 recedit
1358 4169 1393 4224 ah
1411 4169 1570 4225 aeternitate.
1585 4166 1719 4223 Soecnlnm

93 4260 289 4332 othonorum
317 4272 358 4325 tu,
380 4261 534 4327 muneras
563 4261 590 4316 in
617 4260 726 4316 Christo
749 4259 881 4315 mundum
931 4266 1023 4324 secati
1039 4273 1082 4322 est
1097 4265 1155 4334 ipsa
1168 4264 1313 4327 sororias,
1333 4261 1532 4331 consecutum
1546 4257 1720 4316 secundini-

95 4354 280 4411 reconcilians
294 4353 353 4421 tihi,
368 4354 414 4425 gni
423 4353 530 4423 judicos
548 4353 695 4424 justitiam,
706 4352 764 4409 sire
780 4362 809 4408 ut
830 4353 883 4409 alia
933 4371 988 4427 tur,
1005 4361 1069 4432 quin
1084 4367 1146 4431 post
1160 4372 1279 4428 ptaesens
1292 4355 1363 4412 Istud
1377 4355 1503 4411 secatam
1519 4365 1645 4410 sechim
1665 4362 1716 4411 esi·

95 4448 242 4508 iubilatio
258 4449 348 4514 illici·
356 4449 463 4518 11ιᾶῑοῦὸ
476 4449 641 4519 aeiulliitffl·
897 4454 962 4515 oto
982 4455 1035 4511 boc
1055 4452 1155 4510 saeculo
1169 4451 1261 4509 saeentt
1277 4449 1377 4524 peribit
1399 4448 1489 4505 omnis
1501 4447 1589 4505 virtus
1604 4447 1717 4509 diaboli.

133 4541 183 4599 Fst
198 4550 289 4599 antem
313 4543 428 4613 aequitas
443 4551 483 4611 ut,
509 4541 580 4598 sicut
596 4557 644 4613 per
659 4543 740 4600 nnius
755 4543 883 4600 delictum
933 4547 1002 4603 Nam
1017 4548 1103 4618 ipsius

94 4650 194 4693 omnes
220 4636 345 4692 homines
357 4643 489 4691 venerunt
515 4633 541 4688 in
571 4635 835 4704 condemnationem,
847 4635 883 4691 ita
970 4638 1052 4695 Vens.
1065 4637 1100 4693 'i.
1121 4637 1229 4694 inimici
1265 4638 1414 4709 defecerant
1446 4636 1555 4707 [remen
1579 4638 1607 4691 in
1629 4637 1717 4706 finem.

96 4745 147 4803 per
172 4726 254 4784 nnius
275 4727 412 4797 justitiam
429 4741 525 4783 omnes
537 4726 648 4782 veniant
662 4726 690 4782 in
710 4727 884 4796 iustificatio·
934 4731 961 4788 ld
981 4740 1023 4788 est
1045 4731 1071 4785 in
1086 4730 1225 4787 Clrristnm
1242 4730 1337 4786 allisae.
1354 4728 1431 4785 Sicut
1455 4728 1527 4785 enim
1551 4728 1659 4799 frumen
1672 4728 1719 4783 de·

95 4835 177 4880 nem.
190 4817 244 4874 nisi
263 4818 310 4888 gni
330 4818 463 4888 repellunt
485 4818 647 4873 medicinam
668 4818 720 4875 sibi
750 4827 882 4888 paratam,
934 4832 1088 4891 struuntur,
1107 4838 1168 4895 qum
1183 4824 1217 4879 ad
1232 4831 1336 4893 petram
1362 4820 1478 4877 solidam
1495 4819 1644 4876 alliduntur
1658 4839 1665 4874 ε
1679 4820 1720 4877 sic

94 4919 126 4965 ct
142 4909 270 4965 omnihus
283 4909 440 4966 hominihus
453 4911 581 4966 oblatam.
597 4908 675 4966 Unde
687 4910 760 4966 nulla
778 4921 820 4968 est
832 4913 884 4968 ba·
932 4917 1083 4988 deiecerunt
1103 4917 1221 4987 gramen,
1233 4915 1260 4970 id
1272 4923 1314 4970 cst
1329 4913 1418 4971 omnis
1434 4912 1618 4983 impietatiset
1629 4912 1718 4969 rehcl·

95 5002 186 5060 benna
203 5000 370 5069 sollicitudo,
384 5003 458 5074 qrrod
473 5002 554 5058 alicui
567 5002 667 5058 salvari
682 5000 801 5072 cupienti
815 5001 885 5058 desit
934 5009 1016 5065 lionis
1034 5008 1167 5063 machinae
1186 5007 1214 5060 in
1228 5006 1317 5076 finem,
1329 5005 1356 5061 id
1371 5014 1413 5061 est
1427 5005 1454 5059 in
1468 5002 1718 5067 ctntsmmatltsa.

97 5095 196 5165 gratia,
211 5095 257 5151 sed
273 5110 308 5150 nc
322 5096 385 5165 quis
396 5096 466 5152 desit
480 5096 573 5168 gratiae
588 5094 645 5162 hei,
660 5104 752 5149 monet
768 5094 885 5164 Aposto·
938 5100 983 5157 i'el
998 5101 1070 5157 circa
1085 5100 1164 5170 pacm
1182 5099 1323 5170 presentis
1335 5106 1363 5154 et
1376 5097 1574 5169 peregrinantis
1592 5094 1720 5150 Ecclesiae

97 5187 153 5252 lus,
169 5196 196 5242 et
213 5187 239 5241 in
260 5185 391 5258 Apostolo
407 5188 545 5257 Christus,
557 5189 601 5245 cni
627 5203 700 5245 nnnc
715 5188 825 5256 dicitnr,
837 5188 882 5259 qui
934 5194 1094 5265 deiecerant,
1111 5190 1138 5247 id
1157 5199 1200 5247 cst
1228 5190 1332 5260 absque
1358 5188 1443 5245 dnbio
1471 5187 1597 5243 delicient
1623 5199 1719 5240 ornnes

99 5277 204 5334 iodim
230 5279 401 5350 aequitatem
424 5283 502 5353 quasi
529 5282 656 5339 dicatur:
672 5295 726 5336 non
751 5283 885 5353 approbas
934 5284 1059 5349 inimici,
1083 5282 1109 5337 id
1131 5288 1173 5337 est
1194 5279 1354 5336 Antichristi
1385 5276 1572 5351 persequentis
1600 5276 1718 5346 promen,

99 5369 173 5424 hanc
198 5370 380 5441 iniquitatem,
396 5381 426 5427 ut
447 5376 567 5429 solvetur
581 5373 681 5445 aliquis
708 5382 804 5429 contra
829 5389 888 5430 suto
934 5376 1131 5448 qnondoillnm
1155 5374 1293 5440 Christus,
1304 5372 1351 5444 qui
1379 5381 1419 5428 est
1441 5371 1503 5427 linis
1524 5369 1655 5433 inlinitns,
1672 5367 1723 5425 de.

99 5460 248 5532 impietatis
272 5463 436 5518 obstinatam
453 5464 629 5521 uoluntatem.
644 5464 719 5522 Licet
743 5465 816 5521 eninr
836 5466 887 5520 ali·
935 5476 1023 5525 struet
1039 5467 1218 5523 illustratione
1232 5466 1364 5521 adrentus
1379 5463 1431 5519 sui.

99 5554 212 5625 quando
230 5555 264 5610 de
279 5555 364 5610 inrito
378 5553 672 5625 laciasroluntarinm’‚
689 5565 779 5613 tamen
797 5566 824 5613 te
841 5558 887 5628 ju·
972 5559 1007 5614 Et
1034 5560 1153 5614 ciuitates
1173 5557 1339 5613 destruxisti.
1368 5555 1426 5612 lloc
1447 5570 1502 5611 non
1527 5552 1611 5609 semel
1636 5552 1720 5610 ctiam

101 5645 211 5702 dicante
218 5646 354 5716 justitiam
365 5657 392 5703 et
404 5647 557 5719 aequitatem
573 5648 723 5706 voluntarie
734 5650 887 5706 obstinatus
936 5648 969 5706 ad
984 5651 1100 5705 litteram
1123 5646 1224 5702 lactum
1244 5654 1294 5701 cst.
1311 5642 1379 5699 Nam
1390 5652 1418 5700 ct
1431 5644 1496 5701 olim
1510 5641 1657 5716 babylonia
1669 5655 1721 5711 pre

101 5739 132 5803 in
149 5739 253 5797 malitia
273 5741 385 5814 impius,
400 5753 445 5803 tua
464 5742 612 5803 salradnne
626 5758 733 5814 semper
746 5743 885 5816 indignus,
936 5740 1056 5812 eoquod
1083 5738 1213 5811 populum
1241 5736 1289 5794 liei
1310 5736 1448 5807 captivum
1473 5734 1717 5805 tenuitetaldiait,
