3817 6000
97 250 166 313 lisa

408 252 685 313 condemnatura
706 251 739 306 tn
758 250 928 307 ustinus,
948 282 982 294 ·-
999 249 1091 305 PARS
1111 249 1151 305 l'l.
1164 281 1198 290 —-
1218 248 1316 306 rsit.
1337 248 1427 306 latit.

1662 249 1732 308 {75AE

97 371 214 426 allecium
235 371 453 437 administratur,
468 378 496 425 et
518 369 580 425 ideo
596 370 704 425 carnale
727 368 886 440 conjargium
901 371 923 428 Α
938 365 1071 436 relinquit
1085 363 1230 435 impunita,
1244 365 1376 435 qnoniam
1397 373 1424 419 et
1447 363 1504 435 ipsa
1519 364 1677 435 poenitentia
1690 369 1732 422 di·

96 460 173 517 laicis
186 471 213 517 et
226 463 309 517 etiam
323 463 431 517 clericis
449 470 526 517 extra
547 477 642 517 sacros
655 462 776 525 ordines,
792 470 820 515 ct
836 475 886 516 vo·

96 563 152 608 tum
180 555 356 610 continentiae
377 555 477 625 positis
503 554 672 618 conceditur,
693 552 766 623 quod
791 552 885 607 altaris

97 646 240 710 ruinistris
254 650 282 701 ct
301 647 407 701 caeteris
423 655 515 700 roturn
533 643 707 700 continentiae
722 642 886 697 habentibus

96 738 209 791 arimino
233 736 425 802 interdicitur,
455 750 489 788 ne
513 732 696 805 generationis
719 742 746 787 ct
770 747 885 802 regene-

96 829 211 884 rationis
231 829 381 884 ministeria
409 828 489 897 longe
513 827 584 881 inter
611 841 642 881 se
663 825 791 881 distincta
819 840 885 878 con·

96 920 245 977 fundarrtur
273 921 301 976 in
320 936 376 975 uua
403 935 529 990 persona,
559 927 587 973 ct
603 919 649 974 frat
672 917 790 989 populus
814 916 885 971 sicut

96 1013 233 1069 sacerdos.
252 1012 315 1068 inde
324 1021 376 1074 cst,
390 1012 462 1082 qnod
474 1012 555 1081 primi
573 1010 780 1081 regeneratricis
792 1009 886 1079 gratiae

95 1104 225 1171 nrirristri,
241 1104 370 1158 omnibus
385 1103 559 1174 relictisque
573 1103 763 1173 pertinuerunt
780 1103 813 1157 ad
828 1101 886 1155 offr-

94 1196 167 1251 eiurn
194 1196 354 1267 gerrerandi
379 1198 446 1252 solis
470 1196 554 1251 dediti
581 1195 691 1251 fuerunt
715 1195 884 1267 spiritalibus

94 1288 233 1343 exercitiis
248 1288 275 1342 in
288 1287 377 1344 officio
389 1288 582 1359 regenerandi.

129 1380 329 1454 Cascantcrgo
351 1382 401 1449 illi,
416 1383 464 1454 qui
486 1382 557 1437 lilios
573 1389 713 1453 generant.
735 1382 793 1438 freri
815 1383 886 1439 sicut

96 1490 186 1545 equus
197 1482 226 1531 ct
238 1476 330 1532 merlus
343 1477 445 1547 quibus
459 1492 512 1532 non
528 1484 570 1531 est
585 1475 757 1543 intellectus;
773 1487 887 1533 caveant

95 1566 154 1632 isti,·
167 1567 214 1637 qni
228 1567 375 1622 carnaliter
393 1567 500 1640 genitos
515 1567 707 1639 regeneratrici
725 1568 819 1640 gratiae
829 1566 887 1637 spi-

94 1657 186 1713 rituali
201 1659 355 1714 ministerio
368 1667 506 1728 coaptant,
523 1674 557 1713 ne
572 1657 599 1712 in
614 1658 719 1712 bonore
734 1657 816 1728 positi
831 1674 885 1713 ιιιιιι

937 458 1104 529 citurquasi
1125 458 1284 528 punitentia,
1310 473 1363 528 qua
1386 458 1458 513 licus
1482 460 1560 527 puna
1579 459 1730 515 electorum

935 562 1058 622 peccata,
1072 560 1235 621 cooperante
1251 550 1369 605 lrunrana
1389 549 1535 615 industria,
1552 561 1578 607 et
1591 552 1731 607 autlromo

936 643 1095 716 paenitendo
1116 643 1260 706 satisfacit.
1286 653 1334 697 ant
1357 642 1429 699 [leurs
1456 644 1615 701 ulciscendo
1635 664 1642 699 ε
1673 647 1731 702 siue

935 737 1009 807 quod
1024 743 1067 791 est
1081 734 1207 805 quaedam
1230 734 1374 805 iniqnitas,
1397 750 1479 804 quarn
1503 735 1550 805 qni
1573 734 1648 802 facit,
1674 751 1729 791 non

935 838 1027 900 potest
1045 828 1114 895 freri,
1127 837 1158 881 ut
1174 829 1337 883 misereatur
1352 829 1377 882 ei
1393 826 1475 893 Deus,
1492 827 1623 897 quianon
1636 829 1730 884 rcurit·

936 928 1009 976 tetur
1032 936 1121 992 neque
1144 920 1172 974 in
1195 920 1248 975 boc
1271 919 1381 986 saeculo,
1403 934 1492 989 neque
1511 919 1539 973 in
1555 917 1658 987 futuro,
1672 920 1731 975 bla-

936 1014 1060 1084 sphemia
1084 1013 1191 1068 scilicet
1213 1013 1240 1066 in
1267 1010 1398 1082 Spiritum
1423 1020 1560 1077 sanctum,
1583 1027 1644 1081 quae
1666 1022 1732 1070 tunc

936 1108 1048 1163 evidens
1068 1118 1120 1174 est,
1137 1123 1200 1162 eum
1224 1106 1286 1176 quis
1304 1114 1445 1176 peceatum
1469 1121 1562 1173 suum,
1578 1106 1651 1177 quod
1673 1106 1732 1163 odit

936 1196 1019 1265 licus,
1033 1197 1209 1270 pertinaciter
1224 1197 1313 1266 diligit
1325 1205 1353 1249 et
1366 1194 1496 1251 defendit.

971 1292 1076 1347 Aliter:
1100 1291 1163 1346 Nou
1185 1292 1336 1346 arrisarearis
1361 1291 1492 1356 oraruidus,
1518 1293 1563 1363 qui
1586 1302 1731 1361 operantur

936 1386 1115 1456 iniquitatem,
1131 1385 1177 1439 illa
1196 1384 1301 1439 scilicet
1315 1383 1503 1449 miseratione,
1518 1399 1580 1454 qua
1593 1400 1646 1437 non
1662 1384 1730 1438 libe·

936 1487 980 1532 rat
998 1478 1033 1531 ab
1047 1475 1202 1547 iniquitate,
1217 1478 1288 1531 sicut
1302 1476 1328 1529 in
1345 1475 1416 1530 isaia
1438 1475 1553 1531 dicitur:
1571 1496 1581 1527 ι
1599 1475 1730 1532 Miserea-

935 1585 1000 1625 mur
1026 1570 1120 1639 impio,
1147 1578 1174 1625 et
1194 1584 1250 1623 non
1273 1568 1361 1624 discet
1383 1566 1473 1623 lacere
1496 1568 1631 1639 justitiam
1657 1567 1727 1635 (isa.

936 1678 1011 1729 xxur,
1028 1662 1083 1733 lb).
1102 1680 1111 1713 ι
1127 1660 1176 1716 Est
1188 1675 1254 1731 crgo
1269 1661 1364 1715 nocira
1383 1659 1524 1715 miseratio
1549 1676 1611 1731 qum
1626 1665 1666 1716 sic
1680 1662 1730 1716 oli·

95 1749 258 1820 intelligant,
278 1760 362 1821 arque
387 1749 424 1805 ira
446 1757 641 1819 comparentur
659 1747 792 1818 iumentis
816 1748 887 1804 insi·
902 1759 922 1814 ιι
937 1763 1031 1821 caecat,
1048 1754 1089 1809 vet
1107 1755 1224 1809 undana
1239 1753 1351 1823 raptum
1364 1753 1392 1807 in
1408 1770 1456 1807 sua
1471 1752 1616 1822 tritossius,
1631 1763 1662 1808 ur
1673 1769 1729 1809 aon

93 1838 233 1909 pientibus
247 1848 274 1895 et
289 1839 395 1895 similes
409 1839 476 1894 liant
492 1839 555 1895 illis.
574 1837 708 1894 Gerrerent
722 1838 760 1893 illi
776 1838 846 1894 lilios
858 1852 885 1894 et

93 1930 165 1989 filias
180 1932 207 1987 in
226 1932 417 1989 benedictione
432 1933 546 1989 seminis
556 1932 684 1999 Abrabae,
702 1932 841 1988 ueletiam
857 1934 883 1988 in

93 2025 139 2079 illa
153 2025 243 2096 prima
260 2025 460 2093 benedictione,
487 2040 541 2096 qua
561 2024 664 2080 dietum
684 2033 726 2079 est
746 2024 885 2094 protopla-

93 2118 163 2173 stis:
180 2135 191 2167 r
208 2116 329 2173 Crescite
343 2128 369 2174 et
381 2118 613 2189 multiplicamini,
628 2128 655 2173 ct
669 2116 771 2186 replete
783 2126 884 2173 terram

93 2204 170 2277 (Gerr.
195 2223 215 2275 t,
240 2207 327 2278 28)st
352 2218 456 2266 semota
475 2209 584 2280 penitus
602 2208 805 2275 maledictione,
830 2224 884 2281 qua

93 2298 197 2355 dictum
212 2308 255 2355 est
268 2299 351 2356 Erae:
371 2320 380 2353 ι
396 2300 582 2372 llultiplicabo
593 2316 730 2357 aerumnas
746 2311 773 2356 ct
787 2314 884 2356 conce·

92 2400 156 2462 ptus
171 2402 232 2448 tuos
249 2391 326 2464 (Gerr.
344 2408 385 2461 ιιι,
401 2392 458 2465 ld).
482 2412 492 2446 ι
512 2391 683 2464 degenerent
705 2393 750 2449 isti
766 2406 816 2464 per
833 2392 884 2447 ba-

93 2484 225 2552 ptismum
242 2494 297 2538 tam
322 2483 424 2540 nrultos
438 2484 510 2540 illios
532 2494 559 2539 et
581 2484 651 2540 filias
667 2486 694 2539 in
717 2484 838 2550 Christo,
854 2491 884 2538 ut

92 2576 225 2646 regalium
240 2576 345 2631 sedium
359 2576 449 2634 adhuc
460 2578 488 2631 in
503 2594 588 2650 regno
602 2576 650 2633 Dei
669 2592 817 2633 vacuarum
830 2578 884 2633 cito

91 2666 139 2723 ssat
151 2667 307 2740 adimpletio
328 2669 516 2740 multiplicatis
538 2670 649 2741 regibus
669 2679 696 2725 et
721 2670 812 2741 regnis
829 2685 881 2741 pro

936 1846 1026 1903 discat
1041 1844 1132 1901 facere
1142 1845 1289 1917 justitiam.
1310 1844 1345 1900 lle
1365 1845 1458 1900 bacin
1476 1842 1545 1900 Osee
1559 1844 1660 1899 dicitur
1679 1843 1729 1900 im·

935 1937 1008 2007 piis:
1025 1955 1034 1987 ι
1050 1934 1237 1992 Misericordia
1253 1943 1341 1990 restra
1354 1934 1433 2005 quasi
1447 1933 1535 1991 nubes
1553 1935 1688 1990 matutina
1701 1941 1731 1992 et

935 2027 1015 2099 quasi
1031 2043 1078 2083 ros
1090 2043 1169 2082 mane
1186 2026 1372 2098 pertransiens
1387 2024 1463 2097 (Ore.
1477 2043 1515 2093 ιιι,
1534 2027 1572 2097 5).
1590 2046 1599 2079 ι
1616 2026 1731 2099 Tempo-

935 2121 1001 2175 ralis
1022 2135 1139 2191 uarrrque
1153 2119 1330 2190 prosperitas,
1352 2135 1414 2190 quae
1433 2118 1525 2189 impiis
1541 2128 1569 2174 et
1583 2121 1674 2176 stultis
1688 2120 1727 2173 ri·

935 2211 1014 2265 detur
1032 2211 1221 2267 misericordia
1241 2211 1344 2277 divina,
1359 2210 1438 2281 quasi
1458 2211 1545 2266 nubes
1567 2220 1616 2265 aut
1629 2211 1727 2268 nebula

935 2302 1081 2358 tenebrosa
1103 2302 1217 2372 justitiae
1235 2303 1321 2358 solem
1336 2303 1437 2357 talibus
1461 2303 1615 2370 abscondit,
1630 2304 1727 2374 etipsa

935 2394 1015 2463 quasi
1031 2409 1078 2448 ros
1092 2395 1147 2449 cito
1165 2393 1351 2464 pertransiens
1364 2395 1397 2448 ad
1417 2406 1534 2450 aeternas
1553 2410 1649 2465 poeaas
1664 2399 1727 2451 mit·

935 2486 978 2540 lit.
994 2483 1053 2539 Tali
1070 2501 1135 2557 ergo
1150 2486 1328 2541 miseratione
1347 2484 1419 2541 Deras
1435 2485 1578 2554 uirtutum,
1597 2486 1669 2544 Deus
1686 2488 1728 2545 ls·
1775 2534 1784 2553 .

935 2577 992 2633 rael
1006 2594 1058 2631 aaa
1072 2578 1223 2631 miserearis
1240 2578 1360 2632 carnibus
1377 2579 1423 2649 qui
1440 2589 1584 2649 operantur
1598 2580 1728 2651 iniquita-

935 2680 999 2725 tem.
1018 2668 1075 2725 Etsi
1096 2669 1254 2725 miserearis
1269 2669 1418 2739 aliquibus,
1441 2671 1526 2739 tuqui
1548 2669 1576 2723 in
1600 2673 1728 2729 sordibus

934 2769 1009 2825 sunt,
1026 2762 1186 2817 sordescant
1199 2762 1299 2828 adbuc,
1316 2760 1405 2831 etqui
1421 2770 1531 2829 nocent,
1549 2773 1664 2818 noceant
1675 2765 1726 2818 ad‹

934 2854 1009 2909 fruc:
1027 2864 1146 2909 attamen
1166 2872 1220 2909 ιιοιι
1240 2855 1277 2909 ita
1292 2855 1442 2909 miserearis
1454 2856 1586 2923 orrrnilrus,
1604 2859 1651 2928 qui
1665 2875 1727 2927 ope·

91 2758 267 2816 multitudine
279 2760 385 2816 sedium
400 2762 575 2833 regaliumin
590 2761 670 2817 coelo.

126 2855 216 2912 Etiam
244 2857 271 2912 in
292 2865 386 2914 sancta
401 2856 523 2914 Ecclesia
538 2859 730 2929 peregrinante
751 2858 840 2915 adfruc
854 2857 882 2913 in

87 2947 173 3004 terris
189 2958 228 3004 tot
241 2949 319 3007 sedes
334 2949 439 3020 regales
460 2950 648 3018 inueniuntur,
668 2958 736 3021 quot
751 2949 883 3006 ecclesia·
933 2957 1031 3003 rantur
1054 2948 1248 3095 iniquitatem·1
1263 2947 1310 3005 sed
1338 2962 1371 3004 er
1399 2947 1574 3004 multitudine
1600 2950 1726 3020 ipsorum

88 3043 168 3098 sticae
184 3041 329 3113 dignitates
348 3043 376 3096 in
390 3057 422 3097 ea
437 3043 653 3113 distinguuntur.
672 3041 708 3097 tlt
720 3058 785 3113 ergo
798 3043 880 3098 etiam
932 3040 1071 3113 distingue
1094 3050 1155 3097 tuos
1179 3040 1236 3096 elcc
1250 3056 1281 3096 os
1304 3057 1358 3094 non
1373 3039 1449 3095 breui
1471 3041 1657 3097 misericordia
1674 3041 1726 3099 fal·

90 3134 146 3190 illre
158 3135 237 3190 sedes
252 3134 357 3204 regales
367 3135 561 3204 possideantur
571 3149 586 3189 a
597 3135 722 3205 personis
732 3135 879 3206 regalibus,
894 3116 917 3176 C
932 3134 1038 3200 leudos,
1052 3134 1099 3190 scd
1111 3134 1261 3189 secundnm
1275 3149 1402 3204 magnam
1418 3133 1634 3189 miscricordiam
1650 3146 1724 3190 tuam

88 3226 218 3297 regimini
248 3226 375 3281 videlicet
394 3225 469 3296 justo
494 3225 567 3294 iuste
594 3226 828 3294 competentibus,
854 3233 881 3281 et
931 3233 959 3280 et
984 3224 1135 3280 secuudum
1156 3224 1359 3279 multitudinem
1385 3226 1591 3280 miserationum
1615 3235 1724 3282 trramm

88 3318 172 3375 ualde
186 3317 241 3374 cito
256 3318 400 3389 impleatur
413 3318 563 3373 electorum
580 3332 711 3372 numerus
726 3317 760 3371 ad
777 3317 880 3388 regales
931 3313 1110 3389 castigandos
1129 3327 1154 3374 et
1172 3318 1329 3374 salramlos.
1344 3316 1416 3386 Ergo
1439 3317 1569 3373 misirere
1589 3320 1723 3386 omnium,

88 3411 171 3467 sedes
187 3410 395 3481 predestinatus
411 3426 445 3466 ex
458 3409 587 3467 omnibus
598 3409 734 3481 gentibus,
746 3418 785 3476 tu,
796 3408 879 3475 Deus,
931 3427 1003 3482 quos
1019 3423 1080 3465 tuos
1092 3410 1144 3465 fide
1156 3420 1184 3465 et
1198 3424 1281 3480 npcrc
1293 3408 1402 3463 ferturus
1417 3423 1479 3463 esse
1494 3410 1654 3478 praenoscis,
1668 3427 1723 3466 mm

86 3501 734 3574 intendeadaisitaudaromrrmpentea,etresp'ce
746 3499 880 3556 infaciem
931 3501 1084 3558 secundum
1100 3518 1213 3572 parram
1231 3500 1390 3571 temporalis
1406 3510 1434 3557 et
1452 3500 1571 3558 fallentis
1585 3503 1724 3573 prosperi·

88 3592 221 3651 Ecclesia
236 3595 412 3666 degentibus
431 3593 562 3660 collectae,
578 3608 611 3649 ac
628 3594 779 3664 multiplica
801 3594 829 3648 in
847 3607 880 3648 ea
932 3594 996 3649 tatis
1011 3594 1239 3661 misericordiam,
1255 3610 1317 3665 quae
1333 3594 1432 3664 impios
1446 3595 1528 3649 mittit
1541 3595 1575 3650 ad
1594 3606 1723 3652 aeternam

87 3687 306 3758 regenerationis
318 3687 523 3754 fecunditatem,
540 3696 571 3743 ut
594 3685 650 3742 sint
666 3686 744 3741 multi
759 3686 807 3741 lilii
821 3701 880 3740 ma·
930 3686 1082 3752 miseriam,
1096 3702 1170 3741 rrunc
1187 3686 1240 3740 illis
1262 3686 1411 3756 parcendo,
1427 3686 1475 3741 sed
1498 3688 1647 3742 secundnm
1665 3704 1724 3743 ma·

86 3777 131 3850 gis
143 3778 267 3845 desertae,
283 3793 366 3849 quam
387 3778 457 3850 ejus,
474 3794 535 3850 quae
555 3778 638 3834 trabea
660 3777 762 3843 virum,
779 3786 806 3832 ct
827 3776 881 3831 im·
930 3793 1013 3849 gnam
1029 3776 1247 3832 misericordiam
1264 3786 1380 3831 tuamet
1396 3777 1546 3832 seeundum
1568 3778 1723 3835 multitudi-

86 3869 215 3941 pieantur
232 3873 333 3941 nuptiae
347 3872 597 3939 discumbentinm;
617 3881 837 3943 eorrgrcgatoque
850 3871 878 3925 in
929 3886 992 3925 nem
1006 3869 1212 3925 miserationum
1228 3879 1337 3924 tuarum
1360 3869 1476 3924 delendo
1501 3869 1661 3940 iniquitates
1674 3888 1723 3927 eo-

86 3963 219 4019 horreum
237 3964 327 4019 tritico
343 3966 482 4031 uniuerso,
494 3966 688 4035 propterquod
704 3978 778 4018 rrnnc
788 3962 879 4033 parcis
928 3978 991 4017 rum
1011 3960 1162 4018 fortissima
1176 3970 1203 4016 et
1221 3960 1380 4016 cautissima
1401 3960 1604 4032 deplanatione.
1626 3980 1680 4034 qua
1696 3976 1723 4020 ct

86 4056 165 4122 lulio,
179 4058 238 4129 jam
256 4058 327 4113 ultra
343 4074 398 4114 non
418 4073 527 4128 parcas,
544 4065 571 4113 ct
592 4073 643 4112 ιιοιι
657 4056 806 4111 miserearis
822 4070 879 4108 om·
928 4053 1035 4108 nullum
1059 4062 1200 4124 peccatum
1225 4050 1373 4107 indeletum
1398 4053 1557 4123 relinquas,
1582 4064 1609 4109 et
1631 4063 1721 4110 tamen

84 4149 165 4203 erilem
179 4151 224 4216 qui
246 4158 389 4220 operantur
409 4149 589 4219 iniquitatem.
613 4145 658 4203 Sic
671 4147 770 4202 merito
783 4154 811 4201 el
827 4162 879 4201 ιιιι·
928 4146 1037 4201 tabulas
1056 4145 1179 4202 cordium
1200 4142 1341 4216 gentilium
1358 4157 1412 4197 non
1428 4140 1550 4214 frangas,
1570 4153 1600 4199 ut
1618 4143 1721 4215 fregisti

85 4255 165 4295 ruem
189 4249 369 4312 arrgnrentare
391 4241 513 4310 digneris
539 4254 624 4310 grana
646 4239 742 4306 electa,
767 4246 798 4293 ut
822 4251 877 4292 non
927 4237 1050 4309 lapideas
1075 4238 1183 4293 tabulas
1206 4237 1283 4292 durae
1305 4236 1420 4291 ceruicis
1435 4235 1538 4306 populo
1561 4237 1672 4302 missas,
1693 4238 1720 4292 iu

84 4345 157 4400 opus
179 4332 279 4388 trabeas
301 4330 392 4387 dicere
417 4332 503 4388 seruis
526 4331 598 4387 tuis:
628 4327 741 4386 «Sinite
760 4338 877 4401 utraque
928 4329 1039 4401 signum
1065 4330 1191 4385 uidelicet
1215 4327 1337 4384 iudaicae
1360 4326 1469 4382 duritia
1491 4328 1636 4397 paenaliter
1658 4344 1722 4383 eoa-

84 4439 211 4479 cresccre
222 4423 330 4496 (Matala.
346 4439 407 4492 ιιιιι,
421 4424 478 4496 dil).
497 4444 507 4477 ι
523 4422 577 4480 Sed
594 4432 701 4481 serrato
720 4423 811 4480 tritico
824 4440 875 4478 aaa
891 4420 1082 4514 1>fungendo
1097 4421 1156 4478 Non
1169 4423 1209 4478 sic
1221 4421 1330 4479 eueniat
1343 4421 1479 4494 gentibus,
1495 4436 1544 4490 pro
1556 4421 1656 4492 quibus
1671 4436 1720 4476 oro

84 4516 238 4571 miserearis
249 4519 369 4573 omatibus
385 4517 509 4586 zizaniis,
524 4535 575 4572 noa
583 4519 732 4573 miserearis
744 4518 874 4584 erunibus,
928 4528 983 4570 non
997 4515 1213 4587 confringendis,
1229 4515 1275 4570 sed
1294 4513 1496 4570 convertendis.

84 4610 132 4681 qui
146 4620 288 4679 operamur
309 4611 487 4682 iniquitatem.
511 4606 709 4666 Universaliter
722 4609 804 4666 dico:
827 4605 876 4662 fu·
963 4607 1129 4677 lliapsalma.
1157 4606 1190 4663 Et
1208 4606 1273 4677 quia
1295 4604 1424 4661 frustrari
1446 4621 1499 4661 nun
1520 4612 1610 4675 potest
1630 4605 1719 4661 oratio

85 4702 163 4757 terrdc
182 4701 217 4756 ad
230 4704 375 4760 visitandas
388 4721 477 4759 omnes
494 4714 593 4775 genter,
609 4713 634 4758 ct
652 4703 716 4757 itcm
733 4702 876 4756 uniuersa·
926 4715 999 4767 mea,

1 4822 2 4837 .
84 4798 150 4853 liter
162 4795 313 4868 subiungo:
330 4814 382 4854 non
393 4798 545 4854 miserearis
563 4794 683 4850 omnibus
702 4796 747 4866 qui
762 4808 875 4864 operau-
963 4791 1047 4848 Vsns.
1065 4792 1091 4848 7.
1103 4791 1293 4849 conuerteretur
1309 4791 1344 4845 ed
1361 4808 1503 4862 uesperam,
1523 4799 1548 4846 et
1560 4791 1659 4862 famem
1669 4807 1718 4861 pa-

7 4910 10 4917 r
85 4898 131 4943 tur
155 4888 335 4957 iniquitatem,
350 4871 426 4961 'qnia
454 4907 463 4941 ι
480 4887 598 4943 inomni
622 4893 712 4958 genle,
731 4884 778 4955 qni
799 4882 876 4939 timet
928 4887 1026 4942 tienrur
1040 4898 1067 4942 ut
1083 4904 1171 4943 cases.

0 5008 9 5027 r
84 4980 185 5048 Deraia,
203 4989 231 5037 ct
244 4991 373 5052 operatur
392 4983 528 5052 justitiam
546 4988 674 5051 acceptus
692 4987 735 5035 est
748 4977 787 5033 illi
803 4977 873 5048 (Act.
960 4975 1040 5033 Nunc
1053 4977 1171 5033 aversia
1191 4977 1252 5032 luce
1265 4977 1389 5033 acritatIs
1405 4977 1485 5049 quasi
1504 4976 1569 5047 lippi
1589 4984 1636 5030 aut
1650 4976 1715 5031 caci

0 5096 7 5109 ι
83 5075 184 5145 ιι,55),
200 5094 210 5128 ι
228 5084 256 5132 et
280 5076 309 5132 in
330 5078 459 5134 omnibus
481 5076 608 5150 gentihus
634 5093 644 5129 ι
668 5074 758 5131 omnis
781 5071 873 5141 arbor,
926 5081 1110 5127 correertemur
1134 5069 1168 5126 ad
1189 5085 1250 5126 eam
1271 5071 1428 5137 ridendam,
1443 5070 1494 5126 etsi
1515 5085 1570 5124 nun
1589 5085 1670 5124 mane
1686 5081 1716 5125 ut

82 5187 147 5243 quae
157 5186 213 5226 non
225 5169 292 5227 facit
307 5170 427 5226 fructum
441 5166 774 5238 leonumcrcidetur,ctin
784 5166 874 5239 ignem
925 5164 1047 5231 rideant,
1062 5162 1200 5233 quomodo
1215 5162 1243 5216 in
1256 5163 1390 5234 principio
1403 5171 1461 5217 erat
1476 5160 1608 5230 Verbum,
1621 5160 1675 5217 rita
1687 5169 1715 5217 ct

82 5263 209 5320 mittetur
217 5261 326 5337 (Matri.
337 5281 378 5332 ιιι,
390 5265 445 5337 ld).
463 5262 500 5320 tn
513 5280 578 5338 ergo
591 5261 758 5320 acceleretur
771 5259 875 5316 utrius·
925 5257 973 5312 lux
990 5257 1145 5323 bominum,
1163 5255 1215 5312 etsi
1233 5270 1288 5310 non
1308 5254 1422 5310 meridie
1439 5262 1469 5308 ut
1482 5254 1593 5309 rideant
1613 5269 1656 5309 mc
1669 5270 1715 5309 so·

2 5367 18 5412 e·-
79 5373 138 5430 qnc
157 5359 570 5426 univcrsitatisconsummatio,
603 5366 735 5430 qnantum
758 5353 792 5410 ad
819 5353 874 5409 ele·
925 5350 1101 5422 lemjustitiae
1114 5349 1142 5404 in
1157 5364 1264 5405 summa
1278 5364 1338 5404 mea
1352 5347 1514 5404 celsitudine
1527 5345 1713 5412 relclaritate,

18 5461 22 5476 ·
80 5459 145 5508 ctos
159 5460 186 5506 et
206 5453 432 5522 praedestinatos,
448 5469 543 5509 omnes
558 5463 652 5525 gentes
673 5466 742 5522 rogo
756 5447 872 5514 visitari,
924 5460 987 5516 quae
1016 5443 1087 5498 risio
1112 5444 1232 5514 reposita
1261 5449 1304 5498 cst
1331 5439 1427 5511 paucis
1450 5436 1623 5494 electissimis·
1651 5454 1713 5494 cum

78 5553 112 5602 et
125 5553 258 5614 quantum
273 5546 307 5601 ad
318 5546 451 5617 reprobos
463 5547 583 5601 crateribus
594 5544 761 5616 operantibus
777 5540 874 5611 iniqui·
924 5553 1026 5609 sponsa
1047 5553 1092 5593 me
1111 5536 1326 5609 requirentibus,
1341 5534 1387 5590 arbi
1407 5548 1528 5604 pascam,
1548 5533 1593 5588 ubi
1615 5530 1714 5587 cubem

17 5641 24 5680 l
78 5645 164 5691 autern
182 5650 248 5708 rogo
268 5638 486 5694 miscricordiam
510 5639 648 5709 denegari,
669 5636 744 5709 qnod
764 5635 873 5690 duobus
923 5629 951 5683 in
983 5627 1121 5684 meridie:
1147 5637 1265 5683 attamen
1290 5627 1325 5680 ad
1358 5641 1491 5695 uesperam
1517 5631 1699 5679 convertentur

9 5739 24 5790 d
76 5728 275 5802 mettspotest
293 5732 488 5804 intelligisne
506 5731 570 5803 qaia
583 5730 654 5788 fleus
669 5731 742 5786 nulla
761 5738 872 5801 peecata
924 5724 989 5797 quia
1004 5721 1165 5781 imminente
1177 5722 1234 5794 jam
1256 5724 1308 5780 fine
1333 5722 1427 5780 mundi
1448 5738 1481 5780 ex
1503 5722 1601 5800 intuitu
1619 5718 1626 5756 i

3 5837 25 5902 a
