3817 6000
192 199 257 257 rest
656 191 807 249 ιιιιιιοιιι
827 190 1021 247 onerosior
1040 188 1312 247 ueteranosesno.
1745 192 1820 250 usas

190 318 245 373 tas,
257 322 337 378 neque
348 305 463 370 clariter,
479 323 524 362 uec
548 304 618 361 ullas
640 306 780 360 doloresit
800 306 882 372 ultr-n,
913 308 977 376 piria
993 318 1014 373 ,ι
1030 306 1063 361 ad
1080 305 1232 372 historiam,
1247 306 1312 376 quin
1327 305 1398 361 sieut
1416 304 1499 360 David
1515 304 1638 376 impensa
1657 314 1686 361 et
1699 315 1821 377 appara-

189 397 406 468 primaaiicraut
421 396 582 470 (ripuarias,
603 397 642 466 dl,
667 396 979 467 quandomahiplicaii·
1029 406 1058 453 tu
1070 412 1122 452 suo
1137 395 1266 467 templum
1288 395 1404 450 hermino
1429 396 1582 464 aedidmuit,
1595 405 1624 453 ct
1644 407 1821 469 posteacun

191 496 235 542 tar
248 488 306 558 ejus
317 488 468 557 imperium,
479 497 504 543 et
518 488 593 558 pacis
605 504 657 541 nan
670 488 787 558 cristinia
800 487 871 559 (lca.
887 505 925 555 rr,
938 488 976 558 t).
1024 487 1195 556 jocunditate
1204 495 1232 544 et
1244 488 1413 544 solemnibus
1426 488 1516 545 seritis
1536 489 1569 544 ad
1583 485 1691 546 laudem
1706 490 1821 548 uouere

227 577 318 634 Gloria
332 576 419 646 Patri,
433 587 459 633 et
479 577 562 645 Filio,
577 587 601 634 ει
616 576 730 649 Spiritui
742 587 846 635 cerreta.
860 577 913 634 Uni
926 579 978 634 ho
1026 579 1180 646 dedicarit:
1195 580 1235 635 sic
1247 593 1347 650 corpus
1359 579 1463 637 Christi
1484 580 1635 637 meandum
1647 582 1821 654 singularem

191 672 276 739 utino,
293 671 372 742 cujus
384 679 427 726 εει
437 671 491 726 hoc
501 684 613 738 nomen,
624 670 658 726 de
678 685 733 742 quo
744 669 845 726 dicitur
854 671 881 725 in
897 669 978 725 Paul·
1027 671 1194 727 nativitatem
1207 671 1383 743 sinepeecato
1395 672 1558 729 edificatum
1570 684 1597 729 ct
1607 689 1655 745 per
1666 673 1823 731 haurn-e·

190 782 255 821 nra:
281 765 380 834 diserte
395 763 507 817 Domino
525 763 638 834 glorium
651 765 751 818 numiui
764 763 832 833 ejus.
854 762 910 819 Hoc
924 779 977 820 ou·
1028 764 1130 819 tionem
1151 763 1180 818 in
1190 770 1294 820 aeterna
1320 763 1547 834 impassibilitatis
1561 774 1590 821 ut
1603 765 1823 822 immortalitatis

192 875 265 926 meu,
292 858 365 929 quod
389 866 431 912 est
442 855 534 923 Pater,
551 867 575 911 ει
590 855 678 912 Filius
689 867 714 911 et
726 855 843 928 Spiritus
858 870 978 924 suiectus,
1028 853 1113 925 gioria
1136 861 1179 910 est
1203 852 1369 910 dedicatum.
1386 854 1521 911 Dedicatae
1536 853 1649 923 hermus,
1670 857 1824 924 immutati,

191 968 240 1023 per
253 950 333 1021 errius
352 949 552 1005 invocationem
573 950 602 1005 in
620 950 756 1020 baptismo
782 950 933 1006 aedificatur
951 961 978 1006 et
1027 954 1054 1001 et
1069 946 1138 1000 ultra
1152 944 1209 1015 jam
1223 959 1278 1000 non
1288 946 1414 1000 morituri
1428 945 1546 1001 hominis
1559 943 1652 1003 lleisrci
1664 963 1747 1003 uoces
1761 949 1825 1004 iste

193 1041 630 1108 consummaturtaheroaeulum,
644 1041 712 1096 nulli
727 1058 847 1112 tanquam
871 1042 923 1097 hait
938 1050 979 1097 nt·
1029 1045 1115 1093 sunt:
1134 1035 1246 1090 Domine
1258 1035 1327 1090 Deus
1342 1052 1414 1089 maus
1443 1035 1556 1090 clansam·
1568 1036 1602 1090 ad
1626 1044 1660 1098 te,
1674 1046 1699 1091 et
1714 1039 1824 1091 sanasti

191 1135 322 1189 tributum
335 1133 406 1187 inter
421 1131 487 1188 deos
506 1131 641 1189 rettatsos
653 1132 695 1187 vel
705 1132 857 1204 adoptivos.
868 1131 903 1187 Et
914 1133 978 1204 qui·
1030 1143 1081 1182 me·
1097 1126 1186 1183 hem:
1203 1126 1313 1182 Domina
1334 1128 1362 1182 iu
1378 1126 1513 1182 uoluntate
1540 1137 1586 1181 tua
1605 1129 1760 1198 prestitisti
1775 1129 1825 1181 dc-

191 1224 253 1280 dem
268 1225 345 1280 sario
361 1238 454 1279 errare
479 1223 573 1279 delusa
586 1222 723 1295 gentilitas
740 1223 868 1295 quelibet
897 1223 980 1282 laiso·
1029 1221 1084 1274 cari
1099 1236 1155 1275 orco
1166 1220 1300 1287 virtatem,
1319 1237 1350 1274 ac
1367 1220 1517 1291 deinceps:
1540 1220 1697 1277 conscidisti
1712 1237 1825 1275 saccam

191 1331 253 1371 rum
267 1315 380 1370 deorum
398 1314 505 1370 dicehat
523 1316 736 1387 omnipotentem
757 1325 788 1371 ut
808 1315 912 1381 larem,
930 1332 979 1372 seu
1029 1328 1132 1379 mum,
1158 1321 1184 1366 ct
1208 1312 1408 1368 circumdedisti
1435 1329 1475 1368 me
1500 1309 1596 1368 latitia
1622 1312 1711 1385 (Psal.
1740 1328 1823 1380 sxta,

192 1406 341 1463 terribilem
362 1416 392 1460 ut
403 1404 563 1473 Plutonem,
581 1418 608 1464 et
632 1407 705 1464 aliud
729 1409 980 1480 qrrodcunqueveri
1030 1404 1056 1471 5,
1073 1403 1100 1471 8,
1121 1402 1178 1474 12)-

193 1499 240 1554 ilci
262 1516 361 1556 nomen
384 1500 523 1555 transtulit
546 1501 581 1556 ad
601 1517 667 1558 suos
693 1501 777 1558 salsos
803 1501 883 1568 ocos,
905 1502 980 1560 istud
1065 1495 1260 1553 Etrrotarrdum
1274 1496 1824 1570 arradseptenaroxt’roptrerainrisau-

192 1608 256 1649 reru
276 1592 364 1648 solum
387 1608 488 1649 nomen
511 1593 586 1660 trini,
601 1601 629 1650 et
654 1594 818 1661 animosi,
844 1597 915 1666 qrrod
938 1604 980 1651 est
1030 1593 1066 1648 tis
1083 1592 1117 1648 ad
1132 1591 1330 1648 dedicationem
1346 1598 1420 1646 recte
1440 1591 1599 1662 interposita
1612 1597 1655 1647 cst
1671 1592 1763 1647 media
1777 1592 1824 1646 in·

192 1681 275 1737 Pater
283 1693 308 1738 ct
323 1682 348 1737 F
350 1683 412 1739 ilius
437 1693 463 1738 ct
482 1683 598 1755 Spiritus
618 1694 737 1754 sanctus,
764 1685 830 1741 nulii
857 1701 978 1757 unquam
995 1696 1016 1755 [ι
1031 1691 1072 1739 ter
1089 1683 1159 1739 duos
1179 1684 1309 1753 psalmos,
1330 1698 1447 1753 ignorum
1469 1681 1545 1754 prior
1565 1682 1599 1737 dc
1614 1680 1759 1751 Passiane,
1779 1699 1825 1742 se·

193 1774 312 1832 Deorum
326 1775 374 1830 init
383 1776 555 1846 attributum,
571 1793 659 1849 oeque
681 1793 803 1850 unquam
817 1777 870 1836 luit
880 1779 908 1834 iu
925 1781 979 1836 irae
1029 1769 1116 1845 ducos
1126 1773 1223 1845 aalide
1234 1771 1455 1839 Resutrfflllffllssr
1468 1773 1598 1844 quoniam
1609 1773 1669 1844 ipsa
1677 1771 1825 1832 ὓθῠὶἰῑιῑᾰ

192 1868 296 1924 mundo
309 1869 596 1940 auditum,antequam
613 1869 670 1925 Vos
681 1871 791 1927 Domini
806 1889 979 1944 superamus
1029 1866 1122 1939 passio
1142 1866 1235 1936 tempii
1250 1865 1359 1936 quidem
1382 1864 1483 1922 solutio
1502 1865 1558 1921 risa
1579 1875 1622 1922 cst
1638 1863 1824 1936 Judaeislapi·

191 1961 308 2016 irrtouuit
326 1961 420 2018 dicens
430 1961 570 2033 discipulis
587 1962 657 2028 εΙιε,
673 1964 762 2020 docete
775 1982 863 2021 orrrucs
879 1977 978 2038 gentes,
1029 1958 1091 2014 (lem
1106 1959 1263 2031 angularem
1277 1958 1497 2028 reprobantibus·
1522 1955 1650 2013 Attamen
1664 1973 1716 2028 pet·
1731 1958 1823 2028 ipsam

192 2052 357 2123 baptizantes
366 2069 410 2107 eas
433 2054 462 2106 iu
472 2055 576 2109 neruiue
588 2054 692 2124 Patris,
705 2066 730 2111 et
744 2055 820 2126 Filii,
844 2067 870 2112 ct
892 2057 980 2128 Spiri-
1029 2049 1185 2123 {ussitidem
1200 2050 1298 2106 domus
1307 2047 1365 2114 ⁰⁰³·
1378 2064 1440 2120 (11¹ae
1450 2059 1493 2106 θὸῑ
1507 2047 1640 2116 Ecclesia,
1652 2047 1768 2105 firmil&
1779 2058 1824 2104 ‘³⁵⁸

192 2154 235 2198 tua
260 2144 470 2215 sauctiillatth.
491 2147 665 2220 xxvtrt,l9).
694 2146 764 2216 Quia
791 2165 857 2221 crgo
875 2151 980 2207 dictum
1029 2142 1221 2209 aediflffllarde
1245 2142 1328 2200 iniere
1354 2141 1455 2199 Christi
1482 2140 1634 2212 ltr⁰ss¹¹0¹¹l0
1652 2142 1767 2196 maleth
1793 2141 1823 2197 in

192 2244 234 2292 est
246 2236 273 2290 in
285 2236 407 2306 psatmo:
420 2236 520 2307 apere
536 2235 648 2293 homino
668 2239 782 2310 glorium
799 2242 901 2296 uorrrtnt
911 2242 978 2313 ejus,
1030 2232 1163 2304 sangnine
1173 2241 1199 2288 et
1212 2248 1294 2304 aqna,
1309 2231 1342 2288 de
1357 2248 1411 2303 qua
1427 2230 1543 2287 materia
1561 2229 1693 2287 fabricata
1708 2240 1752 2288 est
1769 2229 1824 2287 Ec·

193 2339 245 2382 nos
256 2326 320 2383 huie
330 2327 505 2398 potissimum
519 2330 631 2396 nomiari,
646 2331 726 2401 cujus
748 2332 845 2388 notitia
866 2336 980 2388 intonuit
1029 2327 1124 2391 alesia,
1140 2335 1169 2381 ut
1182 2325 1216 2381 de
1230 2334 1306 2383 cesta
1321 2326 1372 2380 siri
1388 2325 1460 2382 laeta
1481 2335 1522 2382 est
1540 2324 1652 2381 semina.
1671 2321 1719 2380 Sic
1738 2322 1824 2378 nimi-

193 2436 365 2490 superstruas
381 2420 490 2488 inultas,
514 2437 561 2492 per
583 2431 686 2493 septem
702 2438 782 2481 voces
795 2424 887 2481 inhoe
906 2425 981 2496 psai·
1031 2435 1091 2474 rum
1112 2433 1160 2489 per
1175 2417 1330 2474 Passionem
1343 2417 1445 2474 Christi
1466 2416 1599 2474 aedificato
1612 2416 1746 2472 taberculo
1762 2417 1825 2474 sire

194 2527 240 2567 roo
253 2512 426 2584 depromptas
446 2513 560 2585 gloriam
583 2515 724 2573 aderimus
747 2517 862 2573 dicendo
890 2517 981 2573 inllne
1030 2511 1130 2582 templo
1144 2511 1201 2567 sire
1224 2511 1306 2566 domo
1329 2512 1396 2582 (una
1420 2511 1493 2566 enim
1508 2526 1553 2567 res
1570 2518 1598 2566 et
1619 2508 1823 2565 conmaculans

193 2604 302 2675 psahni:
317 2603 408 2659 Gloria
423 2605 499 2659 Patri
512 2615 537 2660 ει
554 2605 626 2661 Filio
640 2615 665 2661 ει
677 2606 792 2679 Spiritui
805 2617 907 2662 sancta.
1030 2603 1140 2669 dieitur,
1158 2603 1185 2657 in
1199 2619 1254 2674 quo
1268 2602 1412 2668 militatur,
1429 2611 1456 2658 et
1471 2600 1607 2674 templum,
1622 2602 1649 2657 in
1664 2616 1720 2673 quo
1733 2600 1824 2657 saeti-

230 2695 338 2751 Aliter:
366 2696 458 2751 Gloria
482 2696 570 2766 Patri,
584 2700 632 2770 qui
653 2716 731 2770 super
747 2717 829 2770 aquas
840 2700 955 2754 irrtorruit
971 2716 980 2764 ,·
1030 2697 1136 2762 licetur,
1151 2704 1178 2750 et
1200 2695 1304 2762 damus,
1319 2710 1381 2765 quas
1396 2693 1586 2765 inhabitatur),
1608 2692 1753 2760 aedificato,
1777 2692 1824 2747 in·

194 2783 288 2840 Gloria
313 2784 406 2853 Vario,
426 2802 474 2856 per
503 2790 576 2857 quod
595 2790 864 2861 intonuir,qnodque
878 2791 979 2847 nuhem
1030 2801 1123 2856 qtraur,
1138 2787 1228 2843 taliter
1239 2786 1426 2855 tohemaculo,
1440 2787 1551 2859 templa,
1570 2787 1653 2843 domo
1672 2793 1823 2857 antequam

194 2877 285 2932 carnis
299 2879 532 2948 assumpsit,utde
545 2880 601 2950 ipso
618 2880 691 2936 nahe
703 2883 823 2936 tornitrua
837 2890 979 2937 sonarent.
1030 2886 1147 2947 portatur
1160 2878 1187 2934 ei
1201 2878 1346 2946 dedicatio,
1357 2879 1463 2934 clanror
1477 2878 1599 2935 insonuit
1613 2876 1767 2935 Psalmistae
1780 2878 1825 2934 di·

195 2964 286 3022 Gloria
298 2965 411 3038 Spiritui
422 2978 515 3024 sancte
529 2969 682 3040 septiformi
706 2972 808 3042 septies
819 2987 901 3028 voces
914 2988 980 3029 snas
1029 2969 1116 3026 ceritis
1133 2988 1140 3025 ε
1155 2969 1255 3040 Aperte
1279 2968 1404 3038 Dareine,
1427 2970 1479 3042 filii
1504 2968 1566 3039 Ilei,
1589 2971 1682 3042 afferte
1705 2969 1824 3026 domina

194 3052 350 3108 enuntianti
374 3054 408 3109 ad
426 3056 691 3114 consummationem
723 3059 902 3126 tabernaculi,
922 3062 980 3117 sive
993 3055 1016 3115 C
1030 3062 1100 3134 filias
1111 3063 1234 3118 arictum.
1244 3061 1304 3118 Tali
1316 3063 1437 3120 elausere
1447 3079 1542 3121 vocem
1557 3061 1703 3136 interrupit
1717 3064 1824 3119 Christi

195 3143 299 3214 templi,
315 3144 395 3215 cujus
409 3162 472 3202 oros
496 3147 657 3218 insequenti
671 3150 777 3219 psalmo
797 3152 980 3223 sequitnrde-
1032 3154 1176 3211 clamantis
1200 3154 1228 3210 iu
1252 3154 1414 3225 praecedenti
1438 3157 1546 3227 psalmo
1563 3171 1613 3228 pra
1633 3156 1676 3214 sui
1694 3157 1824 3228 corporis

195 3235 305 3292 dicatio.
318 3234 405 3294 hahet
417 3238 491 3294 enim
512 3239 539 3294 in
556 3241 635 3296 titolo
647 3242 707 3298 sic:
730 3241 855 3298 Preietos
882 3246 980 3300 cantici
1032 3245 1134 3315 templo
1152 3244 1350 3313 reedificando,
1373 3256 1401 3303 et
1422 3246 1545 3317 ejusdem
1568 3246 1714 3305 clamantis
1734 3249 1763 3303 in
1779 3264 1824 3305 se-

196 3327 392 3384 iudedr'catiouc
413 3328 507 3387 damus
535 3330 632 3387 dauid.
650 3331 699 3389 ilie
714 3333 810 3391 titulus
830 3336 913 3393 mittit
927 3351 979 3393 nos
1031 3336 1823 3410 quentipsalmoproeodemtemplodedicando,cuardieitz

208 3493 1820 3529 mmm-...umn—

776 3680 1040 3774 PSthlUS
1072 3685 1253 3774 xxix.

233 4027 365 4087 Eualtaio
380 4036 414 4101 te,
429 4029 549 4101 Domine,
566 4032 690 4106 quonlam
701 4032 838 4106 suscepisti
853 4051 903 4090 me.
917 4035 981 4107 Agit
995 4041 1018 4097 Ι)
1032 4036 1070 4093 tio
1085 4052 1150 4094 vero
1168 4037 1228 4108 ejus
1236 4035 1293 4108 jam
1311 4033 1442 4105 incapite
1456 4008 1584 4106 tanguam
1599 4032 1628 4088 in
1642 4030 1825 4088 fundamenta

194 4123 268 4177 enim
282 4122 327 4179 hic
337 4122 426 4196 ipsum
441 4133 522 4195 eaput
533 4123 662 4182 Ecclesiae
673 4125 799 4182 Christus
812 4125 846 4183 de
857 4141 906 4182 sua
917 4142 982 4196 ope-
1031 4128 1103 4186 iaeta
1116 4136 1168 4195 est,
1183 4128 1248 4201 quia
1271 4126 1399 4183 Christus
1414 4141 1561 4199 resurgens
1572 4124 1600 4180 in
1614 4125 1826 4181 immortalitate

112 4287 114 4293 y
197 4212 302 4268 ratione
318 4221 346 4268 et
368 4221 468 4269 aeterna
491 4214 720 4269 remuneratione.
745 4213 875 4269 llortatur
898 4215 981 4270 etiam
1031 4219 1208 4275 eondrmatus
1224 4226 1267 4275 εει
1281 4216 1439 4285 :Quaestum
1468 4219 1502 4274 ad
1524 4215 1688 4284 Ecclesiam,
1719 4217 1768 4271 het
1795 4217 1823 4271 in

196 4323 263 4365 snas
277 4308 380 4369 tidelcs,
396 4316 426 4362 ut
446 4322 497 4363 suo
512 4308 635 4379 exemplo
649 4308 795 4379 psallentes
811 4307 938 4375 Domino,
953 4316 982 4364 et
1031 4308 1133 4377 lutura,
1148 4310 1258 4381 quando
1277 4309 1347 4379 justi
1362 4324 1412 4365 auo
1436 4307 1517 4379 capiti
1547 4307 1644 4363 sociati
1662 4305 1775 4361 saalum
1796 4307 1824 4360 iu

196 4397 355 4453 confitentes
371 4397 404 4452 ad
420 4396 542 4452 eamdem
564 4398 684 4454 laetitiam
699 4397 841 4468 peruenire
856 4414 982 4455 merean-
1031 4418 1127 4473 magua
1145 4398 1634 4474 comtautia(Sap.v,i).Cumauteru
1644 4398 1824 4469 inserperiore

198 4499 250 4544 tur.
275 4486 353 4545 licet
366 4497 455 4544 autem
469 4488 496 4544 in
512 4488 591 4545 titulo
606 4490 738 4547 hahentur
753 4488 847 4562 (Vsus.
864 4490 909 4561 li:
1030 4477 1136 4563 psalmo
1151 4501 1277 4564 ageretur
1288 4492 1323 4549 de
1335 4490 1824 4550 consummationembemaeulitem·

233 4594 349 4635 rsntuus
362 4590 470 4635 amram
482 4593 508 4635 tu
520 4594 699 4636 aenrcnrroas
712 4596 800 4637 nouus
809 4597 901 4636 usura.
1031 4598 1097 4653 pore
1111 4583 1185 4649 helii,
1199 4593 1272 4641 reete
1285 4586 1410 4657 sequitur
1426 4585 1471 4642 hie
1484 4585 1603 4657 psalmus
1614 4584 1769 4647 cunihild
1781 4596 1824 4640 est

233 4666 336 4725 Tamen
349 4667 433 4724 Dauid
454 4686 509 4726 nen
534 4671 632 4744 legitur
648 4671 755 4741 iecisse,
775 4672 819 4729 vel
840 4672 982 4730 dedicasse
1031 4675 1205 4731 exultationis
1219 4676 1318 4733 hahita
1329 4692 1379 4747 pra
1390 4677 1569 4743 dedicatione,
1578 4678 1605 4735 id
1616 4686 1659 4733 est
1671 4675 1824 4732 confirma·

196 4758 309 4820 domum
320 4761 447 4831 Domino,
460 4763 513 4819 uisi
526 4763 742 4836 larmintelligas
757 4763 791 4819 de
805 4764 981 4820 tabernaculo
1031 4768 1105 4824 tione
1125 4767 1223 4824 donnus
1236 4765 1320 4823 Dauid
1340 4768 1368 4824 in
1391 4777 1492 4825 aeterna
1516 4782 1584 4840 pace
1598 4781 1715 4838 corpore
1737 4767 1824 4823 inno·

196 4849 226 4907 io
242 4849 478 4924 Paralipomenon,
494 4855 539 4911 cui
555 4854 728 4912 diuersorum
745 4855 896 4912 officiorum
913 4872 980 4912 coo·
1031 4867 1103 4913 rato.

197 4946 321 5002 stituisse
343 4947 484 5004 ministros
506 4948 652 5004 invenitur.
675 4947 713 5004 lle
732 4948 884 5020 signihcato
899 4948 982 5018 igitur
1067 4948 1201 5020 Loquitur
1217 4959 1306 5007 autem
1328 4959 1401 5007 totus
1420 4950 1558 5017 Christus,
1574 4959 1601 5005 et
1614 4948 1716 5022 prima,
1741 4948 1823 5019 posit

199 5038 288 5108 potius
299 5037 501 5110 intelligendum
512 5049 562 5096 cst.
575 5038 660 5096 Totus
673 5040 801 5097 Christos
814 5056 869 5096 una
883 5040 982 5097 domus
1032 5040 1168 5097 canticum
1193 5056 1244 5113 pro
1257 5041 1426 5098 dedicatione
1444 5057 1506 5110 sua,
1521 5057 1583 5113 quaa
1595 5041 1727 5112 incapite
1746 5024 1821 5097 tauri

198 5125 246 5184 liei
263 5137 314 5197 est,
335 5131 399 5200 quia
410 5138 439 5186 et
458 5130 597 5202 incapite,
613 5131 738 5202 quodest
754 5130 881 5187 Christus
896 5131 983 5201 pleni·
1031 5141 1083 5201 cst,
1109 5141 1137 5190 et
1156 5135 1244 5206 aperit
1256 5135 1329 5205 quod
1351 5134 1475 5201 intendit,
1494 5149 1557 5191 eom
1580 5135 1607 5190 in
1622 5134 1719 5190 eadem
1741 5144 1823 5205 parts

198 5219 265 5275 tudo
278 5218 431 5278 uicinitatis
442 5222 557 5291 habitat,
568 5231 596 5280 et
607 5238 655 5294 per
666 5223 773 5295 aliqtras
786 5224 897 5296 gratias,
913 5237 983 5296 quas
1032 5236 1142 5284 sanctos
1156 5227 1271 5293 psallere
1282 5226 1369 5298 jubet.
1396 5227 1532 5295 Secundo,
1547 5226 1666 5283 ostendit
1679 5227 1824 5298 utromodo

199 5309 234 5365 de
247 5311 416 5382 plenitudine
432 5313 540 5385 accipit,
556 5324 598 5371 est
618 5313 741 5372 Ecclesia
762 5316 890 5387 templum
909 5315 980 5387 eius.
1031 5320 1152 5377 dedicari
1172 5320 1282 5388 meruit,
1301 5320 1338 5376 ihi
1354 5339 1361 5376 :
1376 5319 1432 5393 Epa
1450 5332 1548 5377 autem
1561 5318 1823 5391 Tertia,unomodo

199 5395 262 5457 ttae
271 5412 361 5459 ιιιιειιι
376 5404 483 5474 domus,
495 5415 626 5478 quantum
640 5408 674 5463 ad
686 5406 837 5476 Christum,
851 5406 983 5464 iahricata
1033 5413 1136 5484 accepit
1149 5411 1327 5470 dedicationis
1347 5413 1459 5485 gloriam
1480 5413 1516 5469 ihi
1526 5430 1533 5469 ε
1544 5412 1653 5468 Audiuit
1674 5411 1820 5468 hanina

199 5500 241 5545 est
249 5492 280 5546 in
291 5493 350 5563 eius
361 5498 553 5568 conceptione;
565 5507 696 5571 quantum
705 5515 770 5557 reru
782 5501 815 5556 ad
824 5499 983 5569 Ecclesiam,
1033 5500 1082 5559 Est
1095 5510 1185 5559 autem
1198 5501 1289 5558 breuis
1300 5502 1422 5574 maisons
1432 5502 1465 5560 de
1474 5502 1682 5559 llesarrectiooe
1695 5517 1823 5559 camme

202 5595 308 5653 semper
321 5585 479 5660 fabricatur,
494 5591 558 5647 dum
569 5592 598 5647 in
613 5593 665 5649 bae
677 5593 733 5648 uita
747 5592 863 5649 laborat.
874 5591 985 5650 ocatca-
1034 5608 1145 5650 morans
1158 5593 1232 5651 etde
1247 5592 1387 5695 Passioue,
1401 5606 1430 5652 ιιι
1445 5610 1499 5652 non
1513 5603 1614 5653 terreat
1627 5596 1736 5664 Passio,
1748 5611 1822 5670 quus
