3817 6000
100 254 154 312 dot
453 264 734 326 condemnarunt
753 269 787 325 ui
805 268 976 333 PSALMOS.
995 304 1030 318 -
1045 273 1135 333 PARS
1153 274 1174 330 l.
1198 307 1233 317 —
1244 272 1343 343 estu,
1363 276 1395 343 li.
1679 287 1731 343 oda

101 388 179 436 mur.
195 374 297 446 quibos
307 378 366 448 ipse
377 378 447 435 dixit
461 400 469 437 ε
491 400 501 433 r
526 380 555 438 Si
570 384 711 441 ueritatem
731 386 793 442 dico
807 387 897 454 robis,
912 394 934 448 A
948 389 1023 446 hune
1047 388 1181 457 dimittis,
1201 402 1256 456 non
1271 404 1301 445 es
1318 389 1424 446 amiens
1443 390 1560 453 casaris
1576 395 1666 475 (domu.
1680 417 1732 469 ιιι,

100 479 193 535 quare
207 482 263 522 non
281 471 392 528 creditis
402 472 469 530 mihi
483 475 519 530 ιι
537 475 629 547 (ioan.
644 494 704 546 rrrr,
724 479 895 551 iddiierem
946 481 1003 552 li).
1021 500 1031 535 ι
1049 483 1084 536 nt
1101 481 1146 537 illc
1168 496 1262 537 resera
1278 481 1370 554 magni
1384 483 1493 541 consilii
1510 486 1628 559 Angelus
1645 492 1683 547 ita
1703 493 1736 557 in

100 554 161 612 bot
180 568 224 614 est
239 560 689 643 mirabile.cumidcircodirnun
710 572 896 645 sitloquenti-
945 569 1086 627 fornacem
1102 573 1237 643 passionis
1255 573 1405 642 descendit,
1426 575 1570 642 ntiaoeret
1586 599 1596 632 r
1612 583 1731 653 medium
1812 623 1816 639 .

101 644 159 701 bns
182 650 268 715 credi,
292 652 316 709 si
339 657 481 712 veritatem
498 659 649 731 loquuntur
668 680 674 717 :
695 678 744 719 ros
761 664 822 720 ideo
841 681 895 723 non
945 662 1065 719 fornacis
1079 663 1159 734 quasi
1171 673 1280 720 rentum
1293 666 1364 722 roris
1377 666 1580 739 llantemwnn.
1595 687 1636 739 ιιι,
1648 673 1730 746 50).ι

103 739 232 806 creditis,
251 744 317 814 rprria
338 747 440 804 veritas
456 749 559 806 dicitur
576 754 664 809 vobis.
680 754 771 821 Quare
782 758 897 829 [remae—
945 770 1001 811 non
1017 755 1106 812 solum
1124 755 1296 830 sibimetipsi,
1315 759 1362 816 sed
1389 761 1472 816 etiam
1493 763 1552 820 suis
1565 767 1658 835 pueris
1682 781 1734 838 pro

98 841 171 903 'ram
190 844 278 903 parter
290 837 303 890 ι
314 835 373 892 lion
385 839 521 896 miramur
532 843 685 912 describis,
697 855 724 901 et
738 847 895 918 Pharisaeis,
945 850 1057 906 nomine
1079 849 1230 917 Trinitatis,
1254 851 1295 907 nel
1319 861 1383 908 ante
1397 869 1427 909 se
1442 856 1545 924 passis,
1565 855 1608 912 nel
1628 870 1689 928 post
1702 874 1735 927 se

104 937 227 991 ortorum
251 941 323 998 saepe
341 927 492 1002 increpavit
508 936 662 1005 auaritiam,
683 941 756 1010 quod
774 940 813 996 iili
832 958 895 999 enrn
946 940 1080 1010 passuris.
1097 939 1136 996 lta
1149 957 1257 1013 semper
1278 941 1416 1012 Christus,
1432 947 1503 1003 unde
1521 949 1667 1018 putabatur
1680 967 1733 1007 an·

104 1017 247 1082 persecuti
268 1028 343 1075 sunt.
372 1021 461 1087 Quare
483 1035 576 1081 numm
600 1029 764 1098 [remma
785 1038 897 1104 perper?
946 1026 1067 1094 nihilari,
1091 1029 1153 1085 inde
1184 1032 1326 1088 consuevit
1349 1034 1483 1103 exaltari,
1504 1046 1531 1091 et
1551 1040 1730 1110 magnificari,

104 1101 239 1163 Traditus
261 1117 305 1165 est
328 1109 401 1165 enim
422 1115 580 1183 (gentibus
601 1119 634 1174 ad
659 1119 846 1191 illudendum,
869 1136 897 1185 et
946 1121 1017 1195 Ergo
1031 1123 1153 1178 meditati
1174 1125 1353 1193 rnrrtinam‘n,
1374 1128 1486 1201 suisque
1504 1131 1731 1199 destinationibus

104 1197 334 1268 crucifigendum,
355 1218 382 1258 et
401 1210 627 1276 conspuendum,
646 1211 847 1285 flagellandum,
869 1229 897 1276 et
946 1215 1093 1281 contraria,
1108 1231 1170 1285 quae
1188 1225 1278 1272 tamen
1292 1217 1397 1276 diuinis*
1411 1222 1535 1278 consiliis
1552 1224 1729 1291 irrueniuntnr

105 1290 290 1347 occidendum
314 1294 425 1365 (llrtth.
446 1316 493 1367 ιι,
511 1301 567 1372 19).
590 1322 600 1356 ι
618 1304 751 1363 tientihns
766 1310 823 1379 ipse
841 1326 895 1367 non
946 1323 1079 1373 consona,
1094 1318 1121 1364 et
1131 1310 1315 1379 cooperantia.

103 1381 277 1451 praedicauit,
299 1402 350 1441 nee
370 1401 480 1460 peccata
505 1409 601 1451 eornm
626 1398 785 1469 increparit.
808 1403 897 1469 Quare
981 1398 1109 1458 Gentium
1122 1402 1231 1471 quidem
1244 1401 1381 1471 fremitus,
1400 1414 1428 1460 et
1438 1407 1602 1488 populorum
1618 1411 1732 1475 medita·

104 1490 171 1545 erpo
184 1477 348 1546 [rememoret
359 1482 491 1541 adsersus
501 1502 564 1543 eum
579 1499 608 1544 ut
620 1491 779 1549 bestiaesine
790 1497 897 1553 rarione
946 1493 985 1549 tio
1003 1492 1055 1549 luit
1078 1494 1178 1561 inanis,
1194 1505 1287 1567 utpote
1302 1497 1451 1568 minorum,
1466 1508 1494 1555 et
1508 1503 1581 1572 qnod
1593 1503 1730 1569 volebant.

106 1566 233 1636 gentiles,
258 1568 338 1633 Pilati
361 1582 389 1628 et
405 1573 520 1634 llerudis
543 1580 643 1638 militas
657 1585 670 1640 ι
684 1583 781 1656 Populi
803 1597 895 1644 antem
946 1581 1229 1658 auctoritatepropria
1249 1603 1299 1644 nec
1310 1588 1431 1661 incipere
1443 1594 1613 1651 audentium.
1631 1595 1685 1652 Sed
1701 1608 1732 1654 nt

106 1656 267 1718 Judaeorum
284 1665 371 1729 iitrboe
385 1668 511 1726 videlicet
529 1675 608 1743 quasi
622 1690 656 1731 ex
667 1679 793 1747 consilio,
808 1689 835 1736 ct
852 1698 896 1736 ra·
947 1685 1090 1749 pararetur
1107 1678 1161 1734 iilis
1174 1679 1326 1736 minoribus
1340 1683 1500 1751 auctoritas,
1511 1695 1538 1741 et
1550 1687 1664 1743 andacia
1679 1687 1731 1745 ile·

106 1752 184 1808 tione
196 1754 319 1811 meinati
340 1770 402 1814 aaut
415 1763 518 1832 inania,
537 1767 677 1836 cupientes
698 1779 726 1825 er
745 1771 895 1842 cogitantes
946 1768 1028 1824 rodes
1037 1767 1382 1842 eti’ilatustuuetemporis
1394 1776 1535 1831 tetrarchae
1547 1792 1579 1832 ac

106 1843 137 1897 in
150 1857 240 1904 morte
251 1848 328 1907 iilum
342 1852 474 1923 detinere,
487 1866 514 1913 et
525 1858 552 1913 in
564 1860 690 1929 sepulcro
703 1862 828 1920 clausurn
844 1884 895 1924 err.
989 1857 1070 1917 Vens.
1087 1860 1206 1934 bilimer
1221 1860 1344 1920 iudaicae
1357 1873 1434 1921 terro
1447 1869 1600 1937 astiterunt,
1615 1872 1657 1926 rel
1677 1871 1731 1930 sibi

105 1937 223 2007 rtodire,
238 1951 320 2014 atque
340 1945 393 2002 hoe
417 1947 500 2005 morlo
513 1950 628 2019 efficere,
651 1968 685 2009 ne
700 1957 818 2013 mundus
833 1969 896 2030 pose
946 1960 1042 2007 mutuo
1061 1965 1175 2008 assensu
1201 1951 1328 2021 lavando,
1344 1955 1387 2011 nel
1409 1957 1562 2017 minoribus
1586 1963 1729 2027 andaciam

105 2045 171 2086 eum
186 2033 284 2103 abiret,
298 2052 332 2093 ne
347 2037 463 2096 Romani
484 2043 619 2113 ventrem,
640 2055 668 2102 er
683 2047 808 2105 ponerent
821 2051 895 2122 ipso.
945 2041 1089 2099 tribuendo
1098 2052 1193 2102 contra
1207 2043 1357 2115 Christum,
1369 2062 1450 2119 quem
1461 2059 1506 2105 etr
1520 2051 1643 2111 llerodes
1655 2071 1730 2126 spre-

104 2138 170 2179 rum
183 2132 211 2181 et
232 2125 333 2195 locum
348 2140 376 2186 et
396 2141 503 2202 gentem
515 2135 527 2188 t
541 2133 603 2192 llaee
618 2139 739 2194 mererer·
757 2152 818 2197 ,rm
833 2144 894 2199 rna.
944 2135 985 2191 uit
999 2152 1062 2192 cnm
1079 2139 1206 2196 exercitu
1216 2155 1268 2196 suo
1282 2139 1359 2212 (Lac.
1371 2158 1450 2211 xnrrr,
1465 2143 1509 2215 ll)
1526 2163 1535 2197 ι
1557 2154 1584 2202 et
1602 2165 1612 2199 r
1627 2145 1731 2205 Pilatus

105 2214 188 2282 niter,
202 2218 267 2288 quia
279 2219 339 2289 ipse
349 2231 444 2277 cantra
456 2238 551 2280 eorum
570 2228 714 2284 consilinm
731 2241 758 2286 er
777 2242 895 2290 amorre
944 2226 1108 2298 flagellatum
1130 2230 1240 2287 tradidit
1254 2231 1364 2303 (Metti.
1383 2236 1469 2307 xrrrr)
1487 2255 1498 2289 ι
1515 2238 1647 2295 voluntati
1669 2256 1732 2311 pes·

105 2309 216 2377 revixit,
237 2312 310 2369 etde
322 2314 448 2385 sepulcro
469 2320 598 2386 surrexit,
614 2330 642 2376 et
661 2322 688 2377 in
708 2325 811 2381 mundo
825 2342 895 2398 ρης.
945 2319 1090 2378 simorum.
1106 2323 1194 2393 Atque
1214 2333 1246 2380 ut
1261 2324 1348 2394 maior
1366 2325 1503 2382 rideretur
1515 2329 1542 2382 in
1557 2328 1732 2387 damnatione

104 2403 241 2462 ordinatis
263 2407 378 2465 restibus
397 2413 532 2481 apparuit,
547 2415 723 2488 mundusque
739 2419 797 2490 jam
820 2429 894 2477 totus
945 2410 1020 2467 illius
1041 2412 1109 2482 justi
1123 2414 1266 2485 sanguinis
1289 2416 1449 2485 auctoritas,
1468 2436 1528 2476 non·
1543 2423 1631 2486 solnm
1659 2441 1731 2493 repes

104 2506 241 2566 posterum
255 2499 331 2557 abiit.
347 2521 357 2554 r
370 2500 408 2557 lta
420 2504 578 2562 deiecerunt
587 2519 741 2568 semtnntes
752 2515 893 2583 scrutinio,
945 2504 1067 2575 praedicti
1082 2509 1224 2565 mimmii
1236 2526 1298 2568 dim
1315 2527 1403 2580 mora,
1419 2523 1447 2570 ei
1460 2515 1654 2574 deliberatione
1675 2528 1731 2574 sta·

104 2597 137 2643 et
156 2590 315 2649 meditantes
341 2594 433 2652 inania
456 2596 544 2669 (Psoi.
561 2617 640 2671 txrrr,
661 2602 699 2674 7),
722 2624 733 2657 ι
750 2614 781 2661 nt
798 2621 894 2662 eorum
944 2595 1013 2653 biles
1028 2597 1056 2654 in
1069 2601 1212 2670 sententia,
1227 2603 1274 2659 sed
1287 2606 1370 2661 etiam
1381 2608 1512 2679 principer
1523 2607 1616 2665 Annas
1629 2620 1656 2665 et
1667 2610 1730 2666 Cai-

105 2681 254 2741 eonsilium
281 2686 318 2741 sit
344 2703 454 2745 versum
491 2689 519 2746 in
547 2695 724 2751 contrarium.
762 2695 895 2767 Dirernnt
944 2689 1200 2762 lih³⁸⁶⁰¹w0d0md²
1226 2694 1255 2749 in
1274 2712 1357 2750 “dvm
1387 2698 1554 2766 consilium,
1579 2702 1607 2756 1¹1
1644 2716 1730 2757 ulium

104 2771 182 2834 enim
197 2792 205 2828 :
221 2792 233 2827 r
249 2774 278 2831 st
291 2778 454 2837 dimittimus
463 2797 527 2838 eam
540 2784 591 2852 sie,
606 2787 855 2857 venientliomani,
867 2802 895 2850 et
944 2779 1130 2851 Ρθιιθῐὸῑῑιῑῑὲ
1141 2798 1295 2854 assensum,
1310 2787 1590 2846 “dmm'flmidim
1609 2791 1728 2862 Patrem.

104 2862 203 2919 tollent
216 2876 341 2923 nostrum
354 2871 456 2939 locum,
477 2883 620 2945 regentem
636 2875 727 2946 (torn,
741 2895 791 2949 χιι,
805 2881 862 2953 ιθ),
881 2903 891 2937 ‚
944 2883 970 2930 et
987 2874 1112 2930 adoerius
1134 2873 1268 2932 Christum
1288 2878 1365 2948 ejus,
1383 2881 1448 2952 quia
1468 2883 1516 2954 qui
1539 2887 1732 2943 contradicunt

104 2953 141 3018 lit
151 2958 174 3013 si
185 2973 248 3016 eum
259 2961 437 3032 dimisissent,
446 2966 561 3027 Romani
577 2988 630 3029 non
649 2975 895 3036 verrtsrrrrirrtn.
945 2965 1025 3034 Filio,
1036 2977 1064 3025 et
1073 2967 1159 3040 Patri,
1169 2970 1217 3042 qui
1228 2971 1344 3030 missum
1355 2973 1520 3032 inhonorant
1530 2985 1558 3033 et
1566 2978 1727 3036 mittentem.

104 3049 207 3107 (liciam
226 3057 368 3127 sanguinis
387 3060 470 3131 justi;
485 3063 532 3118 sed
546 3065 610 3135 qnia
625 3082 688 3122 enm
710 3084 764 3125 nor
780 3070 928 3137 d'rmise.(3
944 3058 984 3116 lta
998 3072 1170 3136 conuenerant
1191 3063 1219 3118 in
1240 3081 1321 3119 unum
1345 3066 1468 3122 ademtae
1494 3067 1612 3140 Patrem,
1638 3082 1664 3129 et
1687 3072 1729 3129 Fi·

105 3152 182 3210 runt,
195 3145 257 3202 ideo
270 3147 387 3207 Romani
400 3166 533 3211 venerunt
546 3166 574 3213 et
587 3159 725 3216 ciuitatem
743 3161 894 3233 dissipare·
944 3153 1012 3222 lium
1040 3154 1162 3214 diffinies
1179 3175 1186 3213 τ

105 3246 181 3293 runt.
193 3239 263 3307 Quia
277 3244 354 3313 pueri
375 3246 450 3302 stulti
466 3263 560 3304 verum
582 3249 700 3308 Eliscum
717 3254 745 3309 in
757 3253 817 3311 loeo
829 3255 893 3312 Cal·
943 3296 951 3315 ‹.
982 3243 1062 3302 Vidi·
1087 3249 1114 3303 5·
1131 3247 1321 3321 ”minimi
1344 3253 1458 3322 ”inillis
1482 3256 1509 3311 id
1531 3266 1573 3313 0⁸2
1594 3269 1730 3331 inicii)ui

105 3332 190 3386 rariae
203 3335 283 3402 quasi
293 3336 399 3393 ealrntn
420 3338 565 3397 irriserunt
582 3361 589 3397 z
613 3343 674 3398 ideo
687 3345 742 3400 duo
754 3348 822 3415 ursi,
838 3348 893 3404 duo
943 3355 1044 3408 eornm,
1059 3337 1159 3408 pillis,
1173 3350 1201 3396 ⁰2
1214 3340 1286 3410 Flffis
1300 3344 1341 3398 iel
1352 3342 1469 3414 Christi,
1487 3357 1515 3402 ⁰²
1526 3349 1727 3419 ili⁰⁵¹0¹⁰¹⁸¹¹¹¹12

106 3419 245 3492 principes
268 3422 403 3495 Romani,
426 3427 504 3488 'linus
527 3441 555 3487 er
574 3431 758 3504 vespasianus
776 3437 810 3494 de
824 3439 893 3495 stira
943 3441 970 3486 et
980 3432 1153 3502 projiciamur
1168 3451 1184 3487 n
1200 3435 1274 3490 rrohis
1282 3435 1389 3507 jupam,
1406 3437 1432 3494 id
1446 3448 1487 3495 est
1500 3440 1585 3511 legem
1599 3444 1727 3512 ipsorum.

105 3513 217 3583 gentilis
231 3518 323 3588 populi
344 3531 487 3587 venerunt,
500 3532 527 3578 et
538 3518 639 3595 pueros
651 3528 777 3586 irrisores
789 3528 893 3588 christi
943 3523 1020 3582 Onus
1033 3541 1129 3582 eorum
1146 3527 1209 3583 licet
1221 3529 1290 3597 leve,
1302 3539 1329 3585 et
1340 3531 1437 3602 jugum
1452 3549 1547 3589 eornm
1558 3535 1621 3591 licet
1634 3552 1729 3604 snare,

105 3603 321 3677 discerpserunt.
341 3610 413 3686 Ergo
436 3616 558 3671 meditari
576 3629 638 3672 surr
662 3621 764 3688 inania,
785 3633 813 3679 et
835 3624 892 3680 [ω.
943 3634 998 3698 ιιοιι
1018 3626 1060 3674 est
1072 3618 1152 3678 nohis
1169 3633 1261 3675 suave.
1286 3619 1464 3692 Projiciamns
1478 3642 1544 3697 ergo
1559 3630 1660 3683 ariolis
1679 3631 1731 3699 ju·

106 3702 181 3762 stra;
197 3698 260 3768 quia
279 3715 322 3757 res
333 3717 387 3758 non
401 3703 438 3759 ita
456 3717 660 3777 processerunt,
674 3719 705 3765 ut
725 3711 777 3782 ipsi
798 3712 892 3785 dispo·
943 3729 1005 3784 pmn
1017 3714 1144 3783 ipsorum.
1160 3712 1292 3769 liiserunt
1302 3717 1376 3771 enirn
1392 3717 1554 3789 legationem
1574 3732 1636 3784 post
1648 3721 1732 3777 Chri*

106 3799 233 3846 ruerant.
258 3788 311 3863 ipsi
335 3796 408 3850 enim
433 3798 620 3868 cogitauerunt
644 3801 678 3857 de
703 3818 769 3859 vcro
791 3803 892 3877 loseph
943 3791 1166 3872 stumdicentes:
1181 3824 1191 3857 a
1208 3804 1342 3864 Nolumus
1358 3809 1433 3866 hune
1453 3826 1565 3880 regnare
1581 3827 1661 3881 snper
1677 3830 1728 3869 nus

107 3881 224 3951 malum,
245 3887 388 3944 vendendo
410 3890 510 3960 ipsum,
525 3892 573 3947 sed
587 3890 659 3950 bens
669 3896 749 3951 vertit
772 3896 840 3953 iliud
864 3901 892 3953 in
943 3898 1020 3968 (Luc.
1033 3913 1091 3964 ιιι,
1108 3898 1163 3968 ιι).
1177 3917 1186 3950 ι
1200 3896 1334 3953 Dixemnt
1344 3899 1417 3955 inter
1428 3914 1476 3956 se:
1492 3920 1502 3952 ι
1517 3900 1566 3957 llic
1578 3912 1619 3957 est
1629 3903 1731 3972 baares,

106 3973 221 4042 botrum,
234 3974 359 4034 iaciendo
373 3980 450 4037 illurn
461 3982 603 4040 dominura
618 3986 703 4044 totius
715 4000 793 4045 terra
810 3988 894 4066 Εμ-
942 3989 1043 4053 uertite,
1064 3990 1221 4046 occidamus
1237 4005 1311 4058 enm,
1326 3996 1353 4044 et
1367 3987 1528 4047 babebimus
1543 3992 1731 4049 hereditatem

106 4067 156 4137 pti.
181 4066 234 4139 ipsi
253 4070 360 4141 pejores
384 4070 549 4131 Philisthaeis
563 4092 657 4133 rernm
682 4079 843 4136 samsonem
865 4083 892 4137 in
942 4079 1003 4150 ejus
1020 4079 1128 4150 (liattlr.
1145 4095 1202 4144 ιιι,
1219 4080 1275 4152 38).
1292 4100 1302 4134 ι

106 4158 215 4215 ἱιιιειιιο
229 4162 354 4220 clausurn
377 4167 462 4221 teneri
482 4168 635 4237 noluerunt,
658 4169 706 4225 sed
725 4170 784 4240 ipse
803 4151 893 4228 media
978 4171 1073 4228 Aliter.
1090 4172 1129 4226 liii
1144 4174 1267 4230 inlideles
1282 4186 1400 4245 arpensi
1413 4179 1542 4247 principer
1555 4191 1732 4246 corrnenernnt,

107 4260 188 4306 noete
198 4260 293 4321 portas
305 4251 402 4309 inieroi
415 4255 486 4323 tulit,
504 4264 531 4311 et
545 4257 572 4312 in
593 4269 685 4314 monte
697 4260 796 4316 divinae
809 4264 892 4318 celsi·
942 4267 970 4320 in
982 4282 1062 4319 nnnrn
1082 4267 1208 4322 adversar
1227 4266 1385 4334 Donrinnm,
1405 4279 1430 4323 ct
1452 4270 1575 4332 aduersae
1593 4271 1727 4328 Christum

107 4342 211 4398 tudinis
230 4346 321 4399 erexit
338 4346 488 4413 bominem,
509 4349 578 4406 daris
603 4371 612 4402 r
633 4352 672 4406 iiii
687 4368 800 4421 nomen,
817 4356 890 4426 quod
942 4358 1010 4428 ejus.
1029 4360 1064 4412 itt
1077 4373 1139 4425 nos,
1154 4360 1201 4434 qni
1222 4359 1339 4416 scientes
1360 4370 1484 4418 sanctum
1502 4377 1601 4418 nomen
1616 4369 1727 4419 omnino

107 4444 246 4507 estsuper
263 4454 345 4495 omne
357 4455 456 4497 nomen
471 4440 600 4515 (Philipp.
614 4460 644 4512 ιι,
662 4445 701 4513 9),
720 4464 730 4498 ι
752 4463 807 4502 non
819 4449 892 4519 quod
906 4422 931 4482 ⁰
943 4464 1042 4520 negare
1057 4465 1112 4504 non
1125 4466 1283 4520 possumus,
1296 4452 1481 4522 dirumpamus
1501 4455 1606 4508 vincula
1625 4472 1726 4522 cornui,

107 4526 168 4597 ipse
190 4527 273 4584 bomo
288 4531 402 4601 accepit,
424 4532 472 4588 sed
494 4533 564 4590 idem
583 4536 641 4605 ipse
666 4537 739 4593 lierrs
759 4554 822 4594 cnm
838 4539 893 4596 lieo
943 4555 1106 4612 respuamus
1128 4542 1243 4598 consilia
1264 4559 1354 4597 eoram
1370 4553 1396 4597 et
1416 4541 1628 4614 projiciamnr'a
1654 4548 1727 4601 rrohir

106 4616 189 4675 Patre
203 4620 255 4676 boc
268 4638 325 4678 sure
339 4623 501 4693 humanitati
519 4625 605 4683 dedit.
619 4626 672 4699 lpsi
686 4630 792 4700 peiores
811 4631 895 4688 Sunio
939 4630 1035 4701 inpane
1056 4632 1185 4702 ipsoram,
1199 4632 1242 4687 rel
1253 4633 1348 4703 inpune
1364 4634 1484 4716 antiquae
1494 4634 1571 4705 lepis,
1586 4644 1614 4690 et
1635 4650 1727 4706 pater-

107 4712 230 4769 meditati
250 4725 426 4784 sutrinorum
449 4715 534 4774 Dauid
556 4720 691 4792 conligere
708 4722 743 4778 ad
764 4725 894 4794 parietem
944 4737 1052 4790 narum,
1065 4723 1108 4778 rel
1125 4724 1217 4794 potius
1234 4721 1453 4780 Pharisaiearum
1476 4723 1668 4795 traditionum,
1687 4737 1728 4783 at-

106 4802 352 4863 damnandoiilnm
366 4808 446 4879 quasi
457 4809 645 4881 blasphemum
670 4821 698 4868 et
711 4827 893 4884 peccatorem,
944 4832 998 4887 qne
1021 4817 1172 4872 dominium
1194 4833 1296 4880 eornm,
1318 4817 1465 4873 suntenim
1480 4819 1682 4886 contemnendi,
1701 4828 1729 4874 et

105 4897 157 4953 red
178 4898 236 4967 ipse
258 4899 292 4955 de
319 4901 410 4956 medio
437 4902 500 4959 tulit
521 4904 652 4973 parietem
676 4906 893 4974 inimicitiarum,
945 4906 1074 4962 irridendi
1100 4924 1154 4961 non
1173 4907 1263 4963 solnm
1287 4907 1453 4973 bominibus,
1468 4908 1515 4963 sed
1531 4915 1558 4962 et
1572 4906 1638 4976 Deo,
1664 4912 1727 4980 qnia

108 5006 120 5043 r
144 4990 249 5058 delens,
266 4993 338 5064 quod
356 4996 502 5052 aduersum
521 5013 573 5053 nos
591 5007 659 5066 erat,
682 4999 894 5070 chirographum
944 5012 1040 5067 parum
1063 4997 1203 5054 ‹illisest
1225 4999 1353 5055 molestos
1368 5015 1429 5056 csse
1453 5000 1643 5067 hominibus»
1665 5019 1726 5057 cnm

106 5079 224 5154 (enters.
238 5099 269 5149 n,
282 5085 337 5155 ll).
363 5107 372 5135 ι
392 5087 499 5143 Lancea
512 5097 601 5144 tamen
615 5104 711 5147 eorum
735 5106 815 5147 rasso
832 5093 894 5147 vul·
945 5087 1001 5143 sini
1015 5086 1121 5142 molesti
1133 5096 1160 5143 et
1172 5086 1228 5143 Deo
1240 5087 1309 5159 (lan.
1322 5103 1371 5154 vn.
1387 5089 1443 5159 ibi.
1460 5108 1470 5142 r
1564 5127 1565 5130 =

106 5193 175 5235 nere
189 5180 359 5249 pervenitad
380 5182 510 5250 parietem
526 5180 551 5250 (Ι
566 5181 629 5253 liep.
642 5197 700 5249 xm,
714 5184 743 5253 l)
757 5203 764 5239 :
778 5185 893 5254 quinon
981 5175 1063 5234 Vens.
1082 5179 1110 5233 i.
1134 5176 1204 5234 ilinc
1214 5188 1335 5250 apparet,
1350 5181 1414 5250 qnia
1430 5180 1488 5250 ipse
1501 5180 1666 5244 ditissimus,
1682 5184 1728 5250 qai

107 5277 141 5326 at
160 5272 323 5334 voluerunt.
341 5273 530 5328 exstinxerunt
548 5271 659 5340 heum,
677 5281 706 5330 et
723 5283 820 5331 vtannen
843 5276 895 5346 ipsi
945 5272 1051 5327 habitu
1069 5269 1193 5335 inroeiia,
1209 5270 1290 5326 idest
1310 5273 1339 5325 in
1364 5269 1571 5341 bonisanpelis,
1586 5280 1613 5326 et
1625 5272 1732 5326 sanetis

108 5360 255 5417 homicidae
277 5362 531 5419 thesaurizaverunt
555 5364 607 5421 sibi
632 5365 735 5420 malurn
757 5365 893 5423 dicendo:
945 5362 1113 5429 bominibus,
1123 5362 1247 5418 irridebit
1258 5380 1312 5429 eor,
1332 5363 1460 5420 custodes
1473 5379 1569 5419 eorum
1589 5365 1666 5434 juxta
1683 5380 1728 5420 se·

111 5470 123 5510 r
145 5450 263 5526 Sanguis
276 5454 337 5525 ejus
361 5470 520 5527 supernos,
539 5466 566 5513 et
588 5472 671 5529 super
693 5458 764 5514 lilios
785 5467 895 5515 nostros
945 5456 1071 5525 pulcrum
1081 5453 1218 5523 terrendo,
1228 5463 1257 5511 et
1275 5456 1317 5511 eis
1329 5456 1525 5526 ,ignorantibus
1538 5455 1703 5526 resurgendo
1718 5477 1735 5526 a,

109 5542 221 5608 illati.
237 5559 325 5614 arrii,
338 5545 397 5617 td).
419 5563 430 5599 ι
446 5544 500 5617 lpsi
524 5560 617 5604 resera
632 5548 762 5605 satellites
780 5545 895 5622 Babylo-
945 5559 972 5605 et
994 5547 1052 5618 lpse
1065 5545 1195 5602 Ιιοιιιιιιιιι
1211 5545 1382 5610 submonebit
1397 5563 1451 5612 eor,
1468 5548 1547 5617 quasi
1567 5561 1635 5603 naso
1653 5545 1731 5602 indi-2

109 5640 167 5695 niel
184 5641 266 5709 repis,
284 5640 310 5694 id
328 5650 369 5697 est
394 5638 516 5704 diaboli,
533 5641 672 5700 fornacem
685 5641 896 5710 succenderunt,
946 5640 1102 5715 pontionem
1112 5641 1243 5710 spirante,
1255 5640 1365 5710 quando
1375 5640 1557 5711 apostolorum
1569 5642 1728 5714 sagacitate.

110 5733 223 5812 qnarrdo
236 5733 360 5800 ‘Pilatum
384 5734 632 5806 inflammaverunt,
653 5738 774 5796 dieentes
797 5759 802 5793 :
828 5759 837 5791 ι
865 5737 896 5795 st
929 5767 937 5808 ,ι
947 5753 979 5792 uc
990 5734 1156 5794 discretione
1169 5733 1308 5816 satagenie
1329 5733 1410 5806 copis
1429 5734 1547 5800 rutundus
1567 5735 1677 5802 credere
1699 5737 1733 5798 in
