3817 6000
115 240 168 304 nt

440 243 721 304 conuaut‘attititt
742 244 775 299 ΙΝ
794 241 967 301 Psanites.
983 239 1124 296 —t‘ans
1141 242 1170 301 i.
1187 270 1223 281 -
1242 237 1342 296 PSAL.
1362 230 1430 295 ιΙΙ.Ι

1702 239 1755 297 tet

115 365 172 421 tius
201 362 338 420 enuntiet.
353 364 406 421 sub
431 364 644 437 hrterrogatioue
663 365 730 422 dicit
750 384 757 420 :
781 363 910 435 h'unqrn'd
925 370 947 428 Α
963 366 1052 436 (ortis,
1079 373 1103 418 rt
1124 363 1238 431 potiens,
1270 359 1389 432 nunquid
1409 358 1543 414 irascetur
1567 374 1614 427 per
1634 357 1754 430 ampelos

112 456 259 510 irascetur·
282 472 330 526 per
354 456 476 528 negatos
509 457 587 513 diet?
619 456 783 514 subauditur
807 474 814 510 :
841 470 910 511 con-

961 457 1017 512 dies
1027 459 1039 512 l

113 547 215 603 tersis.
235 547 289 603 Sed
309 563 358 603 ros
377 546 533 618 Aithiopes,
549 550 598 619 qui
619 549 732 605 nontine
749 548 832 604 Cirrsi
843 546 910 603 estis
997 549 1057 605 Non
1071 565 1115 604 me
1130 548 1242 604 imideat
1254 561 1413 617 quisquam,
1426 545 1502 600 reiut
1511 543 1658 599 cantilenis
1672 542 1752 599 dedi·

114 641 145 697 in
160 642 241 697 htuio
256 641 355 713 psalmi
380 641 463 714 hujus
480 630 614 710 denotati,
632 642 684 699 hoc
704 641 818 697 sciatis:
835 639 910 711 quoti
961 645 1088 709 tum,sed
1101 643 1219 713 accipiat
1231 652 1437 697 excusationem
1453 652 1643 707 meam,quam
1659 645 1686 691 et
1694 635 1752 705 iam

151 775 237 832 Vens.
251 775 294 831 te.
309 775 372 829 Nisi
382 777 500 830 conterar¹
512 775 628 846 (ueritis,
641 776 700 845 ipse
712 752 909 845 iodeejnstus,

115 867 197 938 {ortis
211 876 237 921 et
251 866 355 937 potiens
375 867 451 921 robis
468 868 611 932 irascetur,
625 865 672 936 qui
694 866 837 922 conversis
855 881 909 920 non

114 959 262 1015 irascetur.
276 958 305 1014 in
321 958 416 1014 Graco
431 958 631 1029 significantius
643 965 686 1013 est
695 973 746 1029 pro
759 958 909 1011 irascetur:

114 1052 258 1108 adducetis
272 1053 353 1119 iram,
367 1052 431 1122 qula
445 1066 499 1106 uon
514 1051 543 1106 in
568 1050 628 1122 ipso
643 1060 685 1107 est
708 1051 759 1118 ira,
787 1066 840 1121 qua
859 1066 910 1121 pu-

113 1145 168 1211 nit,
185 1144 234 1200 scd
261 1143 289 1198 iu
311 1144 415 1216 angelis
430 1144 489 1210 irae,
511 1158 645 1215 perquos
668 1144 758 1213 punit,
781 1143 828 1213 qui
854 1158 909 1197 non

112 1246 229 1308 propter
248 1236 399 1307 justitiam,
414 1252 469 1308 qua
496 1252 553 1292 non
575 1236 705 1307 gaudent,
733 1236 781 1290 sed
799 1244 911 1305 propter

113 1331 250 1386 maiitiam
267 1346 347 1402 prena
364 1331 506 1386 hominum
520 1331 699 1397 delectantur,
713 1331 777 1402 quia
791 1330 910 1385 bomini-

113 1423 170 1479 bus
182 1423 248 1479 iiiuc
264 1424 380 1491 vocatis,
402 1423 474 1479 uude
489 1423 541 1494 ipsi
560 1423 720 1479 ceciderunt
736 1422 910 1478 vehementer

114 1516 267 1572 inridendo
282 1526 347 1572 sunt
368 1517 441 1573 irati.
467 1514 499 1571 Et
521 1514 587 1572 iricd
601 1517 711 1588 quotics
741 1516 909 1588 permittun-

112 1617 161 1665 tur
174 1608 301 1664 homines
317 1609 428 1679 punire,
444 1623 495 1679 pro
513 1607 690 1664 animositate
701 1607 749 1664 irre
763 1623 821 1663 suu
833 1605 907 1663 Deus

112 1700 224 1757 ridetur
235 1701 334 1769 iratus,
345 1701 394 1771 qui
405 1709 496 1754 tamen
507 1698 590 1755 ctiam
602 1714 652 1769 per
662 1698 774 1770 angelos
785 1698 833 1753 irae
843 1712 908 1767 ope-
925 1716 946 1771 B

113 1792 232 1849 raturin
249 1791 459 1863 tranquillitate.
472 1791 543 1847 Cum
569 1798 662 1846 auum
678 1789 719 1846 sic
734 1789 909 1844 refrenantur

113 1885 155 1942 iili
166 1884 279 1956 spiritus
292 1884 366 1952 irati,
377 1893 407 1939 ut
419 1898 474 1938 noo
490 1874 671 1938 admittantur
684 1881 717 1936 ad
726 1880 907 1952 puniendum,

113 1974 170 2031 nisi
185 1983 319 2047 quantum
333 1974 430 2030 attinet
443 1974 476 2030 ad
489 1972 660 2039 exercitium,
682 1972 754 2027 sieut
768 1990 778 2022 r
794 1971 909 2041 angelus

114 2067 228 2125 Satanae
243 2066 288 2138 (ii
306 2067 369 2124 Gor.
392 2083 443 2134 ιιι,
458 2066 485 2138 t)
503 2086 512 2120 ι
527 2066 705 2137 colaphizans
718 2064 833 2119 Paulum
845 2074 909 2134 apo·

113 2163 231 2228 stoiutn,
246 2161 319 2217 sicut
333 2161 417 2217 Satan
429 2159 547 2233 fatigans
564 2161 673 2216 beatum
686 2157 748 2224 iob,
761 2172 817 2213 non
829 2142 909 2212 debet

113 2255 174 2309 ulio
189 2254 271 2309 modo
286 2253 373 2309 rideri
393 2252 466 2310 Deus
477 2253 564 2309 iratus
578 2270 585 2305 ε
600 2251 665 2323 quia
680 2250 754 2320 quod
766 2248 906 2319 perurittit,

113 2347 251 2418 permittit
275 2347 425 2418 propitius,
452 2361 506 2402 non
530 2347 636 2411 iratus,
659 2357 818 2414 quanquam
842 2340 907 2405 bis,

115 2440 166 2511 qui
182 2441 245 2496 talia
258 2439 412 2510 patiuntur,
423 2439 548 2495 rideatur
563 2438 659 2494 iratus.

151 2573 213 2646 ipse
225 2583 317 2631 autem
335 2587 425 2644 neque
438 2572 480 2628 sic
504 2570 649 2626 irascendo
667 2571 727 2626 suis
746 2570 840 2625 eiectis
853 2568 910 2626 ira·

34 2688 37 2693 ·
113 2678 212 2727 scena
238 2684 285 2739 per
308 2665 427 2738 singulos
440 2665 507 2721 dits.
523 2662 660 2718 irascetur
690 2673 783 2718 tamen
801 2662 908 2729 tandiu,

113 2764 234 2821 donec·
260 2761 348 2816 uirtus
370 2759 398 2813 in
425 2755 584 2812 initrnritato
611 2753 657 2825 (ii
680 2753 743 2811 Gor.
777 2770 827 2822 xu,
850 2754 906 2824 9)»

114 2856 286 2929 perficiatur,
303 2868 366 2925 quaa
376 2851 441 2908 dunt
463 2849 547 2908 luerit
561 2851 693 2923 perlecta,
705 2852 777 2907 sieut
790 2867 800 2902 ι
815 2849 909 2906 citari-

114 2958 160 3008 tas
170 2946 291 3020 perlecta
301 2945 376 3002 iuras
386 2944 470 3001 mittit
480 2945 605 3001 timorem
620 2940 646 3015 (i
657 2940 739 2997 loon.
753 2956 791 3009 tr,
813 2940 876 3011 ¹⁸i²
895 2959 904 2991 ι

961 753 1043 808 supra
1058 736 1147 807 posui,
1163 735 1208 790 ubi
1219 731 1459 788 similiternotuias
1472 731 1604 801 quasdam
1619 729 1646 783 in
1660 727 1754 784 Eccle-

961 826 1002 882 sia
1019 826 1135 881 usitatas
1151 822 1322 879 Psalmorum
1336 822 1421 877 textui
1440 821 1615 891 superposui,
1630 827 1657 874 et
1668 819 1753 872 inter·

961 918 1053 989 posui,
1070 916 1143 989 quoti
1155 916 1244 986 ipsum
1260 915 1377 969 sortasse
1392 913 1482 968 adhuc
1512 910 1609 966 iaciant
1626 910 1754 981 trequen-

961 1010 1017 1066 tius
1031 1024 1063 1065 ea
1086 1007 1277 1073 aestimatione,
1296 1004 1371 1077 quod
1395 1021 1427 1060 ea
1450 1019 1511 1074 que
1531 1004 1625 1059 scribo
1645 1001 1753 1071 magnis

961 1100 1120 1157 doctoribus
1142 1114 1199 1155 non
1219 1098 1324 1169 ingero,
1349 1095 1451 1167 quihus
1464 1102 1558 1150 nostra
1569 1092 1662 1149 omnia
1673 1089 1753 1147 iasti-

960 1191 1038 1248 diosa
1049 1207 1111 1247 esse
1125 1189 1219 1256 timeo,
1233 1204 1297 1246 cum
1319 1186 1463 1242 tamensis
1483 1184 1553 1240 nihii
1573 1182 1629 1238 ileo
1645 1181 1755 1237 laverna

960 1285 1115 1342 inveniatur
1140 1283 1283 1349 insertum,
1305 1279 1379 1351 quod
1409 1294 1425 1333 a
1451 1283 1610 1334 sanctorum
1638 1272 1751 1329 Patrnra

960 1394 1043 1435 sensu
1061 1386 1090 1434 et
1103 1392 1119 1432 a
1132 1373 1276 1432 eharitatis
1297 1370 1477 1428 aedihcatione
1492 1370 1528 1426 sit
1546 1368 1678 1424 alienum.
1705 1363 1752 1418 Li·

960 1480 1004 1529 eet
1016 1470 1089 1528 enim
1099 1477 1163 1524 ante
1175 1481 1226 1522 nos
1247 1463 1339 1535 magni
1355 1461 1451 1518 Patres
1472 1459 1633 1531 Apostolum
1648 1457 1683 1513 de
1701 1455 1751 1511 sti·

960 1566 1035 1621 mulo
1045 1561 1147 1629 carnis,
1162 1558 1302 1628 deangeio
1315 1555 1423 1612 Satanae
1433 1551 1584 1610 auierendo
1596 1565 1652 1607 non
1666 1547 1752 1605 luisse

960 1673 976 1714 a
992 1654 1108 1713 Domino
1126 1649 1287 1709 exauditum
1303 1664 1359 1705 nou
1374 1645 1468 1711 semei,
1480 1643 1528 1700 sed
1553 1641 1635 1696 tertio
1651 1654 1752 1710 rogan·

962 1759 1015 1806 tem
1043 1753 1235 1808 assernerunt,
1252 1750 1414 1799 nontamen
1432 1737 1534 1793 eisdem
1557 1733 1683 1789 Patribus
1710 1739 1753 1786 cst

960 1835 1219 1910 contrarium,qood
1230 1850 1282 1891 nos
1292 1832 1417 1891 eumdem
1426 1828 1586 1901 Apostolum
1594 1827 1651 1898 jam
1662 1825 1699 1880 ab
1707 1838 1753 1879 ert·

960 1931 1090 1990 tollentia
1107 1927 1205 1985 morbo
1231 1933 1371 1990 sanatum,
1391 1920 1502 1992 quando
1529 1926 1588 1974 erat
1614 1914 1753 1987 perlectus

959 2028 1012 2094 ιιι,
1026 2024 1165 2083 credimus
1190 2029 1217 2076 ct
1241 2017 1408 2076 conddenter
1426 2011 1578 2069 asserimus
1595 2008 1630 2064 ab
1645 2008 1692 2061 iiio
1702 2021 1753 2062 an·

960 2120 1020 2193 geio
1031 2118 1139 2174 Satanae
1149 2113 1258 2185 penitus
1279 2111 1435 2172 liberatum,
1450 2120 1531 2176 quem
1561 2108 1671 2158 constat
1695 2112 1753 2153 noa

960 2211 996 2266 ob
1007 2206 1081 2264 alind
1092 2204 1179 2261 inisse
1189 2201 1403 2272 colaphizatum,
1417 2195 1469 2251 uisi
1484 2202 1514 2248 ιιι
1535 2192 1625 2247 ιιιιιιι,
1642 2187 1753 2244 bumili-

959 2303 1026 2358 tatis
1038 2301 1066 2356 in
1079 2297 1237 2354 infirmitate
1258 2294 1434 2365 perficeretur
1447 2285 1493 2358 (ii
1504 2284 1567 2341 Cor.
1581 2299 1632 2349 ιιι,
1642 2282 1681 2351 u).
1696 2278 1753 2334 Pu·

960 2403 1039 2450 tasnc
1048 2389 1211 2463 Apostolum
1225 2384 1358 2443 diuinitus
1368 2382 1494 2439 edoctum
1508 2375 1591 2448 ,quia
1608 2382 1752 2445 propterea

961 2493 1002 2542 ter
1015 2481 1158 2556 postulans
1171 2493 1224 2534 non
1239 2475 1292 2531 isit
1303 2473 1459 2538 exauditus,
1474 2467 1550 2541 quod
1573 2464 1700 2521 virtusin
1713 2462 1754 2516 in·
1809 2531 1816 2545 ⁸

960 2577 1090 2635 firmitate
1101 2573 1129 2629 in
1143 2570 1323 2642 colaphorum
1334 2566 1381 2622 tali
1405 2561 1567 2620 assiduitate
1586 2555 1752 2628 perficienda

960 2668 1127 2737 oretanum
1136 2676 1259 2721 cessasse
1269 2676 1284 2716 a
1295 2655 1445 2731 precibus?
1458 2652 1517 2710 Non
1529 2665 1581 2724 ego
1590 2657 1657 2721 pato
1674 2646 1751 2702 iilum

961 2774 1026 2820 tunc
1041 2775 1056 2815 a
1071 2755 1340 2830 precibuscessasse,
1356 2746 1511 2817 sedpreces
1524 2742 1753 2805 mutassentque

961 2858 987 2913 id
1017 2855 1192 2911 vehementer
1215 2854 1243 2902 et
1274 2842 1462 2900 indesinenter
1480 2848 1586 2897 orasse,
1615 2838 1646 2887 ut
1663 2829 1753 2884 rinus

961 2944 1125 3004 humilitatis
1135 2941 1163 2996 in
1173 2954 1204 2997 se
1215 2938 1253 2994 ita
1266 2934 1453 3008 perficeretur,
1468 2941 1502 2983 ne
1516 2925 1579 2981 talis
1590 2920 1704 2993 angelus
1717 2918 1751 2973 ari

114 3044 159 3101 sic
173 3043 261 3097 tirius
282 3039 402 3113 perfetta
431 3038 506 3094 lotas
529 3038 627 3101 millet,
654 3053 686 3093 ιι
703 3036 783 3107 longe
804 3033 945 3113 lugtbllc
961 3042 1038 3097 ilium
1059 3030 1286 3105 colaphizandum
1310 3036 1383 3081 esset
1412 3019 1594 3078 necessarius.
1620 3013 1753 3083 Quisquis

113 3136 246 3210 angelum
260 3135 378 3191 Satanae.
391 3131 470 3188 liudo
489 3131 554 3189 iicet
572 3129 720 3201 Apostolus
745 3139 787 3184 ter
817 3127 910 3183 Darni-

116 3246 186 3287 num
201 3243 303 3297 rogans
321 3241 376 3281 non
389 3223 471 3280 luerit
483 3223 629 3280 exartditns
654 3219 700 3292 (tt
711 3220 774 3277 Cor.
804 3235 853 3286 ιιι,
869 3220 909 3290 8),

116 3338 183 3380 cum
198 3320 288 3377 adbuc
311 3320 339 3374 in
353 3332 387 3374 ee
411 3326 485 3372 esset
515 3315 625 3369 virtutis
651 3322 723 3368 tanta
744 3310 910 3377 teneritudo,

116 3422 150 3470 ιιι
162 3413 215 3471 uisi
228 3411 342 3484 angelus
356 3409 466 3465 Satanae
477 3407 553 3463 iilum
570 3405 781 3476 colaphizasset,
801 3402 909 3472 magni-

115 3507 186 3563 tudo
196 3503 395 3561 revelationum
409 3501 539 3556 extoliere
556 3499 632 3553 iilum
651 3498 786 3568 potuisset
799 3515 807 3550 ε
819 3495 910 3551 nulia·

116 3609 200 3656 tenus
218 3606 310 3654 tamen
324 3604 367 3652 est
385 3592 550 3650 eredendum
563 3611 570 3646 ι
581 3607 627 3661 per
639 3589 757 3661 siopulos
779 3589 836 3644 dica
848 3588 912 3643 ritae

117 3707 179 3749 sua
193 3699 299 3747 tantum
310 3687 465 3759 apostolum
476 3686 528 3742 sub
543 3684 645 3741 talibus
656 3681 779 3753 colaphis
791 3680 912 3751 jacuisse

117 3785 290 3856 depressum.
302 3779 430 3853 Nnuqoiti
442 3778 514 3835 enim
528 3778 662 3833 irascetur
673 3771 845 3844 persiupuios
855 3772 911 3824 dies

118 3876 191 3932 Deus
202 3873 293 3930 iudea
301 3873 404 3945 justus,
416 3871 494 3941 fortis
505 3878 529 3924 et
538 3867 663 3938 peticus?
671 3863 797 3935 Nunquid
811 3862 910 3933 potuit,

117 3968 162 4025 rei
173 3967 267 4024 debuit
276 3966 335 4022 rasi
349 3963 492 4020 electionis·
504 3977 552 4032 per
565 3959 625 4015 rias
636 3959 682 4015 irre
694 3956 727 4013 ad
740 3957 851 4028 pienum
864 3969 912 4025 po·

118 4062 168 4117 lito
174 4059 265 4130 justus
273 4058 358 4129 jrtdex
374 4055 444 4110 ultra
459 4055 591 4108 molestus
610 4065 672 4106 esse
693 4064 741 4119 per
764 4048 844 4102 talem
862 4046 912 4101 sti·

119 4152 224 4209 muium
244 4150 346 4217 carnis,
363 4163 411 4218 per
436 4147 518 4203 talem
541 4144 670 4217 angeium
696 4142 815 4208 Satanae,
829 4154 911 4211 quem

119 4263 175 4305 non
196 4244 320 4310 tramisit,
333 4243 387 4298 nisi
403 4257 454 4311 pro
469 4241 579 4304 rirtuto,
599 4237 626 4292 id
644 4248 683 4292 est
699 4250 750 4306 pro
770 4233 912 4290 humilita-

121 4347 158 4404 te,
169 4339 302 4393 virtutum
318 4335 423 4405 regina,
447 4329 628 4401 perficienda?
639 4326 693 4381 Nec
712 4327 823 4387 mirum,
838 4322 910 4393 quod

120 4427 254 4499 Apostoio
275 4421 545 4481 adirucadoiescenti
571 4418 658 4489 potuit
686 4418 799 4473 subesse
824 4414 911 4470 lomes

121 4518 323 4590 aliquantulum
339 4513 516 4586 superbiendi
542 4527 592 4582 pro
607 4510 794 4582 magnitudine
808 4508 913 4564 revela·

960 3128 1121 3201 Apostolum
1133 3125 1185 3179 hae
1195 3126 1275 3191 negat
1286 3115 1442 3186 frequenter
1449 3124 1555 3172 orasse,
1567 3113 1647 3178 neget
1662 3102 1753 3168 iiirrm,

961 3223 984 3280 ai
999 3226 1099 3291 potest,
1113 3212 1271 3271 Orationem
1294 3204 1466 3262 Dominicam
1480 3215 1533 3255 uon
1552 3197 1751 3267 frequentasse,

960 3313 1034 3370 dicat
1044 3309 1121 3365 iilum
1135 3305 1224 3371 aliter,
1239 3315 1322 3373 quarn
1345 3296 1449 3359 docuit,
1475 3292 1585 3354 iecisse,
1600 3286 1649 3359 qui
1666 3305 1676 3337 ι
1692 3284 1753 3339 sinc

962 3400 1164 3462 intermissione
1190 3407 1270 3450 orare
1292 3390 1318 3460 (i
1346 3388 1437 3443 Thess.
1464 3401 1492 3452 ι,
1516 3382 1588 3454 17)»
1613 3374 1751 3450 praecepit.

961 3495 1030 3553 Gom
1043 3492 1127 3565 igitur
1149 3494 1268 3551 constet,
1289 3479 1451 3552 Apostolum
1472 3474 1630 3545 irequenter
1657 3480 1752 3523 orasse
1817 3505 1828 3526 ,

962 3596 993 3644 ut
1014 3598 1113 3641 nornen
1129 3580 1177 3635 ilei
1191 3580 1219 3634 ιιι
1231 3591 1265 3633 eo
1278 3571 1507 3634 sanctificaretur,
1521 3571 1553 3620 nt
1571 3574 1685 3633 regnum
1704 3555 1752 3611 ilci

962 3678 1001 3735 iiii
1014 3674 1163 3738 adveniret,
1179 3670 1207 3725 in
1222 3681 1278 3740 quo
1303 3678 1389 3734 regno
1413 3658 1527 3730 angelus
1554 3654 1663 3711 Satanae
1684 3645 1753 3704 nibil

962 3782 1044 3826 suum
1060 3764 1151 3829 habet,
1167 3768 1198 3817 ut
1215 3777 1225 3810 ι
1239 3757 1316 3813 heret
1326 3752 1455 3809 roiuutas
1468 3747 1514 3803 Dei
1528 3747 1600 3822 sicut
1622 3743 1649 3797 in
1670 3738 1751 3804 ereio,

962 3869 990 3916 et
1004 3858 1115 3913 interra
1128 3850 1238 3922 (iiottb.
1253 3862 1291 3911 rr,
1308 3842 1364 3915 iil),
1383 3861 1393 3894 ι
1410 3854 1464 3911 qua
1480 3837 1618 3893 uoluntate
1628 3832 1656 3887 in
1671 3829 1752 3895 coeio,

963 3954 989 4008 id
1001 3960 1044 4007 est
1056 3947 1083 4003 iu
1098 3943 1192 4000 auimo
1215 3937 1337 3997 caelestia
1358 3933 1541 3994 desiderante,
1574 3936 1602 3982 et
1629 3926 1656 3980 in
1680 3933 1753 3978 terra

963 4041 1056 4100 earnis
1083 4037 1211 4093 humanae
1233 4030 1353 4103 perlecta
1378 4041 1429 4083 nec
1458 4021 1599 4080 cxtoiiitur
1632 4016 1753 4080 animus,

963 4131 1134 4207 quantalibet
1149 4127 1233 4183 luerit
1246 4119 1435 4194 magnitudine
1446 4114 1642 4172 revelationum
1669 4106 1754 4179 giori-

963 4224 1071 4286 acatos,
1085 4233 1138 4276 uec
1149 4216 1201 4289 ipsi
1213 4212 1289 4272 carni
1304 4209 1433 4268 stimulus
1446 4214 1488 4264 est
1508 4199 1691 4263 necessarius,
1705 4195 1754 4266 qui

964 4311 1199 4384 esmcoiaphiaet,
1217 4306 1297 4380 quasi
1318 4301 1447 4359 rebeliem
1470 4293 1588 4368 spiritui.
1611 4291 1754 4346 Postremo

927 4384 950 4440 Ῑ)
964 4423 1027 4464 cum
1041 4419 1071 4462 se
1083 4395 1341 4476 rogaveritiiberari
1358 4409 1374 4450 a
1390 4391 1473 4455 maio,
1489 4403 1541 4443 nec
1551 4382 1643 4440 induci
1655 4382 1682 4435 iu
1694 4388 1756 4435 ten-

964 4497 1107 4562 tationem,
1121 4492 1185 4566 quis
1199 4502 1300 4561 negare
1314 4484 1423 4550 audeat,
1444 4482 1472 4537 in
1487 4479 1540 4534 hoc
1558 4476 1619 4546 ejus
1641 4469 1756 4529 exaudi-

120 4612 238 4665 tionum.
254 4606 383 4663 Sireniru
398 4605 456 4674 ipse
470 4603 503 4659 de
518 4617 547 4657 se
559 4601 659 4655 tantur
682 4601 796 4655 dicens:
815 4616 824 4649 ι
843 4597 911 4652 Cum
965 4599 1019 4645 taru
1037 4587 1236 4643 indesinentem
1247 4580 1412 4645 orationem,
1435 4585 1465 4631 ut
1487 4569 1659 4629 inhabitante
1677 4566 1705 4621 ιιι
1724 4579 1755 4620 se

121 4718 210 4759 essern
224 4700 365 4771 parvulus,
379 4697 513 4768 loquebar
525 4703 554 4750 ut
565 4691 836 4764 parruloszquaodo
861 4705 911 4744 arr·
963 4682 1065 4737 uirtute
1084 4677 1188 4735 Christi
1206 4676 1278 4732 iiber
1290 4680 1393 4729 esseio
1418 4668 1552 4738 colaphis,
1570 4662 1670 4734 quibus
1688 4657 1756 4716 eto·

121 4804 176 4850 tem
189 4793 279 4849 lactus
301 4807 362 4848 sum
384 4790 437 4855 ιιι,
463 4786 594 4844 evacuari
616 4800 678 4856 quae
704 4791 784 4839 erant
806 4783 914 4855 paruuli
965 4782 1031 4836 mita
1052 4779 1142 4835 iuerat
1162 4775 1224 4846 ejus
1241 4771 1398 4837 inscientia,
1413 4769 1502 4824 donec
1515 4767 1542 4821 iu
1562 4779 1597 4820 eo
1611 4767 1685 4817 esset
1700 4758 1756 4814 vir·

122 4884 151 4960 (1
167 4885 230 4942 Cor.
247 4901 306 4952 uu,
320 4883 397 4955 ii).s
414 4877 626 4937 Correedendum
637 4885 680 4932 est
693 4890 759 4948 ergo
772 4876 849 4945 josto
862 4873 912 4930 ιιι-
966 4881 1010 4926 tus
1021 4867 1161 4939 perlecta?
1172 4862 1299 4935 Nuuqnid
1309 4860 1383 4918 enim
1399 4859 1469 4913 beas
1484 4855 1570 4927 judea
1581 4852 1684 4923 justus,
1699 4848 1757 4919 [or-

120 4978 188 5043 dici,
201 4976 249 5047 qui
273 4992 327 5031 non
341 4975 467 5029 irascitur
480 4988 526 5042 per
535 4968 654 5041 sirtpuios
665 4968 732 5034 dies,
750 4974 780 5021 ut
792 4981 840 5037 per
853 4965 914 5021 iilos
966 4965 1010 5027 tis,
1025 4971 1050 5015 ct
1061 4960 1164 5031 potiens
1176 4958 1311 5013 irascetur
1323 4953 1366 5009 rei
1379 4952 1448 5007 iram
1467 4949 1585 5006 adducet
1599 4959 1646 5015 per
1665 4942 1757 5011 sinpo-

122 5071 191 5136 dr'es,
209 5067 311 5139 quibus
328 5065 476 5137 Apostolus
500 5063 591 5118 adhoc
612 5059 744 5132 parvulus
769 5058 802 5114 ad
818 5071 916 5127 super·
964 5055 1004 5109 ios
1017 5054 1094 5108 dies?

123 5162 176 5217 biae
200 5160 307 5215 ruinam
327 5158 380 5214 luit
402 5172 516 5228 pronus,
537 5154 683 5225 castigaret
709 5158 738 5206 et
758 5149 916 5204 humiliaret
1000 5150 1036 5204 dt
1049 5157 1140 5205 tamen
1155 5161 1205 5203 vos
1230 5143 1373 5214 AEtbiopes
1396 5125 1600 5197 nomiuedbrsi
1621 5130 1754 5193 denotati,

122 5255 200 5311 ilium
219 5269 267 5323 per
277 5252 405 5323 angeium
431 5248 551 5315 Satanae,
579 5262 628 5318 per
658 5244 800 5301 stimulum
823 5241 916 5298 caruis
966 5235 1238 5304 borsoitotezQuod
1255 5222 1755 5306 bicjnstusiudeafortis,ttpotiens

121 5347 312 5413 reiutiratus;
329 5345 376 5401 sed
397 5343 515 5415 nunquid
531 5340 624 5405 irasci,
648 5337 770 5407 nunquid
792 5350 840 5406 per
866 5350 915 5388 an·
966 5328 1129 5388 durantibus
1143 5327 1222 5383 vobis
1235 5326 1263 5380 ιιι
1285 5323 1390 5379 malitia
1411 5322 1550 5377 irascetur·
1567 5332 1614 5387 per
1635 5310 1753 5383 alopecias

123 5443 214 5512 gelum
235 5440 283 5495 irae
297 5440 429 5495 molestus
444 5451 505 5493 esse
527 5433 621 5491 debuit
643 5448 690 5502 per
714 5429 833 5501 singulos
858 5427 914 5481 dies
966 5425 1039 5478 dies:
1054 5422 1119 5493 quia
1133 5419 1184 5474 uisi
1195 5417 1312 5473 oenomai
1322 5413 1438 5486 fatentis,
1449 5410 1569 5483 pladiani
1582 5413 1658 5461 suurn
1669 5397 1758 5458 lidro-

122 5534 211 5589 cidem
223 5531 365 5602 apostolo,
378 5526 551 5600 quandojam
569 5524 658 5580 iactus
671 5522 713 5576 ιιι
737 5526 916 5577 evacuaverat
967 5515 1016 5580 iit,
1032 5515 1149 5589 imolam
1160 5509 1287 5576 vibravit,
1299 5509 1363 5579 quia
1375 5507 1416 5563 sic
1432 5505 1554 5561 laturum
1563 5500 1678 5573 praeiisit
1692 5513 1756 5555 con·

124 5641 187 5697 quae
206 5615 286 5680 erant
308 5621 433 5694 parvuli!
456 5618 536 5675 Absit
552 5619 604 5673 hoc
635 5618 670 5672 ab
687 5616 733 5672 iiio
749 5612 855 5679 iudice,
881 5610 916 5667 de
968 5619 1009 5665 tra
1024 5624 1084 5665 ros.
1101 5606 1215 5663 Gladius
1229 5601 1416 5666 esthristus,
1428 5597 1489 5669 qui,
1500 5597 1528 5652 in
1539 5593 1758 5666 primoadrentu

126 5736 182 5796 qna
194 5720 257 5790 jure
272 5717 414 5790 psallimus
425 5712 605 5772 etcanhn'us:
622 5709 690 5765 Deus
709 5708 793 5779 judee
811 5706 913 5776 justus,
969 5702 1064 5777 ragina
1084 5698 1250 5757 humilitatis
1265 5703 1363 5764 tectus,
1388 5692 1509 5750 secundo
1534 5686 1700 5756 coruscabit,
1714 5686 1759 5742 ht·
