3817 6000
439 245 599 302 4805

1412 230 1724 292 GEmloltt
1764 224 2154 288 PRAEPOStTt
2194 219 2744 280 RsstannSPEnG.
3582 217 3663 273 U

431 362 697 430 «deprecor
721 364 912 428 petens
938 351 1142 410 auferri
1161 352 1302 408 mala
1321 351 1459 422 ipsa.
1481 348 1563 405 Tu
1588 347 2035 419 superabundan-
2061 350 2108 404 A
2138 350 2227 397 tus
2260 339 2446 395 attacti
2480 346 2649 409 agunt
2673 334 3050 407 poenitcntiam
3105 333 3290 391 flendo
3329 346 3557 400 amare,
3581 349 3673 405 μ

445 463 535 510 ter
563 467 726 524 quam
753 459 900 522 peto,
931 449 1124 505 exaudi
1150 445 1433 518 largiendo
1458 445 1602 500 bona
1629 443 1810 506 malis,
1830 440 2034 512 quibus

443 545 711 612 tribulor,
735 540 1033 600 contraria.
1079 538 1145 596 Et
1187 540 1314 610 quia
1363 539 1505 593 inter
1533 536 1676 593 mala
1718 535 2036 592 tribulantia

454 635 592 691 nihil
617 632 927 697 nocentius,
977 645 1145 701 quam
1204 629 1368 684 timor
1397 627 1709 684 mundanus
1743 625 1931 683 divino
1965 625 2033 680 ti·

454 726 595 782 mori
617 723 948 788 contrarius,
973 721 1231 790 tu,Deus,
1248 720 1534 776 exauditor
1556 718 1721 790 justae
1741 717 2033 780 orationis,

456 835 487 871 α
519 817 707 872 timore
726 814 932 869 inimici
961 812 1104 884 eripe
1125 812 1360 865 animam
1390 826 1578 865 meam.

528 906 585 960 ln
619 903 1064 974 Hebraeolegitur
1092 920 1108 956 z
1133 901 1177 955 Α
1220 902 1408 956 timore
1446 898 1652 955 inimici
1680 915 1828 955 serva
1871 898 2038 954 vitam

455 1013 652 1054 meam.
685 995 815 1053 Scio
844 996 991 1052 enim
1014 993 1160 1066 qnod
1198 993 1341 1050 sient
1363 993 1459 1064 qui
1495 999 1644 1048 amat
1665 991 1905 1047 animam
1938 1005 2035 1046 seu

457 1092 625 1147 vitam
647 1104 802 1147 suam
831 1088 954 1159 plus
974 1102 1139 1158 quam
1176 1094 1247 1154 te,
1270 1100 1378 1140 non
1409 1092 1494 1140 est
1516 1094 1567 1138 te
1589 1083 1787 1154 dignus
1823 1101 1837 1138 ε
1872 1082 1947 1136 ita
1983 1089 2040 1137 et

459 1185 554 1258 qui
585 1183 741 1240 timet
770 1179 980 1251 aliquid
1024 1179 1146 1251 plus
1175 1194 1341 1250 qnam
1377 1185 1451 1241 te,
1494 1190 1602 1231 non
1633 1183 1719 1231 est
1741 1184 1791 1230 te
1814 1173 2035 1244 dignus.

461 1279 546 1334 Ab
575 1273 888 1347 hujusmodi
916 1287 1046 1342 ergo
1077 1272 1263 1324 timore
1283 1268 1538 1335 animam,
1562 1282 1661 1323 scu
1684 1267 1847 1320 vitam
1868 1280 2038 1320 meum

462 1384 641 1434 serva,
677 1381 744 1421 ne
772 1363 977 1420 incidat
1001 1363 1057 1417 in
1101 1361 1220 1432 ejus
1252 1360 1528 1430 laqueum,
1562 1356 1646 1412 vel
1686 1356 1732 1412 si
1779 1355 1918 1411 sorte
1956 1355 2043 1410 in-

462 1459 673 1523 ciderit,
697 1457 840 1527 eripe
864 1453 1040 1519 illam,
1071 1468 1140 1508 ne
1170 1460 1439 1506 teneatur.
1475 1447 1634 1518 Eripe
1677 1462 1786 1502 non
1827 1456 1936 1503 tam
1969 1448 2041 1502 ab

462 1548 677 1604 intintico
708 1560 871 1619 quam
895 1559 926 1599 a
956 1544 1141 1597 timore
1181 1540 1407 1607 inimici,
1434 1554 1542 1594 non
1567 1546 1627 1592 ut
1671 1553 1780 1593 non
1806 1538 2039 1593 habeam

463 1640 773 1705 inimicum,
810 1636 906 1694 sed
937 1644 999 1690 ut
1044 1649 1152 1689 non
1204 1633 1426 1687 timeam
1476 1628 1799 1697 inimicum;
1842 1646 1951 1685 non
1982 1638 2041 1685 ut

2130 431 2265 488 ‚victi
2314 431 2558 485 humano
2610 426 2808 483 timore
2856 427 2940 481 vel
2990 441 3107 482 suae
3147 426 3275 482 vitae
3323 425 3526 481 allecti
3566 426 3675 480 nina

2135 538 2323 580 amore
2357 522 2696 577 diverterunt
2731 535 2761 573 a
2814 518 3170 582 rectitudine,
3215 517 3290 573 ad
3335 533 3529 588 quam
3555 520 3684 573 rffie

2134 613 2363 673 omniuo
2395 621 2481 669 est
2513 609 2873 682 impossibile,
2905 607 3011 665 nisi
3046 625 3080 662 a
3122 610 3316 664 timore
3342 608 3571 662 inimici
3613 612 3689 662 ι’

2137 723 2263 763 mus
2309 705 2580 778 poenitens
2627 710 2953 769 evacuetur,
2997 709 3052 757 et
3108 700 3315 758 timore
3369 698 3609 756 Domini
3640 716 3694 756 ιι-

2135 797 2369 869 pleatur.
2397 795 2457 853 Si
2486 794 2631 852 enim
2662 794 2732 851 de
2758 793 3044 866 unigenito
3069 791 3211 848 Filio
3235 790 3339 848 Dei
3369 789 3571 847 forma
3596 796 3697 848 uzi

2138 888 2427 944 humiliato
2472 887 2739 956 scriptum
2771 893 2878 950 est,
2931 883 3076 955 qnod
3112 902 3132 936 ι
3167 882 3422 954 replevit
3453 899 3589 939 eun
3612 882 3702 955 δῇ»

2137 980 2279 1037 ritus
2315 977 2531 1036 timoris
2557 976 2778 1033 Domini
2815 975 2955 1047 (Ιεα.
2994 991 3072 1039 11.
3102 975 3181 1048 5),
3232 994 3257 1028 ι
3310 976 3706 1047 quomode-ts

2139 1073 2325 1130 miseri
2353 1072 2420 1128 de
2446 1069 2671 1128 servitio
2700 1069 2909 1141 peceati
2949 1068 3218 1139 sanguine
3247 1068 3416 1125 itlius
3440 1071 3708 1141 redempti.

2137 1176 2192 1223 ct
2215 1165 2395 1222 adbuc
2418 1165 2487 1220 ab
2512 1162 2632 1235 ipso
2656 1161 2942 1233 judicandi
2979 1161 3341 1231 aliquomodo
3388 1163 3590 1218 securi
3631 1165 3715 1216 eri-

2139 1272 2266 1313 mus
2294 1255 2377 1312 vel
2403 1269 2525 1311 esse
2555 1253 2880 1325 poterimus,
2910 1251 2983 1308 ita
3015 1262 3072 1309 ut
3121 1268 3230 1307 non
3259 1253 3715 1324 repleamur&

2141 1351 2252 1406 ritu
2308 1347 2526 1405 timoris
2572 1344 2828 1401 Domini?
2869 1344 2976 1402 Sed
3025 1361 3212 1400 revera
3265 1345 3435 1402 bunc
3480 1345 3718 1417 Spiritu

2141 1439 2356 1497 timoris
2377 1438 2646 1509 accipere,
2681 1437 2886 1509 illoque
2909 1437 3103 1509 repleri
3133 1452 3241 1492 non
3265 1453 3623 1509 possumus,
3641 1441 3719 1492 ἠέ

2144 1553 2177 1591 a
2202 1536 2388 1589 timore
2415 1532 2619 1589 inimici
2651 1531 2971 1598 liberemur,
3002 1532 3281 1603 quomodo
3329 1532 3623 1589 liberatus
3661 1544 3725 1588 est

2142 1626 2339 1683 Petrus
2361 1624 2437 1681 ita
2471 1623 2730 1696 perfecte,
2761 1632 2822 1678 ut
2842 1625 2958 1695 jam
2991 1638 3100 1679 non
3141 1624 3372 1679 timeret
3413 1625 3626 1680 mundi
3647 1626 3726 1678 ὼ-

464 1748 575 1788 non
606 1729 850 1795 occidar,
881 1727 977 1783 sed
1006 1734 1068 1781 ut
1098 1734 1148 1781 te
1171 1724 1370 1779 timens
1404 1737 1514 1777 non
1542 1721 1765 1777 timeam
1795 1736 1891 1776 eos
1946 1720 2042 1789 qui
2074 1709 2115 1765 Β
2144 1719 2349 1779 minam
2381 1716 2636 1784 Romam,
2658 1716 2751 1787 qui
2782 1715 3083 1772 sacerdotis
3108 1721 3433 1786 expaverat
3462 1718 3727 1773 ancillam.

464 1840 665 1896 corpus
693 1819 971 1888 occidunt,
999 1818 1237 1874 animam
1277 1824 1459 1871 autem
1489 1829 1597 1869 non
1630 1822 1859 1884 possunt
1887 1813 2035 1867 ecci-

464 1920 614 1974 dere.
638 1914 757 1970 Non
782 1928 916 1985 rogo
939 1920 1001 1967 ut
1024 1924 1239 1967 caream
1269 1908 1516 1973 inimice,
1534 1905 1628 1961 scd
1657 1919 1726 1960 ne
1748 1903 2045 1960 absorbear

469 2012 540 2068 ab
568 2009 812 2066 inimico.
845 2003 950 2072 Qui
977 2004 1122 2060 enim
1176 2002 1377 2057 timens
1436 1998 1721 2054 inimicum
1771 1996 1954 2053 sciens
1991 2004 2043 2052 te

469 2101 697 2158 offendit
722 2106 942 2170 propter
969 2095 1143 2166 ipsius
1190 2093 1463 2155 timorem,
1508 2091 1700 2146 vivens
1725 2100 1780 2145 et
1807 2089 2044 2160 vigilans

468 2196 764 2260 :rhammus
792 2200 870 2244 est
900 2188 1077 2256 :qunti
1113 2188 1153 2240 ni
1189 2188 1449 2240 nest-imm
1477 2184 1757 2246 lttlt·'it!=.²t*i‡,
1784 2189 2042 2236 mortuus

472 2288 552 2340 vel
580 2284 856 2340 dni-iniens
904 2282 1193 2348 abstirptns
1241 2288 1345 2332 est.
1397 2276 1497 2328 :ilii
1529 2276 1657 2336 vivi,
1697 2273 1785 2339 alii
1824 2273 2029 2329 mortui

468 2376 708 2444 absorpti
736 2384 864 2428 Sutil-
912 2372 964 2424 in
996 2380 1313 2440 tetttpt·5t:ilt‚²t
1345 2368 1760 2436 [ιῡτεῡιῖιιΙὶῡιιὶε.
1786 2363 1920 2420 Nam
1950 2363 2044 2436 qui

472 2471 704 2525 sevientes
736 2464 1016 2521 veritatem
1044 2464 1161 2517 itum
1193 2460 1493 2525 santanae,
1533 2468 1713 2513 tamen
1741 2456 1938 2512 timore
1961 2455 2047 2511 vel

472 2561 660 2617 illitum
688 2565 1085 2613 lutulentorum
1113 2553 1237 2605 viij-ti
1285 2561 1637 2621 negat-urunt„
1669 2546 1773 2602 vivi
1803 2546 2047 2616 absorpti

472 2661 620 2709 sunt„
656 2649 760 2717 [lui
800 2661 980 2705 ιιιιιιὲιιι
1019 2649 1321 2701 nessii-ntes
1361 2645 1637 2697 veritatem
1689 2648 2045 2710 negaverunt,

472 2745 672 2797 rnnrtni
696 2741 940 2809 nlmsnrliti
972 2749 1117 2793 snm⁴
1153 2737 1253 2801 Qui
1301 2737 1421 2805 plus
1461 2733 1629 2785 [teum
1681 2746 1842 2805 quam
1868 2729 2048 2786 bomi-

469 2850 597 2893 nem
620 2832 942 2898 timuerunt,
965 2827 1148 2901 potius
1167 2825 1408 2883 cavendo
1430 2824 1568 2879 iram
1589 2823 1708 2895 ejus
1753 2823 1848 2895 qui
1870 2830 2049 2895 potest

470 2927 711 2983 animam
737 2931 792 2979 et
814 2935 1015 2992 corpus
1037 2919 1252 2975 mittere
1274 2917 1331 2972 in
1361 2916 1661 2987 gebennam
1692 2914 1855 2986 ignis,
1878 2929 2047 2985 quam

471 3021 612 3076 iram
634 3015 899 3083 bominis,
930 3012 987 3068 in
1022 3011 1204 3068 solum
1245 3022 1448 3080 corpus
1481 3006 1767 3063 occidendi
1800 3015 2046 3078 potesta-

473 3122 581 3167 tem
612 3105 889 3175 babentiS,
935 3102 1218 3162 absorberi
1249 3116 1360 3158 non
1384 3107 1702 3171 potuerunt,
1751 3099 1838 3155 vel
1878 3098 1929 3155 si
1978 3099 2047 3155 ad

473 3207 668 3262 horam
699 3208 832 3258 sunt
884 3196 1153 3269 absorpti,
1181 3203 1243 3251 ut
1280 3194 1477 3250 Petrus
1527 3207 1736 3264 negans
1762 3192 1847 3248 vet
1878 3190 2051 3249 Jonas

473 3298 817 3365 inobediens,
847 3294 960 3350 cito
987 3305 1085 3347 eos
1120 3288 1297 3346 bestia
1327 3285 1576 3342 viventes
1611 3292 1798 3341 coacta
1843 3293 1929 3341 est
1957 3299 2047 3339 re-

471 3404 717 3457 vomere,
741 3401 882 3460 quos
909 3383 1158 3441 obstante
1179 3376 1423 3435 remedio
1449 3376 1785 3448 poenitentiae
1810 3374 1914 3431 sibi
1937 3390 2048 3431 non

473 3482 651 3556 potuit
679 3481 1051 3548 incorporare.
1090 3469 1228 3527 Nam
1280 3469 1409 3541 quia
1455 3477 1510 3525 et
1535 3466 1705 3525 Jonas
1760 3468 1816 3523 in
1860 3475 2052 3523 ventre

474 3572 580 3629 ceti
611 3569 810 3636 oravit,
851 3572 907 3623 et
943 3562 1145 3620 Petrus
1189 3560 1246 3615 in
1275 3557 1523 3630 periculo
1567 3556 1875 3631 negationis
1902 3555 2053 3612 flevit

473 3678 682 3728 amare,
713 3669 1011 3730 utrumque
1041 3653 1215 3713 bestia
1238 3651 1476 3710 crudelis
1501 3650 1791 3720 revomuit,
1818 3649 2050 3706 alterum

475 3753 763 3813 visibiliter
787 3766 887 3823 pro
915 3747 1167 3820 exemplo
1193 3742 1501 3801 manifestae
1525 3742 1880 3814 poenitentiae,
1910 3740 2050 3797 alte-

475 3864 600 3905 rum.
631 3841 981 3902 invisibiliter
1003 3854 1104 3911 pro
1140 3838 1392 3909 exemplo
1441 3843 1666 3893 secretae
1692 3832 2047 3907 poenitentiae.

476 3938 691 3996 Etenim
739 3935 873 4008 qnia
916 3932 1087 3989 Jonas
1136 3946 1169 3986 a
1217 3928 1402 3985 nautis
1454 3926 1768 3997 increpatus
1827 3925 2046 3996 culpam

477 4045 636 4089 suam
674 4025 1012 4100 recognovit,
1064 4037 1254 4080 eorum
1289 4018 1642 4094 praeostendit
1666 4017 1925 4084 formam,
1954 4016 2052 4088 qui

476 4123 768 4182 manifesta
833 4127 981 4178 sorte
1044 4115 1330 4174 sententiae
1387 4112 1667 4184 judicialis
1723 4110 2050 4182 deprehensi

476 4225 646 4291 agunt
705 4210 1109 4287 poenitentiam,
1171 4206 1512 4276 redeuntque
1563 4202 1631 4259 ad
1678 4202 2048 4259 intermissam

476 4308 843 4369 obedientiam
896 4304 1130 4359 libenter
1172 4298 1395 4355 ferendo
1446 4295 1708 4352 indictam
1737 4295 1840 4351 sibi
1874 4294 2051 4367 poeni-

2145 1811 2404 1882 Repletus
2448 1808 2651 1865 etenim
2709 1809 2904 1864 timore
2947 1805 3164 1862 Domini
3191 1809 3344 1862 mori
3386 1824 3519 1863 non
3579 1810 3732 1863 timit

2145 1919 2244 1975 pro
2272 1901 2516 1958 veritatis
2544 1903 2913 1964 vindemians,
2945 1920 3109 1968 qnam
3137 1900 3197 1952 :nl
3237 1915 3473 1969 tfflttpus
3502 1900 3733 1971 neganb

2146 1995 2456 2056 intermisit,
2504 2004 2556 2048 vt
2608 1996 2732 2060 amia
2780 1996 3061 2044 infinitivus
3093 2000 3293 2044 uirium
3340 1990 3734 2049 Pharisaietn

2144 2089 2313 2145 nimis
2334 2089 2532 2144 ῑίΙιιΗιΙ,
2564 2100 2612 2140 ct
2644 2088 2770 2156 quin
2804 2104 2861 2140 St:
2905 2088 3069 2140 ,Ιιηῗιιιιὶέι
3105 2088 3325 2138 muntii.
3358 2084 3448 2141 ua
3477 2087 3734 2142 nimirum

2145 2182 2396 2256 quisquis
2436 2196 2728 2248 sarnupntut
2772 2180 3081 2232 inordinata
3109 2192 3157 2232 et
3189 2180 3366 2234 nimio
3412 2181 3627 2234 timore
3654 2182 3742 2233 ixi·

2145 2277 2294 2345 mici,
2316 2275 2484 2332 simul
2508 2285 2807 2345 [ιρι-ιιμῑιῑιιτ·
2832 2285 2881 2329 tlt
2909 2273 3213 2325 {nardinum
3245 2289 3305 2325 ut:
3338 2272 3540 2328 nimio
3566 2288 3740 2328 amore

2148 2370 2255 2426 sui.
2284 2367 2328 2423 E
2372 2369 2592 2425 «livierint
2644 2381 2844 2433 alitent,
2901 2369 3149 2433 quisquis
3205 2373 3355 2421 [zu-itt
3416 2365 3739 2421 inordinato

2147 2458 2356 2515 inimici
2388 2461 2600 2521 tlttttit‘ffi
2628 2469 2772 2513 [taret
2798 2457 2961 2509 Sirmii
2985 2465 3037 2509 rt
3065 2457 3379 2511 inanimato
3406 2457 3502 2511 sui
3530 2472 3736 2514 amore-

2147 2549 2448 2609 Timendtffi
2496 2569 2624 2622 urgit
2654 2561 2732 2605 [⁵511
2764 2553 2865 2605 isit:
2921 2549 3085 2601 timim·
3133 2565 3241 2620 ιμιιι
3291 2549 3423 2618 plus
3478 2550 3741 2607 ininius

2146 2659 2312 2715 quam
2346 2637 2488 2700 Deus
2515 2644 2757 2708 timetur,
2784 2641 2912 2713 quia
2946 2640 3111 2697 simul
3142 2640 3267 2712 plus
3291 2642 3554 2699 mundus
3578 2660 3737 2715 quan

2148 2735 2293 2791 Deus
2333 2745 2569 2803 amatur,
2596 2744 2650 2789 et
2679 2733 2760 2790 sic
2790 2732 2993 2799 omnis,
3021 2732 3117 2804 q'ui
3150 2732 3389 2789 voluerit
3424 2749 3562 2790 esse
3605 2737 3742 2790 ami-

2148 2842 2247 2883 cus
2272 2828 2483 2892 saeculi,
2525 2825 2781 2882 inimicus
2810 2824 2903 2881 Dei
2943 2825 3320 2881 constituitur.
3370 2823 3473 2882 Sic
3518 2842 3557 2884 e
3604 2844 3739 2884 con·

2148 2933 2308 2975 verso
2338 2918 2578 2974 muudus
2604 2917 2740 2985 odit,
2760 2930 2902 2988 quos
2920 2917 3176 2974 Christus
3199 2916 3399 2988 diligit,
3430 2919 3648 2990 suique
3678 2920 3742 2974 ti-

2149 3009 2321 3066 moris
2365 3019 2420 3066 et
2451 3009 2658 3065 amoris
2699 3008 2977 3065 infusione
3001 3024 3034 3065 a
3073 3009 3282 3066 mundo
3317 3011 3586 3066 secernit.
3625 3031 3646 3065 ι
3686 3010 3739 3067 Si

2148 3102 2217 3159 de
2262 3101 2490 3170 mundo,
2550 3120 2569 3154 ι
2621 3101 2822 3173 inquit,
2855 3121 2875 3156 ι
2916 3101 3194 3167 fuissetis,
3248 3104 3518 3170 mundus,
3589 3107 3743 3177 qnod

2149 3209 2313 3252 suum
2345 3202 2486 3260 erat,
2531 3192 2802 3266 diligeret.
2849 3193 3008 3251 Nunc
3050 3210 3206 3262 vero,
3247 3194 3380 3267 quia
3417 3196 3494 3253 de
3522 3202 3745 3255 mado

2149 3303 2261 3345 non
2291 3287 2447 3355 estis,
2472 3288 2570 3344 sed
2606 3304 2708 3359 ego
2747 3288 2883 3361 elegi
2917 3302 3018 3344 vos
3049 3286 3116 3343 de
3166 3288 3396 3356 mundo,
3434 3300 3739 3363 propterea

2150 3381 2373 3438 oditvos
2386 3379 2825 3453 mundus(Joan.
2841 3379 3069 3452 xv,19).
3095 3399 3114 3433 ι
3133 3379 3270 3436 Vide
3286 3396 3436 3437 nunc
3456 3392 3515 3439 et
3561 3399 3744 3456 pensa

2150 3483 2484 3546 quantorum
2524 3474 2797 3529 malorum
2830 3472 3005 3530 fomes
3033 3481 3119 3529 est
3156 3473 3511 3531 inordinatus
3545 3477 3740 3544 timor,

2150 3566 2247 3637 qui
2282 3574 2336 3622 te
2363 3565 2554 3622 mundi
2588 3564 2797 3623 faciens
2822 3566 3061 3621 amicum
3094 3564 3191 3621 Dei
3222 3567 3519 3623 constituit
3542 3568 3740 3625 inimi-

2150 3672 2299 3725 cum,
2345 3656 2546 3714 sicute
2575 3671 2844 3716 converso
2892 3658 3058 3712 timor
3106 3657 3396 3716 ordinatus
3436 3656 3537 3714 Dei
3604 3659 3743 3717 facit

2151 3748 2409 3805 amicum.
2439 3719 2675 3804 Proinde
2713 3760 2775 3804 ut
2816 3748 3074 3805 ordinato
3123 3749 3365 3820 repletus
3397 3750 3603 3809 timore
3644 3768 3744 3810 ca-

2150 3856 2275 3897 reas
2304 3840 2639 3908 inordinato,
2676 3855 2777 3896 nec
2813 3841 3013 3897 timens
3054 3856 3163 3898 non
3202 3841 3445 3899 timenda
3468 3844 3553 3900 sis
3581 3845 3739 3900 timi-

2150 3933 2276 4001 dus,
2300 3932 2394 3990 sed
2422 3932 2622 3988 timens
2655 3932 2895 3989 timenda
2943 3932 3237 3990 timoratus
3275 3944 3340 3991 ut
3378 3935 3473 3991 ille
3499 3935 3737 3995 Simeon

2158 4043 2177 4077 ι
2201 4024 2384 4096 justus
2411 4032 2467 4080 et
2509 4024 2805 4081 timoratus
2830 4023 2984 4095 (Luc.
3035 4041 3098 4091 ιι,
3129 4025 3246 4097 25),
3284 4045 3305 4079 ι
3339 4043 3406 4083 ex
3433 4029 3564 4085 totis
3584 4044 3737 4100 ρη-

2151 4117 2353 4175 cordiis
2375 4117 2441 4172 ad
2474 4115 2645 4172 Deum
2675 4117 2873 4186 clama,
2905 4116 3095 4173 dicens
3143 4117 3228 4173 :A
3277 4119 3460 4174 timore
3516 4120 3736 4177 infiniti

2150 4212 2291 4281 eripe
2313 4211 2548 4266 animam
2590 4225 2779 4265 meam.
2814 4228 2833 4262 c
2866 4208 3092 4281 Conssge
3135 4209 3333 4266 timore
3375 4219 3472 4267 tuo
3524 4227 3734 4269 carnes

2151 4317 2302 4359 meas
2330 4300 2505 4375 (ΡεαΙ.
2548 4317 2738 4370 cxvnt,
2773 4300 2921 4373 120),
2960 4320 2981 4354 ι
3012 4309 3089 4356 ιιι·
3116 4300 3223 4357 sub
3265 4301 3459 4357 timore
3483 4285 3587 4359 tuo
3611 4319 3733 4360 ser·

477 4400 744 4465 tentiam,
797 4393 1078 4467 quomodo
1138 4389 1231 4446 ille
1279 4395 1497 4446 suomet
1547 4386 1758 4458 judicio
1810 4386 2048 4444 traditus
2079 4392 2275 4460 Dvus,
2312 4399 2420 4447 eta
2453 4392 2638 4446 timore
2677 4390 2883 4445 inimici
2930 4389 3071 4446 liber
3117 4390 3314 4462 plenus
3354 4392 3615 4450 ordinato
3663 4395 3732 4449 ti·

475 4492 721 4566 periculo
751 4488 943 4554 maris,
966 4500 1032 4540 ac
1060 4482 1358 4539 destitutus
1378 4479 1587 4536 auxilio
1612 4479 1769 4536 navis
1795 4479 1852 4536 in
1881 4479 2055 4537 inter·

478 4587 615 4641 itum
646 4581 829 4639 carnis
859 4578 969 4651 egit
1002 4575 1402 4650 poenitentiam,
1433 4572 1763 4645 tandemque
1780 4572 2052 4633 liberatus

477 4693 510 4733 a
542 4676 738 4731 timore
765 4686 932 4738 vano,
962 4683 1074 4741 quo
1113 4665 1343 4722 Niniven
1389 4664 1812 4721 subvertendam
1864 4674 1921 4723 et
1952 4665 2052 4722 Ju-

477 4770 651 4826 daeam
671 4762 1028 4821 deserendam
1071 4757 1239 4815 nimis
1279 4755 1479 4812 timens
1507 4754 1932 4826 exorbitaverat,
1963 4772 2053 4813 re-

379 4913 383 4918 ,
476 4859 578 4916 diit
631 4855 700 4913 ad
751 4852 1134 4927 poenitentiam
1182 4857 1410 4919 portans
1447 4846 1774 4921 legationem
1828 4842 2045 4905 durani.

485 4973 506 5007 ι
540 4950 754 5018 Adbuc,
785 4967 804 5001 ι
837 4944 1037 5017 inquit,
1084 4960 1104 4995 ι
1149 4939 1511 5012 quadraginta
1558 4939 1699 5008 dies,
1749 4951 1800 4997 et
1854 4938 2049 4998 Ninive

477 5042 825 5100 subvertetur
851 5034 998 5109 (lou.
1037 5048 1124 5101 ιιι,
1145 5033 1224 5105 t).
1269 5052 1289 5084 ι
1337 5030 1456 5087 Non
1482 5031 1564 5087 sic
1589 5031 1806 5088 loeutus
1831 5031 2046 5102 fuisset,

475 5135 586 5192 nisi
634 5133 904 5189 'timorem
982 5141 1188 5185 vanum
1255 5123 1422 5180 timor
1486 5138 1658 5179 sanus
1725 5125 2043 5195 expulisset.

475 5228 685 5300 Nempe
730 5238 901 5282 sanus
940 5222 1108 5280 timor
1154 5218 1277 5285 fuit,
1313 5231 1425 5288 quo
1470 5216 1598 5287 plus
1644 5216 1829 5272 timuit
1868 5217 2046 5274 offen-

477 5338 598 5381 sam
655 5320 753 5377 Dei
815 5317 1059 5376 incidere
1105 5313 1341 5372 tacendo
1396 5325 1562 5384 quam
1613 5310 1901 5368 bominum
1963 5311 2048 5367 lo·
2087 5328 2091 5332 ·

519 5412 717 5470 uendo.

476 5431 513 5487 q
547 5504 723 5561 Porro
743 5503 1027 5574 apostolus
1048 5499 1265 5565 Petrus,
1304 5510 1414 5554 non
1449 5495 1674 5553 bomine
1708 5496 2045 5566 increpante,

480 5596 577 5657 sed
602 5594 824 5651 Christo
843 5595 1026 5665 ipsum
1063 5592 1390 5665 respiciente
1432 5596 1818 5660 compunctus,
1853 5601 2047 5643 eorum

481 5684 701 5742 oei-tulit
731 5683 987 5750 formam,
1008 5683 1102 5753 qui
1132 5690 1342 5739 secreta
1382 5678 1805 5752 compunctione
1847 5678 2048 5735 divini-

2152 4498 2306 4541 more
2364 4492 2767 4555 consequenter
2827 4483 3132 4555 adimplear
3189 4484 3445 4541 ordinato
3505 4502 3730 4558 qnoque

2152 4591 2359 4645 amore,
2387 4576 2648 4648 quoniam
2679 4576 2822 4633 sieut
2842 4590 2977 4633 acus
3002 4584 3096 4631 aut
3121 4583 3237 4632 seta
3256 4576 3431 4646 filum,
3456 4578 3538 4634 sic
3564 4579 3730 4634 timor

2159 4668 2451 4725 ordinatus
2471 4668 2779 4723 ordinatam
2820 4668 3117 4724 introducit
3138 4667 3488 4738 charitatem,
3522 4670 3594 4726 dc
3615 4688 3727 4743 qua

2151 4776 2355 4833 sponsa
2397 4761 2453 4816 in
2496 4760 2705 4818 amoris
2735 4759 2951 4817 cantico
2998 4758 3139 4815 dixit
3172 4779 3185 4816 ε
3220 4778 3241 4812 r
3279 4757 3595 4817 Introduxit
3637 4780 3728 4819 rue

2150 4870 2249 4910 rex
2276 4854 2332 4909 in
2357 4854 2549 4910 cellam
2580 4852 2872 4920 vinariam,
2903 4851 3178 4907 ordinavit
3200 4851 3255 4907 in
3281 4866 3369 4907 me
3394 4853 3722 4910 charitatem

2150 4945 2332 5019 (Cant.
2362 4961 2423 5013 ιι,
2451 4944 2529 5016 t).
2563 4964 2582 4998 ι
2617 4943 2744 5000 Sola
2795 4952 2879 5000 est
2914 4943 3152 4999 charitas
3178 4941 3453 5009 ordinata,
3490 4960 3616 5015 quae
3641 4945 3724 4998 in-

2148 5036 2463 5093 ordinatum
2525 5034 2675 5092 foras
2729 5036 2945 5091 mittere
2993 5035 3247 5091 timorem
3290 5034 3363 5089 sit
3401 5034 3623 5094 idonea.
3661 5035 3722 5091 Et

2148 5129 2273 5185 ideo
2293 5144 2418 5185 cum
2445 5128 2569 5184 dico
2612 5128 2709 5185 tibi
2741 5126 2888 5183 Deus
2928 5142 3086 5183 meus
3132 5144 3147 5182 ε
3181 5126 3226 5180 Α
3282 5128 3474 5183 timore
3521 5128 3726 5183 inimici

2146 5220 2287 5291 eripe
2316 5220 2552 5275 animam
2581 5234 2775 5285 meam,
2820 5218 3040 5289 postulo
3062 5233 3094 5273 a
3122 5224 3178 5273 te
3213 5217 3539 5275 charitatem
3574 5220 3724 5275 oniti-

2149 5319 2355 5378 natam,
2392 5326 2514 5381 quae
2545 5308 2697 5367 foras
2732 5310 2915 5368 mittat
2959 5310 3235 5367 timorem.
3268 5308 3529 5368 Charitas
3573 5311 3721 5368 enim

2149 5419 2275 5460 cum
2304 5406 2377 5460 sit
2404 5403 2632 5471 fervida,
2670 5418 2780 5459 non
2828 5402 3081 5469 aediflcat,
3114 5402 3221 5459 nisi
3260 5401 3427 5459 fuerit
3449 5402 3719 5460 ordinata.

2148 5496 2515 5567 Importabilis
2541 5496 2813 5567 siquidem
2861 5496 3013 5553 zelus
3062 5504 3148 5552 est
3186 5493 3476 5551 charitatis
3517 5495 3721 5569 absque

2148 5586 2353 5643 virtute
2375 5586 2725 5643 discretionis
2754 5602 2786 5643 a
2805 5586 3103 5644 virtutibus
3130 5585 3262 5641 vitia
3310 5585 3718 5660 distinguentis,

2150 5690 2201 5737 et
2226 5680 2374 5752 ipsas
2414 5678 2645 5737 virtutes
2692 5680 2748 5737 in
2808 5681 3000 5738 ordine
3040 5694 3144 5735 suo
3197 5677 3565 5750 disponentis.
3611 5677 3716 5737 um
