3817 6000
182 224 313 301 853-
843 218 1397 278 COMMENTAmUM
1435 219 1502 277 ΙΝ
1536 218 1876 278 PSALMOS.
1931 249 1985 257 --·
2024 221 2204 278 PARS
2240 220 2281 278 1.
2326 254 2396 264 —
2431 221 2627 279 PSAL.
2667 223 2806 283 xvi.
3336 230 3457 294 852,

181 337 429 395 inimicis
458 337 595 394 meis
629 335 852 404 JudaeiS,
881 336 1236 393 contestando
1263 336 1343 392 cis
1374 336 1675 405 veritatem,
1710 348 1770 395 ut
1797 327 1843 377 Α
1872 335 2152 405 operando
2190 334 2549 406 principibus,
2576 345 2738 409 atque
2779 338 2996 397 inhians
3035 355 3157 397 mco
3188 342 3437 414 sanguini

180 434 422 488 facerem
461 430 713 502 benigne,
741 429 888 502 quod
925 429 1001 484 illi
1042 429 1357 500 obiecerant
1383 430 1635 502 maligne.
1670 432 1764 485 Di·
1868 424 2123 480 clamavit
2160 444 2174 479 ε
2211 446 2231 479 ι
2266 425 2414 483 Reus
2457 436 2543 483 est
2581 430 2776 486 mortis
2828 428 3045 502 (Μαιιὴ.
3085 448 3233 500 xxvi,
3260 431 3372 504 66).
3412 452 3435 488 ι

175 530 385 578 xerant
404 521 550 578 enim
583 543 596 576 :
632 539 652 572 ‹
676 520 974 591 Quousque
993 518 1231 574 animam
1263 528 1505 575 nostram
1536 520 1719 575 tollis?
1741 541 1759 574 ι
1864 514 1998 571 Item
2034 535 2047 571 :
2082 535 2100 567 a
2140 515 2430 591 Crucilige,
2466 521 2722 593 crucifige
2750 537 2875 578 eum
2902 521 3055 594 (Luc.
3089 539 3248 594 xxm,
3272 524 3388 595 22).
3410 544 3436 581 ι

175 614 383 687 Quid„
411 614 530 685 24.)
573 613 652 668 Ac
685 613 734 669 si
754 613 998 668 dicerent
1023 631 1037 667 :
1064 613 1360 684 Quousque
1383 628 1482 669 nos
1506 613 1765 670 interficis
1941 606 2103 665 VERS-
2146 610 2233 664 ¹5.
2276 608 2536 684 Exsurge,
2568 613 2809 682 Domine,
2835 617 3060 686 proeveni
3085 633 3224 686 eum,
3251 626 3436 690 etsttp·

175 723 297 764 uon
332 706 605 779 loquendo
643 705 822 771 nobis,
854 712 916 760 ut
950 704 1371 777 volumus?l·3go
1399 705 1582 776 igitur,
1622 706 1764 763 sicut
1863 698 2050 769 Planta
2080 716 2217 755 eum·
2252 700 2481 759 Domine
2535 703 2698 771 Deus,
2719 705 2881 763 Pater
2909 722 3085 776 meus,
3116 707 3212 780 (1ὓί
3240 709 3436 769 videri!

174 800 320 868 dixi,
341 799 576 870 benigne
619 796 904 853 veritatem
934 796 1206 868 loquendo
1235 798 1304 854 ad
1348 798 1455 854 hoc
1498 799 1759 866 laboravi,

176 902 244 948 ut
265 893 350 949 eis
372 892 621 948 tollerem
644 890 877 959 animas,
904 891 1257 964 malignitatis
1301 891 1458 963 adipe
1486 892 1760 950 incrassa-

173 994 285 1044 tas,
317 985 488 1042 Atilii

252 1076 422 1135 Vsus.
466 1078 554 1134 10.
593 1078 817 1150 Adipem
873 1076 1473 1148 suuntssconcluserunt.
1513 1078 1756 1150 Adipem,

168 1184 433 1243 mquam,
466 1188 646 1239 sunm,
672 1172 1033 1228 incrassatum
1058 1186 1154 1227 cor
1180 1185 1363 1237 suum,
1393 1171 1758 1243 impinguatas

165 1265 395 1321 animas
438 1280 568 1322 suas
632 1264 844 1321 veritati
901 1265 1271 1330 obcluserunt,
1301 1272 1356 1319 et
1404 1265 1562 1336 quasi
1615 1265 1756 1319 tauri

164 1359 408 1431 pingues
446 1367 639 1416 contra
672 1375 760 1416 me
795 1359 1033 1416 insultus
1063 1358 1310 1415 faciendo
1352 1358 1567 1428 adipem
1593 1373 1753 1413 suum

165 1462 370 1509 eontra
390 1451 629 1523 gladium
655 1452 804 1509 verbi
839 1461 895 1508 et
922 1452 1184 1508 doctrina}
1212 1467 1346 1506 meae
1373 1449 1751 1517 defenderunt,

161 1543 420 1616 mihique
454 1545 691 1601 animam
731 1560 909 1601 meam
956 1544 1144 1600 tollere
1177 1543 1357 1599 conati
1384 1552 1531 1599 sunt.
1558 1542 1630 1597 At
1667 1550 1753 1598 ta-

161 1651 300 1693 men
336 1650 501 1691 nemo
527 1634 669 1692 tollit
689 1651 721 1690 a
754 1650 843 1691 me
883 1634 1121 1689 animam
1144 1648 1343 1698 meam,
1366 1632 1460 1689 scd
1485 1648 1584 1703 ego
1608 1647 1754 1704 pono

158 1741 317 1793 eain,
344 1735 401 1784 et
437 1726 635 1783 iterum
658 1741 819 1783 sumo
847 1741 987 1782 eam.
1019 1724 1076 1780 ln
1110 1725 1212 1780 hac
1250 1725 1518 1794 positione
1557 1724 1755 1780 animae

158 1831 308 1873 meae
354 1833 414 1871 os
463 1832 644 1873 eorum
692 1816 927 1871 locutum
976 1826 1051 1871 est
1113 1814 1413 1885 superbiam
1467 1813 1749 1871 dicendo:

162 1927 188 1960 c
230 1906 381 1963 Vah!
412 1908 509 1980 qui
529 1908 768 1965 destruis
791 1908 1050 1980 templum
1098 1907 1215 1975 Dei,
1242 1915 1297 1962 et
1336 1906 1390 1960 in
1437 1897 1753 1962 tribus'die-

156 1998 273 2055 bus
305 1999 627 2067 reaedificas,
659 2000 707 2056 si
737 2014 833 2055 rex
868 1998 1035 2055 lsrael
1079 2012 1159 2066 es,
1195 1996 1467 2064 descende
1495 1996 1563 2052 de
1588 2010 1753 2052 cruce

156 2089 387 2162 (March.
421 2107 593 2159 nvn,
623 2090 696 2147 40
727 2110 742 2148 :
778 2110 800 2143 ι
828 2091 960 2148 etin
982 2089 1105 2146 aliis
1133 2087 1322 2146 multis
1346 2096 1535 2145 contra
1569 2102 1661 2144 me
1691 2103 1750 2143 οε

152 2180 607 2238 commanentiam
632 2191 711 2239 est
739 2181 1057 2254 superbiam.

235 2274 406 2332 Vens.
450 2276 534 2332 ll.
574 2274 922 2347 Projicientes
965 2292 1047 2330 me
1107 2292 1245 2332 nunc
1292 2275 1751 2332 circumdederunt

154 2384 265 2423 me.
292 2366 417 2423 Mali
442 2367 727 2436 vinitoreS,
755 2368 851 2439 qui
874 2375 1034 2424 antea
1063 2383 1253 2426 servos
1275 2382 1430 2426 meos
1466 2368 1611 2424 male
1637 2376 1750 2423 tra-

149 2469 470 2530 ctaverunt,
496 2476 645 2517 nunc
685 2476 775 2518 me
799 2461 1049 2519 videntes
1077 2470 1135 2518 et
1164 2471 1554 2535 cognoscentes
1577 2463 1751 2521 haere.

153 2554 291 2607 dem
332 2552 626 2609 dixerunt:
657 2570 677 2606 ο
709 2551 809 2609 Hic
847 2563 933 2610 est
974 2553 1167 2623 baares,
1203 2555 1403 2624 venite,
1432 2555 1749 2611 occidamus

149 2640 293 2698 eum
317 2642 532 2714 (Manli.
565 2659 681 2708 xxi,
707 2643 825 2715 58),
859 2663 878 2697 ›
916 2653 973 2701 et
1016 2654 1205 2702 nostra
1259 2645 1367 2702 erit
1417 2645 1743 2717 baereditas.

149 2734 292 2794 Haec
313 2739 454 2795 inter
485 2754 545 2795 se
565 2737 840 2806 dixerunt,
869 2747 925 2795 et
953 2739 1096 2796 sicut
1133 2754 1322 2796 servos
1350 2754 1505 2796 meos
1526 2740 1746 2796 occide-

151 2844 306 2898 rant,
330 2831 405 2887 ita
452 2845 600 2887 nunc
651 2839 706 2888 et
752 2830 927 2887 multo
955 2830 1232 2888 crudelius
1269 2831 1617 2903 projicientes
1654 2846 1742 2888 me

150 2932 314 2979 extra
338 2923 580 2991 vineam,
603 2923 982 2996 crucifigentes
1008 2931 1162 2979 extra
1193 2924 1490 2992 civitatem,
1517 2924 1746 2979 circum-

1863 791 2050 846 omnia
2100 792 2216 849 baec
2258 794 2404 850 mala
2449 811 2558 852 non
2616 798 2899 854 attendens
2945 801 3102 871 quasi
3144 799 3436 872 dormires,

1866 900 1885 932 ι
1925 879 2169 954 Exsurge
2194 885 2464 942 excitatus
2496 895 2758 958 tanquam
2806 899 3000 958 potens
3043 891 3359 962 crapulatus
3405 909 3435 947 a

1860 972 1991 1028 vino
2018 973 2191 1047 (Psal.
2216 992 2422 1045 txxvn,
2451 977 2566 1048 65),
2605 998 2626 1031 ι
2673 986 2727 1034 et
2755 991 2977 1050 percute
3004 982 3277 1049 [inimicos
3312 992 3437 1041 tuos

1859 1066 1915 1121 in
1946 1068 2264 1138 posteriora.
2294 1068 2555 1143 Exsurge,
2584 1069 2836 1140 Domine,
2862 1074 3023 1146 vigila
3052 1084 3107 1131 et
3129 1076 3271 1144 vide,
3297 1093 3425 1148 quo·

1860 1160 2025 1216 modo
2062 1161 2319 1218 inimicus
2364 1177 2521 1220 meus
2552 1167 2856 1244 praecurrit,
2884 1177 2942 1222 ut
2975 1170 3272 1239 praecludat
3301 1172 3431 1227 mihi

1856 1252 2063 1308 exitum
2092 1253 2159 1309 de
2200 1254 2474 1325 sepulcro.
2506 1255 2649 1312 Dicit
2685 1258 2832 1313 enim
2873 1258 3086 1316 Pilato:
3126 1279 3146 1312 ι
3184 1259 3431 1329 Domine,

1856 1342 2123 1400 recordati
2147 1361 2358 1411 sumus,
2389 1348 2519 1418 quia
2550 1348 2806 1405 seductor
2827 1349 2919 1406 ille
2939 1352 3078 1408 dixit
3107 1371 3121 1407 ε
3146 1352 3277 1409 Post
3323 1363 3436 1411 tres

1855 1434 1974 1490 dies
1996 1452 2296 1509 resurgam.
2317 1436 2456 1494 lube
2493 1455 2623 1511 ergo
2658 1441 2921 1497 custodiri
2950 1444 3280 1515 sepulcrum,
3325 1455 3433 1503 etc.

1856 1527 2076 1597 (ΜαιεΙι.
2138 1547 2325 1599 xxvn,
2370 1531 2476 1597 65,
2534 1533 2647 1603 64).
2686 1554 2707 1587 ι
2761 1535 2853 1592 Sic
2925 1536 3107 1593 timuit
3177 1539 3436 1597 inimicus

1784 1666 1827 1721 B
1853 1635 2042 1689 meus,
2083 1637 2171 1678 me
2228 1635 2351 1695 post
2399 1633 2513 1683 tres
2562 1626 2684 1683 dies
2726 1639 3184 1688 resurrecturum.
3223 1631 3330 1689 Sed
3371 1641 3433 1690 tu

1853 1712 2222 1783 proevenieum
2258 1732 2368 1773 non
2416 1726 2543 1789 post
2588 1726 2702 1776 tres
2741 1721 2859 1778 dies
2892 1736 2982 1779 me
3029 1723 3433 1795 resuscitando,

1854 1810 1947 1865 sed
1971 1808 2116 1865 circa
2146 1809 2363 1867 initium
2406 1814 2514 1870 diei
2545 1815 2717 1871 tertiae
2762 1816 2920 1872 valde
2964 1832 3145 1885 mane,
3175 1819 3342 1874 etiam
3370 1817 3433 1876 in

1853 1896 2032 1955 media
2078 1912 2257 1968 nocte,
2284 1919 2410 1960 cum
2469 1906 2649 1962 adhuc
2696 1907 2934 1963 tenebrae
2960 1909 3072 1964 sint
3119 1909 3188 1965 ad
3231 1924 3431 1966 monu-

1851 2000 2120 2062 mentum,
2144 1994 2325 2051 subita
2348 2006 2404 2052 et
2424 1996 2680 2054 testinata
2702 1999 3124 2057 resuscitatione
3145 2000 3430 2058 inimicum

1851 2098 2035 2139 mcum
2059 2089 2319 2157 proeveni,·
2346 2098 2402 2145 et
2433 2090 2565 2162 quia
2603 2090 2721 2163 ipse
2768 2102 2960 2150 contra
2987 2092 3158 2150 Deum
3186 2094 3427 2152 fortissi-

1851 2192 2003 2233 mum
2049 2179 2311 2250 luctatur,
2354 2192 2414 2238 tu
2464 2184 2749 2256 supplanta
2780 2202 2921 2241 eum.
2954 2185 3217 2245 Luctante
3250 2204 3429 2261 quon·

1851 2269 1976 2326 dam
1999 2280 2177 2328 tecum
2204 2275 2515 2345 patriarcha
2535 2273 2725 2345 Jacob,
2750 2286 2808 2334 ut
2836 2278 2936 2333 tibi
2959 2289 3310 2350 extorqueret
3328 2282 3426 2337 be-

1849 2364 2236 2434 nedictionem,
2262 2376 2319 2423 tu
2370 2368 2639 2441 tetigisti«
2674 2387 2906 2427 nervum
2951 2371 3177 2429 semoris
3200 2374 3342 2445 ejus,
3373 2382 3429 2430 et

1849 2458 2035 2514 statim
2066 2461 2325 2517 emarcuit
2362 2459 2513 2532 (Gen.
2538 2479 2713 2531 xxxii,
2739 2463 2864 2535 25);
2896 2481 2916 2516 ι
2948 2464 3076 2535 quia
3121 2464 3227 2522 boc
3272 2464 3432 2530 futur

1847 2564 1972 2605 rum
2013 2549 2138 2619 ruit,
2175 2561 2238 2607 ut
2276 2561 2565 2625 postquam
2602 2554 2659 2611 in
2693 2569 2783 2611 me
2814 2555 3023 2612 semine
3048 2556 3303 2624 Abrabae,
3328 2557 3427 2628 qui

1845 2642 1988 2699 exivi
2011 2643 2081 2700 de
2117 2642 2323 2702 femore
2364 2644 2552 2717 Jacob,
2576 2662 2742 2705 verus
2787 2648 2954 2707 lsrael
2991 2650 3422 2718 benediceretur,

1848 2734 2033 2791 statim
2080 2752 2253 2809 genus
2298 2736 2470 2797 Jacob
2517 2751 2902 2807 marcesceret,
2957 2743 3091 2799 illud
3147 2744 3421 2813 videlicet,

1845 2828 1993 2897 quod
2018 2829 2450 2890 benedictionem
2480 2848 2590 2890 non
2613 2834 2897 2905 reciperet.
2925 2833 2992 2892 Et
3019 2851 3146 2892 ecce
3169 2836 3272 2893 iste
3300 2852 3424 2893 ma-

1845 2918 2027 2991 lignus
2061 2924 2296 2995 populus
2323 2940 2434 2980 non
2463 2940 2563 2997 pro
2586 2925 2963 2983 benedictione
2990 2928 3306 2996 obtinenda,
3329 2928 3424 2985 sed

151 3017 419 3072 dederunt
464 3017 627 3089 quasi
676 3016 745 3073 ad
789 3018 1163 3088 spectaculum
1217 3017 1449 3076 collecti.
1475 3018 1542 3075 Et
1564 3029 1743 3076 tamen
1773 3027 1816 3084 c
1848 3025 2039 3074 contra
2084 3017 2517 3075 benedictionem
2573 3019 2831 3077 luctatur.
2858 3018 2939 3076 Tu
2965 3036 3097 3092 ergo
3141 3023 3424 3092 supplanta

153 3118 386 3181 propter
428 3109 656 3165 nimiam
717 3108 1098 3167 crudelitatem
1149 3125 1307 3166 suam
1329 3153 1345 3179 ,
1402 3125 1473 3167 ne
1517 3111 1750 3167 videndo

154 3215 343 3256 meam
369 3199 791 3272 flagellationem
815 3210 870 3257 et
894 3200 1311 3257 crucifixionem
1349 3200 1494 3257 torte
1520 3201 1750 3259 inclina-

153 3300 348 3348 rentur
376 3294 443 3348 ad
474 3292 871 3364 aliquantulam
900 3292 1333 3363 compassionem
1355 3301 1410 3348 et
1440 3292 1749 3349 miseratio-

152 3400 308 3452 nem,
335 3399 460 3441 cum
489 3399 592 3456 ego
622 3385 677 3440 in
701 3386 993 3456 praesentia
1021 3401 1213 3442 eorum
1254 3384 1579 3456 flagellarer,
1611 3402 1740 3442 con·

152 3491 407 3548 spuerer,
432 3475 807 3548 colaphizarer
860 3484 916 3533 et
964 3477 1152 3535 multis
1198 3476 1377 3533 modis
1441 3477 1743 3545 cruciarer,

153 3570 340 3626 oculos
362 3587 486 3625 suos
521 3579 822 3626 statuerunt
852 3570 1118 3626 declinare
1145 3571 1203 3626 in
1236 3579 1450 3634 terram,
1477 3584 1545 3625 ne
1570 3569 1743 3640 inspi-

152 3663 354 3720 ciendo
377 3663 655 3719 miseriam
679 3676 857 3717 meam
881 3660 1071 3717 saltem
1095 3662 1164 3719 ad
1191 3659 1463 3719 modicam
1487 3676 1745 3732 provoca-

153 3768 350 3816 rentur
378 3756 833 3814 misericordiam.

226 3848 326 3906 vet
355 3869 369 3906 ε
398 3849 593 3907 Oculos
623 3865 747 3904 suos
789 3856 1094 3903 statuerunt
1126 3847 1390 3902 declinare
1416 3848 1472 3902 in
1522 3856 1736 3902 terram.

152 3941 274 4000 lloc
301 3940 668 4010 solummodo,
691 3949 748 3997 et
773 3938 1012 3996 maxime
1034 3939 1373 3996 intendentes
1412 3952 1737 4009 praecavere,

152 4051 226 4090 ne
252 4050 341 4090 me
360 4035 575 4090 vivente
608 4032 923 4090 amitterent
962 4041 1180 4099 terram,
1209 4041 1264 4087 et
1287 4030 1491 4098 locum,
1518 4039 1574 4086 et
1603 4045 1738 4101 gen·

153 4136 287 4194 tem,
316 4137 479 4198 atque
523 4127 660 4185 alios
709 4138 952 4200 quaestus
1002 4135 1268 4191 terrenos,
1294 4140 1433 4195 quos
1465 4124 1522 4179 in
1573 4123 1736 4180 domo

154 4219 254 4274 Dei
306 4220 632 4290 negotiando
684 4221 1034 4278 sectabantur
1065 4225 1255 4273 contra
1307 4230 1482 4270 meam
1531 4215 1735 4271 doctri·

152 4327 306 4380 nam,
335 4312 466 4383 quia
500 4311 811 4383 frequenter
833 4312 1240 4382 disputaveram
1275 4316 1466 4363 contra
1488 4307 1728 4378 ipsorum

1850 3127 1991 3175 euni,
2023 3120 2083 3166 ut
2105 3109 2284 3177 cadat,
2317 3120 2378 3168 ut
2403 3112 2586 3169 locum
2626 3120 2682 3168 et
2708 3121 2946 3185 gentem,
2969 3112 3115 3170 unde
3156 3114 3421 3185 superbit,

1849 3202 2082 3270 amittat,
2114 3213 2277 3275 atque
2301 3202 2356 3258 in
2379 3202 2654 3261 infernum
2690 3204 3078 3276 praecipitatus,
3106 3207 3202 3278 qui
3236 3223 3323 3263 me
3366 3207 3421 3261 in

1849 3295 2065 3351 inferno
2088 3305 2142 3352 et
2165 3305 2339 3352 morte
2364 3296 2607 3353 detinere
2630 3298 2799 3368 cupit,
2826 3298 2941 3353 luat
2969 3313 3161 3369 poenas
3186 3298 3422 3356 debitas.

1919 3384 2081 3457 Eripe
2111 3388 2344 3441 animam
2398 3402 2568 3442 meam
2617 3387 2681 3442 ab
2712 3389 2873 3460 impio
2901 3407 2916 3444 ε
2941 3403 3048 3444 non
3075 3388 3421 3459 derelinquas

1846 3477 2084 3532 animam
2117 3492 2293 3533 meam
2315 3479 2371 3534 in
2395 3478 2632 3548 inferno,
2655 3488 2715 3536 ut
2742 3480 2921 3553 placet
2941 3480 3133 3553 impio,
3162 3482 3257 3538 sed
3278 3482 3422 3551 eripe

1845 3567 1911 3620 ab
1937 3569 2100 3638 impio
2121 3569 2295 3640 ipsam
2317 3571 2551 3625 animam
2581 3587 2784 3641 meam,
2807 3571 3064 3643 frameam
3088 3582 3234 3629 tuam
3259 3587 3421 3645 para-

1843 3665 1979 3725 tam,
2009 3667 2066 3714 et
2099 3671 2316 3716 acutam
2350 3661 2418 3717 ad
2446 3661 2794 3719 debellandas
2822 3663 3000 3720 aerias
3027 3673 3346 3736 potestates.

1911 3752 1971 3807 ln
1997 3751 2225 3809 Hebraeo
2249 3753 2478 3810 babetur
2504 3773 2518 3810 z
2546 3752 2709 3811 Salva
2736 3757 2972 3810 animam
3000 3773 3172 3812 meam
3204 3756 3269 3812 ab
3312 3758 3418 3811 im-

1840 3849 1950 3918 pio,
1978 3847 2066 3918 qui
2099 3856 2176 3900 est
2210 3846 2419 3918 gladius
2446 3856 2586 3901 tuus.
2618 3845 2754 3903 Nam
2797 3857 2853 3903 et
2898 3849 3099 3918 impius
3142 3850 3306 3904 bomo
3332 3848 3421 3904 vel

1841 3938 2094 3995 diabolus
2119 3937 2214 3992 Dei
2240 3946 2328 3993 est
2354 3938 2587 4009 gladius,
2612 3940 2688 3993 uti
2724 3954 2819 3994 rex
2858 3939 3151 4012 Babylonis
3177 3939 3272 3996 Dei
3315 3938 3419 3996 suit

1839 4029 2050 4086 securis
2077 4038 2131 4085 et
2155 4030 2404 4086 malleus,
2435 4029 2605 4102 Igitur
2630 4046 2663 4086 a
2689 4031 2781 4086 tali
2804 4030 3006 4103 gladio,
3032 4047 3064 4087 a
3092 4032 3186 4089 tali
3212 4033 3413 4100 securi,

1838 4139 1869 4178 a
1892 4123 1986 4179 tali
2013 4123 2209 4180 malleo
2231 4124 2399 4190 salva,
2432 4122 2630 4195 inquit,
2662 4124 2897 4178 animam
2923 4140 3114 4179 meant.

1909 4216 2008 4274 vel
2028 4218 2170 4289 eripe
2196 4217 2429 4271 antimum
2458 4232 2648 4285 meam,
2682 4217 3128 4287 frumentatum,
3164 4234 3272 4288 qua
3299 4232 3416 4272 ma-

1835 4324 1942 4366 nus
1969 4317 2081 4375 tua,
2109 4309 2339 4365 verbum
2367 4317 2519 4364 tuum
2545 4317 2629 4364 est
2655 4316 2947 4364 armatum.
2980 4306 3132 4364 Hanc
3163 4311 3305 4379 eripe
3346 4308 3416 4363 ab

152 4403 463 4459 avaritiam.
493 4401 647 4459 Unde
693 4403 1042 4459 vehementer
1071 4410 1260 4460 contra
1306 4414 1392 4454 me
1433 4398 1579 4464 irati,
1607 4413 1733 4454 cum
1766 4405 1810 4460 D
1838 4401 2002 4473 impio
2028 4400 2269 4469 diabolo,
2294 4410 2350 4457 et
2378 4401 2449 4457 ab
2478 4402 2757 4458 omnibus.

149 4496 457 4568 disciputus
488 4512 574 4552 me
603 4497 859 4562 traderet,
894 4495 976 4551 vel
1015 4494 1200 4561 etiam,
1228 4508 1355 4548 cum
1403 4490 1609 4548 Pilatus
1648 4507 1735 4547 mc

150 4587 484 4659 flagellatum
514 4588 749 4644 traderet
783 4587 1046 4643 voluntati
1077 4601 1291 4653 eorum,
1313 4593 1407 4640 aut
1435 4584 1601 4640 etiam
1623 4594 1735 4640 tra-

151 4682 318 4736 dente
337 4698 425 4737 me
449 4689 501 4738 te
520 4680 681 4738 Patre
703 4698 847 4751 meo,
879 4681 979 4748 illi,

232 4772 393 4830 Vsus.
437 4773 524 4829 12.
566 4772 916 4845 Susceperam
966 4789 1047 4828 me
1102 4774 1240 4827 sicut
1285 4771 1365 4826 leo
1409 4781 1629 4841 paratus
1662 4771 1732 4824 ad

151 4867 415 4938 proedam,
450 4876 500 4921 et
521 4866 656 4921 sicut
685 4865 894 4922 catulus
926 4865 1090 4920 leonis
1124 4864 1371 4918 habitans
1414 4864 1469 4916 in
1512 4862 1730 4916 abditis.

220 4958 335 5013 Leo
363 4959 615 5016 diabolus
658 4959 727 5015 ad
758 4973 942 5014 escam
970 4956 1152 5014 carnis
1195 4972 1331 5012 meae
1374 4956 1601 5011 nimium
1633 4955 1736 5009 fuit

150 5052 369 5116 avidus,
404 5052 657 5108 nesciens
691 5052 836 5122 quod
886 5051 1050 5108 hamo
1081 5049 1390 5108 Divinitatis
1422 5062 1557 5103 meae
1594 5046 1736 5102 foret

148 5143 472 5216 capiendus.
505 5142 786 5214 Principes
834 5144 998 5199 etiam
1061 5144 1374 5200 Judaeorum
1429 5140 1571 5196 sicut
1621 5138 1736 5209 ipse

149 5238 260 5307 let),
295 5239 439 5296 sicut
485 5239 600 5311 ipse
627 5238 901 5305 diabolus,
936 5241 1158 5297 suerunt
1203 5239 1347 5295 avidi
1377 5237 1570 5294 mortis
1600 5252 1736 5292 mcae

149 5331 465 5387 nescientes
501 5330 650 5402 quod
695 5330 860 5387 ctiam
917 5328 1097 5385 forent
1147 5328 1533 5400 supplantandi
1569 5335 1625 5382 et
1666 5326 1736 5382 de

149 5433 298 5480 terra
325 5439 425 5479 sua
454 5424 728 5496 ejiciendi.
764 5422 830 5478 Et
872 5424 1009 5478 sicut
1059 5423 1266 5478 catulus
1296 5423 1458 5478 leonis
1488 5419 1735 5475 habitans

149 5518 207 5572 in
229 5515 452 5572 abditis.
484 5516 713 5573 Caterva
735 5517 1044 5571 daemonum
1068 5514 1274 5571 scilicet
1304 5530 1426 5571 cum
1448 5512 1735 5585 principali

151 5627 259 5668 suo
276 5608 436 5667 leone
452 5610 670 5666 diabolo
694 5611 928 5666 latenter
954 5610 1008 5664 in
1031 5608 1231 5665 abditis
1255 5605 1534 5678 operando
1559 5603 1734 5660 inbia-

152 5707 231 5767 vit
257 5706 421 5764 morti
450 5721 603 5767 mcae.
633 5706 723 5763 Sic
749 5705 981 5777 populus
997 5706 1204 5779 etipse,
1231 5703 1388 5777 quasi
1414 5702 1620 5759 catulus
1643 5718 1736 5760 co·

1911 4492 2074 4550 VERS.
2104 4495 2193 4550 Η.
2216 4493 2459 4550 Ῑηὶίηίεἰδ
2486 4512 2670 4549 memus·
2714 4509 2834 4549 furtu
2854 4497 3026 4565 sslhlufi
3046 4513 3108 4549 ΠΕ
3135 4497 3271 4549 υΙῑΙΓιι
3299 4513 3411 4545 tnu-

1835 4590 1965 4645 dum
1984 4587 2347 4659 superbiendo
2370 4588 2666 4646 Ecclesium
2694 4607 3026 4657 ructum-qum
3050 4605 3283 4657 &stupas
3303 4605 3411 4641 tnn-

1837 4698 1944 4739 nus
1968 4690 2071 4737 tua!
2089 4682 2394 4747 destruant,
2412 4698 2442 4735 0
2466 4679 2710 4745 Dammae,
2729 4701 2758 4733 tl!
2786 4685 2966 4749 franci:
2990 4685 3050 4737 sle
3075 4693 3215 4733 term
3239 4685 3411 4733 dir-ida:

1837 4790 1945 4831 eoa.
1972 4773 2039 4830 Et
2063 4775 2170 4831 hoc
2210 4789 2279 4830 ne
2306 4773 2525 4831 differas
2590 4777 2638 4825 in
2698 4777 3079 4845 longinquum,
3115 4773 3211 4825 sed
3235 4773 3363 4841 quid
3395 4777 3411 4809 '³²

1836 4865 2081 4932 Domine,
2114 4865 2293 4921 adbuc
2323 4866 2378 4921 in
2399 4866 2509 4922 vita
2542 4881 2750 4926 νιηῚΗιι.
2782 4865 2910 4922 ilum
2946 4877 3030 4922 nst
3059 4865 3207 4922 [neus
3235 4865 3407 4934 pruni*

1837 4956 2008 5027 teudi,
2034 4973 2160 5015 cum
2182 4957 2347 5014 etiam
2376 4957 2445 5013 de
2469 4958 2934 5026 imme-:mentibus
2962 4958 3014 5014 in
3050 4962 3147 5014 lim:
3175 4958 3279 5014 *rita
3311 4978 3411 5026 pn*

1837 5051 1967 5107 nitis
2008 5057 2186 5122 potcst
2212 5049 2523 5120 exemplum
2558 5050 2674 5118 napi
2714 5050 2934 5106 nltinnis
2978 5062 3026 5102 et
3071 5050 3259 5118 judicii
3311 5054 3407 5114 ιιιῑ,

1836 5146 1890 5198 t'n
1922 5145 2049 5210 vila,
2076 5144 2320 5214 inquam,
2349 5156 2525 5199 eorum
2558 5144 2730 5194 ds'ride
2758 5158 2842 5194 esus
2894 5146 2960 5194 [fe
2986 5154 3147 5202 terra,
3179 5158 3275 5210 liri]
3303 5158 3407 5210 qna

1836 5236 2127 5293 obtinenda
2181 5251 2268 5290 me
2314 5235 2702 5292 crucifixerunt
2754 5238 2994 5290 dieentes
3030 5254 3042 5286 :
3085 5253 3099 5282 ι
3143 5230 3219 5286 Ην
3271 5238 3407 5282 furtu

1836 5334 2057 5386 veniant
2085 5328 2336 5395 Romani,
2359 5336 2415 5384 et
2444 5326 2634 5384 tollant
2682 5338 2926 5382 insalsum
2982 5330 3163 5382 lucum
3195 5338 3247 5382 et
3276 5342 3407 5397 gen-

1838 5433 1944 5476 tem
1978 5419 2159 5494 (Joan.
2195 5436 2271 5489 xi,
2299 5419 2413 5492 48).
2448 5440 2469 5473 ι
2505 5418 2582 5475 De
2604 5419 2707 5474 bac
2729 5425 2876 5474 terra
2902 5417 3085 5474 divide
3124 5417 3248 5473 illos
3283 5416 3400 5472 dis-

1835 5512 2108 5586 pergendo
2156 5529 2250 5584 per
2299 5512 2599 5570 exercitum
2643 5509 3017 5566 Romanorum
3044 5552 3059 5577 ,
3099 5518 3158 5565 ut
3205 5508 3405 5581 captivi

1837 5606 2109 5661 ducantur
2140 5604 2196 5659 in
2245 5617 2436 5659 omnes
2466 5608 2675 5673 gentes.
2704 5598 2894 5655 Divide
2945 5599 3091 5666 illos,
3119 5617 3152 5654 a
3195 5601 3408 5670 paucis,

1836 5698 1930 5774 qui
1990 5696 2093 5754 mci
2143 5695 2296 5753 electi
2358 5703 2506 5761 sunt,
2555 5693 2707 5766 prius
2755 5692 3078 5772 disjunctos·
3110 5691 3409 5754 Sciendum
