3817 6000
177 198 226 254 'lll
649 197 802 258 chuttottt
821 198 1016 258 auarusllt
1037 199 1309 260 uatcttsnsruttd.
1736 208 1792 269 ‘m

166 326 196 374 et
220 318 281 374 ideo
300 318 445 389 inquinatae
469 327 530 374 sunt
560 318 610 375 rite
635 317 711 374 iffitts
740 319 769 374 in
793 319 864 374 omni
889 330 954 375 tern-
969 319 1184 388 sperationem.
1202 315 1255 373 Sed
1271 316 1316 372 ille
1328 312 1457 373 interficit
1469 320 1654 387 innocentem,
1671 322 1719 392 qui
1743 339 1794 380 aa·

166 427 239 467 aare.
1004 405 1096 464 ferens
1110 408 1144 463 ah
1155 424 1187 462 eo
1202 407 1386 461 innocentiam
1405 424 1484 464 suam
1512 407 1578 466 facit
1595 426 1659 466 eum
1686 427 1793 470 nouam·

203 503 371 574 Anierantur
380 503 487 574 judicia
504 513 582 558 tuna
600 503 747 576 [remeius.
763 504 950 562 Putansenim
1004 509 1070 556 tem.
1085 500 1131 556 lila
1146 500 1198 555 fuit
1212 500 1366 571 persecutio
1379 508 1557 573 tyrannorum
1579 512 1700 575 tempore
1712 521 1792 562 mar·

167 600 240 669 quenl
255 608 284 655 tu
296 599 379 668 jadex
397 599 521 654 vivorum
537 606 564 654 et
584 607 767 665 mortuorum,
782 616 837 656 non
846 600 953 670 judices
1003 600 1104 665 titum»
1131 602 1161 649 ut
1184 592 1373 648 ῡθθῑῦθῑθῐὶῑῑῑῐ
1392 594 1518 650 ¹¹⁰¹¹¹i¹¹0⁵
1534 597 1638 665 stium
1654 597 1790 654 l⁰¹t¹¹¹¹²fl

168 691 202 745 de
217 692 345 746 humanis
357 690 464 747 aetihus
480 707 487 745 ι
509 690 606 761 judicii
617 691 657 747 tui
674 706 729 747 non
743 693 895 750 frenabitur
919 695 953 749 ti·
1003 685 1159 742 consentite
1172 685 1306 741 mittitis·
1321 684 1374 741 ¹8¹³
1390 696 1433 741 0⁸⁸
1445 688 1600 756 Ρθΐέθΰϋῑίθ
1614 688 1789 758 ΑὓῑὶθΙιιῑιῑί,

166 780 428 850 ritore;atqueiueo
448 779 508 837 sine
530 788 656 851 respectu
682 781 791 837 homini
818 798 900 854 super
923 799 952 839 se
1003 776 1382 833 nnmetuantnrinnoeennes.
1397 776 1559 848 Quanquam
1574 788 1601 834 et
1614 780 1642 834 tn
1665 790 1791 852 tenpore

166 871 334 926 dominantis
345 872 411 942 ipse,
428 880 558 942 tauquam
573 874 608 929 sit
621 889 756 942 summus,
770 876 887 929 omniane
898 876 952 930 ini·
1003 879 1153 942 martyrum
1168 868 1249 925 fucrit
1261 869 1414 927 interfectio
1431 871 1605 927 innocentum
1623 873 1650 928 in
1666 873 1719 941 his,
1738 877 1789 945 qui

166 965 294 1018 anticorum
309 965 614 1033 saaronndominahitur,
626 966 724 1037 partim
736 982 785 1038 per
795 968 949 1037 violentias,
1004 974 1107 1021 terrore
1115 965 1310 1037 suppliciorum
1326 976 1454 1038 negantes
1479 965 1630 1036 Christum,
1648 967 1682 1023 de
1706 968 1791 1025 inno·

166 1054 263 1125 partim
275 1070 324 1125 per
338 1064 412 1110 artes
426 1056 546 1126 magicas
560 1065 586 1112 ει
597 1057 693 1113 ιιιειεε.
1003 1059 1129 1115 εειιιίιιιιε
1148 1057 1212 1115 faeti
1239 1070 1305 1115 sunt
1328 1067 1467 1114 nocentes.
1494 1060 1529 1112 At
1549 1067 1638 1114 tamen
1654 1059 1789 1129 quoniam

204 1146 284 1204 Vnus.
303 1148 330 1203 o.
348 1147 696 1207 Diuiternnrinrordeeao
718 1165 727 1204 .·
750 1147 811 1204 Νοιι
833 1149 952 1205 monebor
1002 1149 1188 1207 Antichristus
1217 1150 1305 1221 tnagis
1319 1150 1425 1205 animas
1447 1164 1530 1220 quant
1555 1164 1669 1220 cutpttra
1690 1152 1792 1222 quaerit

164 1240 332 1296 dominanda
346 1259 362 1295 a
378 1242 543 1312 ueneratione
557 1242 585 1296 ia
598 1245 791 1314 uenerationem
805 1244 949 1300 sinemato.
1002 1239 1165 1307 interlicere,
1179 1241 1213 1297 ad
1228 1241 1281 1297 hoe
1295 1241 1384 1296 sedem
1400 1240 1501 1299 dicitur
1516 1240 1545 1295 in
1558 1240 1675 1308 insidiis,
1692 1251 1722 1295 at
1744 1242 1790 1296 in-

164 1330 247 1388 idest
260 1332 319 1388 siue
334 1334 415 1389 malis
432 1333 548 1390 artibus.
571 1332 629 1391 tloc
643 1336 711 1391 dicit
728 1337 757 1390 in
771 1336 859 1392 eorde.
882 1333 951 1391 Nam
1002 1333 1115 1402 terfieiat
1126 1333 1297 1389 innocentem.

165 1424 193 1476 iu
205 1437 253 1478 ore
263 1423 374 1478 simulat
382 1438 412 1480 se
421 1423 536 1493 honum,
548 1432 576 1480 et
588 1424 779 1481 malisartihus
789 1424 949 1481 inimicum:
1037 1421 1121 1479 Vens.
1141 1424 1168 1480 9.
1184 1422 1262 1478 Orati
1277 1423 1334 1494 eiua
1348 1425 1377 1479 in
1400 1439 1541 1495 pauperent
1563 1424 1716 1494 respiciunt.
1738 1421 1789 1480 iel

164 1512 236 1568 sieut
250 1512 315 1569 Saul
339 1529 386 1569 rex
404 1513 504 1585 impius
515 1525 543 1571 ει
555 1515 691 1586 superbus
716 1523 826 1587 propter
838 1529 950 1586 compa·
1000 1514 1187 1587 quiatiugitse
1198 1515 1402 1572 misericordem
1411 1530 1474 1586 erga
1485 1515 1634 1586 quemlihet
1643 1531 1788 1586 paeperem

164 1603 278 1662 tundam
294 1606 347 1663 sihi
358 1605 458 1662 famam
476 1606 576 1664 honam
589 1608 727 1665 simularit
740 1623 770 1664 se
787 1607 867 1665 maiis
883 1608 951 1664 arti·
1001 1605 1109 1675 spiritu,
1133 1605 1196 1676 quia
1223 1605 1291 1662 tales
1315 1621 1379 1661 eum
1410 1619 1469 1660 non
1493 1605 1565 1660 solet
1587 1604 1787 1675 persequendo,

164 1697 217 1754 hus
232 1698 386 1767 inimicum,
402 1701 517 1756 eradens
539 1715 632 1771 magos
653 1708 681 1756 et
698 1698 800 1757 anulos
817 1700 851 1757 de
868 1709 950 1755 terra.
967 1693 1082 1769 Bouasi
1102 1714 1197 1753 eornm
1218 1699 1336 1755 miseriae
1348 1697 1503 1753 miserendo
1522 1697 1636 1752 attrahit
1656 1696 1718 1753 sihi.
1735 1695 1787 1753 Vel

163 1788 216 1857 Qui
233 1801 324 1847 tamen
337 1808 420 1864 quam
434 1792 516 1848 fuerit
536 1792 677 1849 cotrddeus
698 1793 726 1848 in
741 1792 844 1849 eisdem
859 1791 951 1863 pravis
1001 1790 1084 1846 etiam
1103 1790 1246 1860 respiciunt
1259 1791 1287 1845 in
1298 1806 1448 1860 pauperent,
1465 1788 1529 1859 quia
1548 1788 1694 1845 intendunt
1715 1804 1786 1860 pau·

164 1883 280 1950 artihus,
298 1899 347 1953 ρει·
362 1884 415 1940 hoc
428 1884 564 1955 patefecit,
592 1885 666 1955 quod
695 1883 722 1938 in
741 1897 817 1940 arcto
843 1884 950 1956 positus
1001 1882 1317 1953 peraaeqnemlihetsihi
1330 1897 1384 1937 non
1396 1879 1699 1938 consentientemllum
1709 1881 1786 1938 enim

163 1972 352 2044 pythonissam
371 1974 520 2042 cortsuluit,
545 1984 573 2031 et
599 1975 632 2031 dc
663 1976 744 2032 titulo
765 1976 839 2032 illius
858 1992 951 2033 come·
1001 1968 1363 2042 forisecufieiastelquasi
1372 1971 1659 2044 henignevelrerera
1701 1972 1786 2027 mali·

162 2065 308 2137 dtttlltep.
324 2067 950 2138 xxv1n,8t,qoivitatnscredituruaenonihus
1000 2077 1052 2134 nne
1070 2078 1102 2119 ae
1114 2072 1189 2118 torna
1201 2064 1381 2133 arridentia
1393 2079 1544 2134 pauperem,
1557 2063 1672 2136 ipseper
1683 2065 1784 2120 matam

163 2157 250 2214 fuisse
262 2158 430 2227 immolatas,
444 2172 526 2231 atque
542 2161 602 2217 ideo
617 2162 719 2234 pariter
734 2171 762 2219 et
772 2173 830 2218 arte
843 2164 948 2234 magica
1000 2154 1181 2211 intentionem
1197 2155 1343 2210 insidiatur
1354 2156 1383 2209 in
1394 2154 1559 2224 ⁰⁶⁸⁶0¹¹d¹⁸¹⁰r
1587 2155 1664 2227 ‘imi'
1687 2155 1728 2210 ¹⁶⁰
1753 2154 1785 2209 ί*

161 2249 950 2325 uttototantainqutnatus‚consepernuatstapnravtt
999 2246 1124 2318 ardema
1139 2264 1199 2305 aaa.
1215 2246 1307 2303 Prima
1328 2248 1485 2319 nammatio
1508 2258 1604 2303 ronna
1630 2245 1784 2304 Ecclesiam

161 2343 397 2413 promovendunra
412 2345 577 2416 praenotione
592 2347 620 2401 in
636 2347 949 2417 peneratiottern,crudele
999 2341 1117 2398 violenta
1132 2351 1201 2410 erat,
1215 2341 1468 2413 quandomartyres
1491 2340 1642 2414 agebantur
1661 2349 1784 2396 tormen·

161 2433 255 2491 odiunt
273 2434 376 2491 hahens
389 2444 482 2491 eorrtra
502 2433 586 2493 llatid
600 2446 628 2494 et
648 2437 709 2510 ejus
736 2438 946 2511 generationem,
998 2435 1034 2492 tis
1046 2442 1077 2490 ut
1092 2433 1279 2491 sacrificarent
1294 2433 1383 2489 idolis.
1409 2431 1501 2487 Altera
1536 2431 1708 2487 fraudulenta
1733 2447 1783 2503 per

160 2526 276 2584 celerem
293 2543 350 2583 suae
364 2527 560 2585 dominationis
574 2528 676 2587 invenit
686 2530 778 2586 duem.
998 2527 1140 2584 haereticos
1159 2536 1187 2583 et
1232 2524 1317 2583 falsos
1343 2524 1451 2581 fratres.
1470 2522 1623 2580 Nouissima
1635 2539 1684 2594 per
1698 2522 1781 2578 Anti-

195 2618 290 2674 Aliter.
303 2618 379 2674 Dixit
390 2620 573 2688 incendetur,
586 2638 638 2676 non
651 2622 781 2690 mouetur,
793 2621 819 2678 id
831 2632 873 2679 est
891 2638 945 2678 non
996 2621 1128 2678 christum
1146 2627 1173 2677 et
1188 2620 1249 2692 ejus
1267 2620 1408 2676 ministros
1420 2618 1472 2675 erit
1486 2617 1588 2688 pariter
1611 2625 1639 2673 ει
1666 2616 1782 2672 trandu-

160 2712 341 2784 iuquietaltor,
358 2712 404 2769 sed
419 2730 466 2769 ero
480 2730 498 2766 a
511 2714 677 2784 peneratione
700 2715 729 2769 in
753 2716 945 2786 ominationem
997 2713 1068 2768 lenta
1083 2712 1246 2769 ettiolenta.
1260 2710 1339 2767 Unde
1351 2711 1410 2781 ipse
1426 2709 1612 2766 Antichristus
1637 2723 1781 2778 eompara-

159 2802 306 2871 ainemafo,
325 2805 385 2860 sine
398 2803 557 2868 infortunio,
572 2804 632 2861 siue
643 2805 841 2877 inquietudine.
856 2805 895 2863 lta
906 2807 945 2863 si·
996 2815 1041 2861 tur
1061 2805 1130 2859 leoni
1147 2804 1288 2859 insidianti
1313 2803 1341 2859 in
1364 2801 1501 2873 spetunca.
1521 2802 1573 2858 Per
1586 2802 1692 2857 leonem
1712 2800 1778 2856 ais:

160 2892 298 2963 himetipsi
319 2893 474 2964 prophetat,
489 2896 656 2966 etpromittit
673 2912 814 2968 prospera,
829 2899 876 2954 sed
891 2896 943 2956 lie·
994 2912 1044 2968 per
1053 2897 1211 2969 speluncam
1233 2896 1312 2954 dolus
1340 2896 1510 2969 intelligitur.
1529 2894 1605 2950 llulti
1628 2894 1697 2950 tales
1718 2893 1778 2965 jam

159 2982 250 3039 clesiae
266 2982 312 3039 liei
325 2983 468 3055 promittit,
482 3003 515 3043 ae
529 2986 650 3043 minatur
673 3005 769 3061 aspera
794 2989 840 3046 ille
860 2990 942 3050 honio
995 2988 1047 3046 suh
1058 2989 1170 3046 nomine
1184 3005 1290 3061 regunt,
1309 2988 1448 3046 ueletiam
1462 2988 1621 3061 pontificum
1633 3003 1780 3058 praeeesse·

158 3076 273 3146 peceati.
994 3090 1070 3148 runt,
1084 3082 1133 3152 qni
1147 3090 1244 3137 eontra
1254 3080 1383 3138 Ecclesiae
1390 3082 1537 3150 puritatem
1560 3079 1689 3136 violentia
1700 3077 1777 3149 pari·

193 3164 276 3223 iaus.
298 3166 323 3223 t.
348 3166 432 3240 Cujus
458 3171 642 3228 maledictione
670 3190 698 3228 aa
724 3174 827 3245 plenam
844 3187 894 3245 ert,
916 3190 941 3236 et
993 3180 1045 3238 tet.
1063 3179 1091 3227 et
1105 3168 1291 3229 fraudulentia
1313 3188 1362 3229 sua
1390 3172 1516 3243 nequiter
1544 3178 1668 3244 egerunt.
1698 3168 1776 3226 ltutu

156 3260 346 3328 amaritudine,
356 3272 381 3316 et
394 3261 466 3318 doto.
482 3261 518 3318 Os
534 3263 621 3335 ipsius
632 3275 726 3321 contra
741 3267 828 3323 honos
837 3267 943 3339 pienum
992 3262 1075 3317 etiam
1086 3263 1155 3320 tales
1167 3264 1256 3320 adhue
1268 3272 1418 3336 sequentur
1432 3280 1521 3336 usque
1533 3264 1561 3322 iu
1571 3265 1654 3321 duem
1669 3262 1774 3322 saeeuh.

156 3356 196 3405 eat
210 3350 404 3420 nraiadirtiane,
414 3354 479 3425 quia
497 3352 636 3410 maledicit
649 3355 700 3422 eis,
725 3365 752 3412 ει
767 3359 837 3414 tnale
852 3358 942 3431 loqui·
993 3352 1047 3409 Sed
1072 3355 1135 3426 quis
1147 3370 1242 3412 eorum
1252 3357 1289 3411 sit
1307 3357 1461 3428 praecipuus
1476 3356 1588 3413 nomina
1612 3356 1775 3413 Antichristi

157 3448 206 3499 tur
222 3442 255 3498 de
274 3445 331 3502 eis:
351 3443 385 3499 Et
396 3448 585 3514 amaritudine,
600 3449 665 3521 quia
688 3451 808 3507 mitratur
825 3453 886 3509 eis:
906 3452 941 3509 m
991 3445 1146 3517 §penaliter
1160 3458 1282 3514 notatus,
1294 3464 1357 3505 enm
1381 3464 1414 3505 ex
1436 3460 1560 3520 ternpore
1586 3450 1776 3520 apostolorum

157 3533 230 3601 doto,
243 3535 308 3606 qnia
319 3535 456 3594 interdum
476 3539 616 3596 blanditur
629 3541 680 3598 eis.
694 3540 747 3598 Sed
761 3559 824 3600 euru
838 3547 942 3604 sanctis
990 3547 1059 3595 teste
1071 3538 1176 3596 luanus
1187 3540 1242 3596 sint
1257 3540 1417 3598 Antichristi
1433 3541 1522 3610 multi,
1542 3541 1650 3612 penitus
1664 3542 1776 3614 innon·

155 3624 306 3695 blanditur,
318 3636 383 3684 tuuc
395 3629 497 3686 lieetin
525 3630 617 3702 hugus
639 3642 718 3690 sonet
738 3633 860 3706 jucunda
873 3652 940 3707 pro·
990 3640 1045 3700 tur,
1060 3632 1148 3691 donec
1158 3633 1342 3692 illustratione
1350 3634 1486 3691 Dominici
1508 3634 1640 3691 adrentus
1669 3635 1776 3692 revele-

156 3719 262 3784 missio.
278 3729 369 3778 ιειιιειι
383 3724 431 3777 rai
444 3722 545 3796 linpua,
557 3724 584 3781 id
597 3734 639 3782 εει
650 3726 678 3782 ιιι
687 3727 768 3784 eorde
780 3728 878 3798 ipsius,
899 3740 941 3787 est
989 3734 1035 3781 tur
1049 3725 1094 3783 ifle
1108 3726 1229 3797 iniquus,
1245 3747 1255 3779 t
1269 3743 1351 3798 quem
1364 3727 1422 3799 ipse
1438 3727 1569 3783 Dominus
1583 3725 1663 3784 lesus
1685 3729 1773 3785 inter-

155 3812 231 3867 fatur
242 3824 267 3869 et
283 3814 370 3885 dator,
384 3816 526 3888 quiaillud
541 3817 654 3891 cogitat,
666 3821 785 3891 qualiter
798 3822 853 3879 illis
866 3823 941 3881 laho-
988 3816 1062 3874 ficiet
1073 3817 1169 3889 spiritu
1184 3818 1242 3875 oris
1255 3819 1310 3886 sui,
1337 3828 1365 3876 et
1385 3817 1508 3875 destruet
1528 3820 1706 3877 illustratione
1718 3821 1771 3876 ad·

155 3920 215 3961 rem
232 3914 259 3962 et
268 3905 390 3963 dolerem
408 3909 507 3966 inferat
524 3929 532 3967 ε
547 3910 668 3969 laborem
682 3913 847 3987 affligendo,
862 3917 940 3972 dalo-
987 3915 1085 3964 tentus
1098 3908 1140 3964 ⁸¹¹1
1158 3906 1202 3977 (Η
1219 3906 1309 3964 Titii·
1335 3925 1366 3975 ¹¹2
1392 3907 1434 3980 8)·
1451 3928 1460 3961 ’
1483 3907 1583 3967 ssffliitt
1608 3918 1650 3967 0⁸⁸
1667 3926 1771 3981 li²¹¹ller

153 3994 238 4052 lurein
255 4000 412 4058 occidendo.
844 4025 851 4039 ·
878 4052 882 4059 .
988 3999 1043 4067 ille,
1059 4000 1106 4071 qni
1117 4015 1170 4056 non
1182 4000 1289 4072 capitur
1299 4001 1405 4058 insidiis
1417 4001 1488 4073 ejus,
1504 4002 1605 4074 quihus
1614 4018 1670 4059 non
1682 4018 1762 4059 eare-

187 4087 281 4145 nnnr.
297 4089 351 4146 sn
364 4092 456 4164 tropon
470 4093 613 4163 euastata
639 4106 664 4151 a
684 4097 769 4154 antor.
802 4097 861 4156 noc
883 4108 936 4171 ese,
987 4105 1049 4147 mus
1063 4091 1163 4159 atain
1176 4107 1246 4163 quos
1259 4093 1499 4150 unessaemnnm
1513 4095 1689 4162 raventun,
1704 4094 1771 4167 raia

153 4176 192 4235 ita
207 4181 361 4251 periculosa
373 4193 415 4241 est
428 4185 521 4257 lingua
534 4186 605 4256 ejus,
621 4188 695 4259 qnod
720 4189 796 4244 tator
815 4201 839 4246 et
862 4190 938 4246 notor
986 4184 1107 4256 quotidie
1117 4185 1255 4256 operando
1269 4186 1428 4258 mysterium
1449 4185 1601 4260 iniquitatis
1613 4189 1767 4269 imidiatar,

152 4280 321 4342 sanctorum,
338 4280 387 4347 qut
401 4284 444 4332 est
459 4277 487 4331 in
503 4277 626 4335 cruciatu
655 4294 814 4352 corporum.
830 4297 937 4355 cotnpa·
985 4285 1014 4329 ¹⁴1
1028 4277 1115 4346 'tiit'
1130 4293 1280 4348 fidim-
1297 4277 1405 4353 Riiiiii
1428 4264 1542 4337 Velitum·
1554 4281 1589 4338 ⁴¹0
1599 4281 1717 4351 insidiis,
1737 4293 1768 4339 ¹¹²

151 4366 362 4434 ratnspessimte
375 4366 462 4437 ipsius
473 4369 582 4441 lingua,
596 4371 643 4427 rat
669 4369 760 4444 finpaa
772 4373 829 4445 ejas
844 4387 894 4442 eet,
907 4375 934 4433 id
950 4394 973 4453 υ
985 4377 1014 4425 ει
1026 4383 1077 4425 nos
1091 4367 1178 4441 magis
1192 4379 1288 4426 mutos
1315 4372 1420 4441 reddat,
1448 4380 1476 4429 et
1499 4372 1678 4430 intentionenr
1699 4375 1767 4432 iusi·

151 4465 195 4512 est
206 4457 298 4514 minus
320 4459 436 4530 periculi
448 4460 531 4518 hahet
555 4479 637 4535 quam
659 4465 750 4538 finpna
763 4468 830 4540 ejus,
855 4471 934 4543 enjus
985 4463 1084 4519 (flatilis
1097 4473 1223 4533 exponat,
1235 4479 1297 4534 quae
1307 4474 1350 4522 0⁸²
1371 4476 1400 4521 ut
1413 4467 1500 4537 Νιιῐαῑ
1511 4482 1661 4537 effictam·
1675 4465 1766 4524 1¹¹¹!oe

151 4548 233 4605 noxia
247 4550 378 4608 dolositas
392 4569 446 4608 non
462 4553 542 4611 facile
553 4555 763 4626 deprehenditur
775 4579 782 4616 ε
793 4562 857 4633 quia
869 4579 933 4620 eum
983 4564 1073 4611 autem
1093 4555 1283 4627 intelligendus
1298 4567 1340 4614 est
1354 4575 1445 4629 rapere
1467 4575 1617 4631 pauperem,
1639 4561 1702 4615 darn
1726 4570 1766 4615 at·

150 4654 228 4697 mora
257 4643 343 4699 multa
371 4644 539 4717 precogitat,
573 4664 655 4719 quarn
687 4660 775 4708 astute
801 4655 932 4711 malitiam
984 4647 1066 4701 trahit
1079 4663 1138 4702 etim
1160 4648 1248 4705 adsui
1262 4650 1383 4721 wlferii
1400 4650 1571 4724 liiflfiiim
1586 4666 1763 4710 mutilium·

150 4748 229 4788 suant
244 4744 379 4793 exercent.
392 4735 460 4793 Natn
983 4739 1126 4808 Quomodo
1140 4742 1311 4799 attrahitur?

187 4822 268 4883 Vnus.
288 4826 316 4884 8.
336 4827 415 4885 Sedet
427 4832 455 4884 in
471 4831 575 4887 inuidiis
586 4849 646 4886 eunt
660 4834 786 4890 divititas
800 4837 828 4892 in
842 4838 931 4893 aeeuf·
1021 4831 1101 4888 l’ans.
1123 4833 1167 4888 ttt.
1188 4831 1222 4887 ln
1239 4832 1332 4904 laqueo
1345 4850 1393 4888 saa
1407 4874 1415 4900 ,
1429 4833 1457 4890 id
1472 4845 1515 4891 est
1530 4834 1557 4889 in
1568 4834 1633 4891 dolo
1645 4848 1708 4904 suo,
1718 4834 1765 4892 vel

150 4916 196 4983 tie,
210 4926 240 4971 at
260 4920 405 4990 interficiat
420 4921 592 4978 innocentem.
604 4923 756 4980 Sedetcum
774 4941 849 4982 mora
867 4943 929 4998 per·
982 4926 1010 4984 in
1024 4943 1073 4984 sua
1087 4928 1272 4984 munificentia
1287 4928 1381 4984 dolosa
1399 4938 1426 4985 ει
1441 4929 1583 5000 laqueosa,
1610 4929 1763 4987 humilietis

149 5018 270 5067 tractans
286 5011 410 5079 consilia,
427 5013 454 5068 in
467 5014 572 5069 insidiis
586 5024 616 5070 ut
630 5015 710 5083 latro,
726 5033 785 5071 eant
805 5018 929 5075 divititas
980 5035 1049 5074 eoin.
1066 5018 1225 5075 Sicutenim
1240 5019 1374 5091 virginem
1396 5020 1497 5077 dieitur
1527 5020 1698 5089 humiliasse,
1714 5020 1763 5092 qul

149 5112 179 5157 ιιι
192 5110 338 5173 tyrarmns,
348 5103 511 5159 ostentando
529 5119 577 5160 eos
589 5119 658 5176 quos
682 5106 740 5176 ipse
754 5107 871 5164 ditarit:
897 5108 929 5164 lu
980 5127 1040 5166 carn
1063 5111 1195 5182 eorrupit,
1229 5111 1270 5168 sic
1297 5111 1482 5169 Antichristus
1502 5112 1602 5171 dieitur
1629 5128 1761 5185 pauperes

146 5193 379 5260 manturanen
404 5195 484 5251 facile
493 5195 584 5251 ualeat
596 5196 761 5267 deprehendi
774 5198 839 5268 quid
860 5199 931 5255 iuter
981 5202 1137 5270 humiliare,
1151 5218 1221 5275 qaas
1235 5203 1300 5261 dolo
1311 5214 1359 5260 aut
1378 5206 1539 5263 munerilrus
1556 5206 1675 5277 potnerit
1696 5221 1761 5263 eor·

145 5287 275 5358 ambigua
289 5288 395 5342 occulte
408 5287 561 5359 conquisita
580 5289 616 5346 sit
630 5289 795 5361 eligendum.
815 5287 873 5345 lloc
886 5301 930 5345 tu-
980 5309 1116 5367 rumpere.
1132 5293 1201 5351 Caro
1216 5311 1282 5351 nero
1295 5313 1349 5353 nou
1364 5298 1485 5369 potuerit
1495 5313 1544 5355 eoa
1551 5299 1590 5355 ita
1600 5312 1761 5369 eomumpa·

99 5443 103 5453 Ι
146 5387 205 5435 tuor
219 5379 295 5447 fucit,
307 5389 335 5434 at
346 5380 488 5449 interficiat
498 5381 671 5449 innocentem,
683 5383 737 5438 ltoc
749 5391 792 5439 est
809 5381 930 5439 utfaeiat
979 5403 1019 5451 re,
1036 5396 1066 5442 ut
1080 5386 1206 5457 pravitati
1217 5387 1278 5458 ejus
1304 5389 1390 5446 velint
1414 5389 1579 5459 consentire,
1606 5390 1760 5447 dominium

147 5481 302 5528 nocentem.
331 5471 412 5529 Aliud
439 5483 481 5529 εει
512 5475 585 5531 enirn
605 5475 757 5533 interfluere
779 5475 927 5543 hominem,
979 5493 1036 5534 suae
1047 5478 1217 5535 crudelitatis
1226 5488 1335 5536 erereet
1346 5492 1442 5538 conus
1454 5497 1513 5539 eos.
1537 5480 1566 5537 ln
1587 5497 1642 5554 quo
1667 5491 1760 5539 umen

147 5560 221 5615 aliud
232 5572 274 5617 est
296 5564 449 5621 interficere
461 5565 644 5624 innocentem.
657 5565 725 5622 llam
737 5567 783 5623 ille
802 5567 929 5626 interficit
978 5582 1033 5623 nen
1047 5567 1181 5639 proficiet,
1197 5572 1261 5643 quia
1274 5589 1334 5627 eam
1345 5572 1497 5630 dominatae
1509 5575 1590 5645 furit
1601 5591 1759 5647 pauperem,

148 5650 466 5728 hominurnquieorpus
480 5667 690 5731 teneamusque
711 5660 744 5715 ad
761 5660 859 5718 anime
881 5678 926 5717 se·
978 5660 1158 5721 irretinaiitae
1179 5662 1542 5724 ttradet.lnrtinatitrein
1565 5667 1649 5727 otium
1679 5683 1762 5726 secu·
