3817 6000
333 267 429 322 767

1284 265 1593 325 cssnttom
1627 265 2019 323 PRAEPost'rt
2057 267 2603 326 RElCHERSPERG.

3458 268 3563 327 ‘los

332 386 657 457 corusci-tetur
700 385 875 451 Ιιοηιο,
900 402 1007 441 non
1045 387 1118 443 sit
1169 384 1245 441 illi
1274 385 1380 441 ulla
1418 384 1678 442 fortitudo
1711 394 1900 441 contra
1929 388 1977 446 Δ
2004 386 2190 442 dolore
2220 397 2471 442 coarctus
2499 406 2511 441 :
2548 405 2566 431 c
2589 385 2800 441 lustum
2827 394 2909 440 est
2937 384 3212 442 hominem
3242 385 3354 443 Deo
3375 388 3563 459 subdi,

332 493 599 550 pauperes
630 485 775 540 tuos,
818 477 945 547 quia
988 493 1094 533 non
1146 476 1306 543 Deus,
1337 487 1398 532 ut
1438 479 1551 549 ipse
1591 478 1762 550 tingit,
1807 478 1899 533 sed

333 586 522 641 purus,
551 570 636 624 vel
668 571 851 641 potius
878 570 1126 641 impurus
1158 570 1326 626 homo
1350 579 1456 627 est.

402 660 516 732 Ego
559 662 776 732 quidem
828 676 962 733 rogo
1017 669 1205 717 utnon
1240 662 1565 733 confortetur
1592 661 1683 718 ille
1727 663 1900 732 homo,

335 753 430 808 sed
464 764 642 808 tamen
673 752 1025 822 acquiescens
1052 752 1397 824 dispositioni
1428 763 1554 822 tuae,
1581 753 1744 822 Deus,
1772 770 1905 811 con·

337 844 518 899 sentio
571 843 721 899 illum
771 843 825 900 in
857 853 1068 900 tantum
1109 844 1332 911 elevari,
1362 853 1422 901 ut
1459 862 1567 902 non
1597 849 1901 917 praevaleat,

333 936 432 993 sed
489 935 883 1006 aliquantulum
939 936 1253 993 invalescat.
1304 937 1455 993 Sicut
1505 939 1906 996 invalescebant

342 1041 498 1081 vaces
530 1029 959 1097 rucrintgustamus
991 1041 1039 1081 ιι·
1072 1070 1088 1095 ,
1119 1029 1200 1086 sic
1227 1029 1352 1083 volo
1372 1029 1700 1101 invalescere
1729 1031 1902 1097 illum,

342 1133 398 1169 ιιι
422 1121 731 1185 judicentur
769 1133 943 1189 ι’,ινιιιειι
979 1137 1069 1189 ιιι-ι·
1114 1136 1260 1176 eum.
1309 1119 1544 1178 ludicali
1576 1132 1702 1178 sunl
1733 1121 1905 1179 Judaei

342 1229 434 1277 ῑιιει·
474 1213 771 1265 Πιιι·;ι’ῐ,·ιἸι.-ιτιι
820 1213 1104 1279 isitium-m,
1131 1214 1351 1284 quando
1384 1214 1508 1271 data
1547 1214 1652 1271 illis
1686 1217 1909 1287 optione

338 1302 614 1353 cinthium
654 1305 1098 1370 n·niolam-termat,
1123 1313 1178 1359 et
1198 1303 1462 1361 latronem
1478 1306 1774 1376 elegerunt.
1803 1305 1907 1362 Ju-

340 1396 582 1446 stimulus-
610 1394 775 1446 ellam
819 1410 991 1462 nrum
1039 1410 1132 1465 pel·
1169 1396 1584 1463 Antichristum,
1612 1399 1756 1469 quod
1790 1399 1904 1454 lieri

342 1486 606 1546 ιἰιΙιὲιιιυες,
658 1486 875 1554 :nucula
931 1494 979 1538 ἰιι
1015 1486 1258 1558 eligendo
1288 1488 1472 1558 aliquo
1521 1489 1772 1558 pontifice
1823 1490 1906 1545 vel

346 1578 546 1642 llum-,12
586 1579 658 1630 *cvl
711 1582 931 1630 altvrim
975 1579 1210 1636 ¹visitatis
1251 1580 1407 1650 pauci
1449 1581 1686 1637 clamant
1731 1583 1906 1639 virum

2001 488 2056 535 et
2080 480 2359 535 mortalem
2379 496 2486 533 non
2513 477 2664 550 paria
2679 477 2790 533 Deo
2804 477 3104 547 sentit-eal
3121 478 3293 535 Maeli.
3321 497 3398 544 tx,
3414 481 3563 553 12).»

2003 570 2266 627 Similiter
2292 587 2416 626 cum
2452 570 2621 625 Judaei
2674 577 2958 642 negatores
2986 579 3039 627 et
3079 583 3362 629 necatores
3399 572 3571 629 Chri-

2003 662 2092 730 sti,
2119 662 2261 718 sicut
2284 661 2337 716 in
2362 661 2589 716 Actibus
2615 660 2984 731 apostolorum
3011 660 3225 732 legitur,
3240 661 3436 719 Herodi
3473 680 3572 720 ac·

2002 756 2331 811 clamassent
2362 752 2540 808 fausta
2570 755 2841 823 quasdam,
2886 754 2941 809 in
2979 754 3180 824 quibus
3222 764 3377 810 erant
3403 771 3573 812 voces

2004 863 2111 903 non
2143 845 2401 912 hominis,
2430 846 2524 903 sed
2554 845 2669 900 Dei.
2694 844 2852 900 Verbi
2883 847 3089 918 gratia:
3126 866 3145 899 t
3177 845 3310 913 Rex,
3332 847 3385 901 in
3402 856 3561 902 aetcr·

2004 955 2134 995 num
2156 939 2276 994 vive
2301 936 2662 1011 (Act.xn,22),
2687 957 2706 990 ι
2729 947 2824 992 aut
2848 938 3050 1008 aliquid
3080 939 3204 1005 tale,
3230 939 3358 1009 quia
3383 938 3573 994 laudes

2006 1031 2116 1088 Deo
2144 1032 2247 1088 soli
2281 1030 2493 1086 debitas
2527 1030 2632 1086 sibi
2683 1030 2898 1085 mortali
2950 1031 3180 1086 audiens
3215 1031 3570 1099 acclamataS,

2007 1141 2115 1180 non
2141 1124 2288 1181 dedit
2315 1124 2580 1179 honorem
2610 1121 2738 1189 Dco,
2758 1122 3029 1193 percussit
3052 1123 3417 1195 eumangelus
3447 1123 3570 1191 Dei,

2005 1225 2060 1272 et
2087 1216 2389 1272 scaturiens
2413 1215 2689 1271 vermibus
2713 1214 3029 1285 exspiravit,
3061 1213 3338 1285 ferturque
3366 1215 3576 1271 dixisse

2002 1307 2116 1377 jam
2149 1306 2431 1378 proximus
2456 1307 2616 1363 morti
2655 1324 2669 1361 ε
2699 1305 2837 1361 Ecce
2866 1305 3009 1362 Deus
3037 1316 3231 1361 vester.
3265 1307 3354 1363 Sic
3388 1307 3457 1363 ab
3478 1308 3576 1362 illo

2009 1399 2130 1471 ipso
2160 1408 2287 1456 sunt
2318 1399 2491 1467 irrisi,
2524 1400 2618 1471 qui
2648 1399 2857 1455 homini
2887 1399 3104 1454 mortali
3138 1400 3579 1456 acclamaverunt

2008 1506 2171 1548 voces
2219 1502 2276 1547 et
2335 1491 2524 1548 laudes
2590 1491 2719 1557 Dei;
2767 1491 2896 1562 quia
2945 1490 3196 1547 videlicet
3246 1492 3336 1548 ille
3388 1490 3578 1549 fatuus

2008 1585 2295 1642 vexatione
2327 1586 2543 1641 tandem
2574 1585 2821 1641 eruditus
2849 1586 2987 1641 hene
3014 1587 3174 1642 scivit
3212 1602 3271 1643 se
3298 1588 3575 1643 hominem

342 1670 566 1734 llffllulll,
598 1682 646 1722 rt
695 1674 843 1722 multi
879 1674 1113 1726 clumam
1142 1670 1376 1742 aliquem
1424 1669 1684 1729 Barabbae
1710 1674 1905 1731 latroni
2009 1693 2151 1743 esse,
2190 1692 2299 1734 non
2331 1678 2515 1733 deum.
2558 1678 2836 1750 Cogebant
2867 1694 3087 1751 quoque
3121 1680 3425 1738 laudatores
3452 1680 3580 1750 ejus

341 1761 703 1819 consimilem.
757 1761 914 1829 Quod
965 1763 1020 1817 in
1070 1764 1190 1833 ipso
1226 1763 1403 1833 capite
1447 1764 1715 1820 malorum
1751 1765 1910 1821 Anti·
1939 1744 1983 1800 B
2011 1767 2153 1824 scire
2182 1784 2242 1824 se
2271 1769 2539 1835 homines,
2569 1768 2620 1824 id
2652 1779 2735 1826 est
2760 1770 3068 1838 mendaces,
3095 1786 3202 1827 non
3230 1770 3382 1839 deos,
3414 1772 3466 1828 id
3489 1780 3581 1828 est

340 1854 548 1910 christo
579 1863 731 1910 tanto
757 1858 849 1910 liet
876 1856 1338 1926 magnilicentiuS,
1371 1867 1577 1927 quanto
1607 1857 1723 1928 ipse
1752 1868 1911 1929 puta·

341 1945 487 2000 bitur
518 1961 626 2001 non
653 1948 837 2014 homo,
861 1948 952 2003 sed
973 1946 1114 2005 Deus
1134 1958 1357 2020 propter
1373 1950 1702 2021 hypocrisim
1728 1966 1907 2019 suain,

341 2053 447 2109 qua
484 2038 725 2108 palliabit
772 2040 1070 2110 nequitlam
1101 2057 1278 2098 suam.
1334 2041 1477 2114 Ergo
1519 2043 1725 2112 tandiu,
1765 2044 1910 2100 etin

342 2135 553 2185 tantum
605 2130 864 2198 elevetur,
904 2142 964 2188 ut
1012 2149 1108 2204 per
1154 2135 1333 2205 ipsum
1382 2137 1766 2207 dijudicentur,
1814 2137 1909 2208 qui

340 2232 471 2276 sunt
497 2233 702 2292 gentes,
720 2223 845 2279 licet
869 2239 1066 2281 nomen
1089 2224 1459 2283 Christianum
1491 2227 1746 2295 habeant,
1762 2230 1911 2300 quod

343 2311 400 2370 in
429 2316 533 2370 hoc
568 2316 686 2386 ipso
717 2317 1005 2389 abnegant,
1034 2320 1181 2390 quod
1208 2321 1483 2376 hominem
1521 2321 1741 2379 Christo
1779 2340 1914 2380 con·

344 2404 577 2459 trarium
606 2406 898 2474 dominari,
928 2418 983 2465 et
1018 2426 1183 2482 snper
1211 2409 1509 2468 Ecclesiam
1543 2416 1770 2470 exaltari
1811 2432 1911 2487 ap-

344 2498 599 2568 probant.
633 2498 758 2555 ldeo
793 2500 1001 2571 justum
1030 2502 1297 2571 iudicium
1326 2519 1430 2572 est,
1463 2523 1497 2562 o
1527 2506 1755 2565 Domine
1781 2509 1911 2565 Jesu

344 2594 581 2662 Christe,
611 2604 673 2652 ut
704 2611 803 2667 per
843 2597 995 2653 illum
1039 2598 1351 2667 judicentur
1390 2601 1445 2655 in
1482 2613 1756 2671 conspectu
1798 2613 1910 2672 tuo,

344 2688 437 2743 ubi
469 2689 627 2759 pauci
653 2690 829 2746 sancti
860 2691 1048 2747 vident
1071 2692 1123 2747 in
1156 2694 1388 2750 occultis
1414 2695 1541 2751 tuis.
1593 2693 1706 2753 lloc
1748 2698 1913 2753 modo

340 2779 667 2850 judicentur,
695 2784 823 2848 quia
854 2793 905 2839 te
931 2794 986 2840 et
1014 2794 1162 2841 tuam
1193 2786 1363 2859 legem
1397 2787 1713 2844 noluerunt.

416 2870 582 2929 VenS.
596 2874 657 2929 2¹
671 2914 685 2928 .
707 2873 998 2943 Constitue,
1016 2876 1254 2945 Domine,
1267 2894 1516 2948 superem
1535 2880 1906 2951 legislatorem.

346 2961 504 3020 lllum
524 2964 775 3023 videlicet
785 2968 955 3024 tilium
972 2969 1314 3038 perditionis,
1326 2986 1506 3042 pravae
1518 2972 1650 3045 legis
1663 2972 1909 3043 latorem,

344 3057 618 3114 constitue
666 3075 778 3114 non
821 3060 963 3116 inter
987 3076 1082 3117 eos
1121 3062 1441 3134 principem,
1483 3065 1577 3121 sed
1628 3082 1791 3137 super
1818 3083 1915 3123 eos
1940 3087 1984 3146 ρ

345 3165 747 3220 oppressorem,
778 3162 838 3209 ut
866 3153 1056 3210 saltem
1090 3156 1303 3211 vexatio
1343 3156 1435 3212 det
1459 3157 1789 3215 intellectum
1814 3175 1916 3215 au-

349 3243 506 3309 ditui,
537 3254 592 3300 et
631 3247 801 3300 sciant
848 3256 1022 3319 gentes
1061 3249 1431 3318 experimento
1469 3266 1650 3307 rerum
1689 3253 1914 3321 edoctae,

342 3337 591 3390 αιιοιιὶαηι
620 3339 854 3393 homines
883 3349 1026 3397 sunt.
1070 3338 1207 3406 Quia
1244 3342 1388 3396 enim
1437 3342 1634 3398 Filium
1677 3344 1916 3404 hominis

352 3426 696 3494 dimiserunt,
714 3440 767 3485 et
788 3431 1061 3486 hominem
1089 3432 1293 3502 peccati
1323 3448 1487 3503 super
1515 3449 1574 3490 se
1591 3445 1913 3505 posuerunt,

347 3514 473 3588 jure
502 3516 700 3572 dehent
726 3535 1052 3590 cognoscere
1084 3521 1228 3579 filios
1271 3523 1554 3579 hominum
1587 3525 1917 3594 pertinentes

352 3606 424 3663 ad
457 3617 697 3664 sanctam
748 3611 1041 3668 novitatem
1092 3629 1152 3670 se
1186 3628 1292 3669 non
1341 3629 1483 3681 esse,
1533 3616 1626 3672 sed
1669 3617 1918 3675 homines

354 3709 568 3758 veteres
606 3703 815 3759 homini
845 3706 960 3761 seui
996 3707 1166 3764 stulto
1193 3717 1247 3763 et
1279 3706 1546 3765 infatuato
1591 3723 1919 3780 comparan-

347 3792 449 3850 dos
476 3802 530 3850 et
559 3797 892 3864 consimiles,
938 3799 1152 3871 qualem
1185 3816 1370 3857 senem
1420 3799 1565 3857 Deus
1605 3800 1737 3857 odit.
1780 3800 1916 3857 Nam

348 3892 578 3943 testante
607 3885 880 3955 Sapientia
913 3890 1012 3945 tria
1041 3899 1188 3959 sunt,
1219 3908 1341 3963 quae
1370 3892 1485 3948 odit
1506 3892 1649 3949 Deus
1673 3910 1688 3949 ι
1729 3912 1749 3945 ι
1776 3891 1921 3949 Pan-

354 3992 537 4048 perem
589 3981 907 4049 superbum,
955 3982 1178 4038 divitem
1227 3985 1563 4051 mendacem,
1609 4001 1793 4042 senem
1836 3986 1921 4043 fa-

353 4076 506 4126 tuum
557 4078 612 4125 et
659 4071 998 4130 insensatum
1055 4075 1247 4146 (Eccli.
1280 4093 1406 4145 xxv,
1433 4078 1510 4147 4).
1547 4096 1566 4129 ι
1621 4076 1760 4134 lluic
1801 4080 1920 4136 seni

357 4161 609 4218 homines
639 4162 956 4220 consimiles
982 4180 1089 4220 non
1118 4176 1349 4235 possunt
1377 4166 1561 4222 vocari
1602 4167 1698 4223 mii
1737 4168 1920 4225 homi-

354 4267 509 4318 num,
556 4254 650 4309 sed
692 4264 821 4310 sunt
848 4254 1078 4311 vocandi
1109 4255 1358 4312 homines
1409 4264 1640 4325 veteres,
1691 4256 1821 4313 t'atui
1865 4266 1923 4315 et

354 4344 641 4410 insensati,
674 4361 831 4403 senes
863 4347 1041 4415 deliri,
1071 4355 1126 4402 et
1154 4348 1207 4402 in
1238 4348 1524 4418 reprobum
1545 4366 1769 4407 sensum
1810 4359 1923 4407 tra-

2014 1877 2253 1918 veraces.
2277 1860 2413 1917 Cum
2444 1862 2587 1917 enim
2615 1862 2874 1931 scriptum
2898 1862 2969 1918 sit
2995 1860 3212 1919 :Omnis
3237 1868 3400 1921 homo
3422 1881 3581 1921 men-

2013 1952 2142 2020 dax,
2177 1953 2328 2010 solus
2362 1962 2543 2009 autem
2572 1953 2715 2009 Deus
2745 1969 2929 2019 verax,
2959 1969 3152 2012 omnes
3197 1972 3417 2013 veraces
3457 1957 3578 2028 jam

2014 2059 2180 2115 supra
2210 2044 2458 2100 homines
2484 2042 2595 2099 Deo
2617 2043 2797 2100 veraci
2829 2045 3156 2102 inhaerentes
3183 2045 3258 2101 dii
3302 2055 3446 2102 recte
3474 2062 3580 2103 vo·

2013 2148 2229 2204 cantur,
2258 2145 2313 2192 et
2332 2136 2433 2193 soli
2460 2136 2751 2193 mendaces
2775 2138 2986 2208 proprii:
3022 2141 3266 2193 lunum-22
3293 2153 3575 2205 τιιῡιιιιιιιν,

2013 2229 2142 2300 qula
2170 2230 2351 2286 omnis
2377 2230 2541 2285 homo
2570 2229 2826 2285 mendax.
2862 2230 2907 2282 Α
2932 2233 3126 2283 talibus
3178 2233 3511 2289 luminibus,
3543 2249 3575 2281 :t

2015 2320 2214 2376 talibus
2270 2319 2624 2377 mendacibus
2687 2320 2986 2376 laudandus¹
3042 2333 3122 2373 mat
3194 2321 3575 2377 „antistat-istos.

2016 2411 2205 2467 Sciant
2255 2428 2387 2485 ergo
2419 2412 2529 2480 isti,
2560 2413 2809 2484 quoniam
2858 2414 3086 2467 honum-s,
3138 2429 3276 2469 sunt.
3335 2417 3475 2469 51:131
3523 2425 3583 2469 et

2018 2504 2133 2575 ipse
2161 2503 2227 2559 ad
2266 2503 2676 2560 similitudinem
2726 2503 3002 2565 Antiochi,
3038 2509 3110 2557 w]
3150 2509 3375 2561 livi-{ulis
3403 2509 3583 2577 plaga*

2017 2606 2127 2664 tus,
2173 2595 2435 2667 quoniam
2489 2597 2655 2651 homo
2692 2605 2794 2652 est.
2845 2596 3082 2668 Cogntur
3126 2602 3238 2666 ipsi·
3294 2602 3395 2654 lunc
3439 2602 3583 2654 scire

2016 2688 2159 2745 sicut
2178 2698 2231 2744 et
2262 2689 2359 2755 illi,
2390 2689 2518 2760 qnia
2548 2690 2713 2744 homo
2759 2687 2986 2744 mendax
3018 2702 3118 2742 ιιι,
3162 2690 3479 2746 tinas-clarite
3511 2690 3575 2746 il-

2016 2780 2129 2851 lum
2174 2779 2531 2847 conscientia,
2600 2780 2744 2835 sicut
2795 2793 3098 2850 praeconcln
3162 2798 3319 2834 suino
3363 2782 3579 2846 liniam,

2017 2873 2375 2943 compellatur
2408 2871 2464 2928 id
2507 2871 2772 2939 confiteri,
2807 2872 2935 2942 quia
2963 2874 3202 2943 [weisarii
3234 2878 3282 2926 ἰιι
3315 2890 3399 2938 en,
3435 2874 3579 2942 ιμιιιιΙ

2017 2980 2078 3022 se
2120 2963 2230 3021 Deo
2293 2962 2548 3037 praetulit,
2590 2969 2685 3018 aut
2725 2962 2793 3018 ab
2824 2962 2947 3019 aliis
2998 2966 3228 3034 pracli-fri
3282 2966 3579 3026 conmisit.

2017 3057 2155 3115 dixit
2205 3057 2296 3112 ille
2342 3072 2356 3110 :
2420 3074 2439 3108 ι
2485 3053 2706 3111 Peccavi
2757 3055 2974 3112 tradens
3010 3055 3328 3127 sanguinem
3372 3056 3585 3128 justum

2017 3148 2234 3220 (matth.
2265 3165 2437 3216 xxvu,
2470 3150 2579 3218 tt).
2612 3169 2631 3202 ι
2669 3149 2823 3204 Dicat
2852 3149 2953 3207 iste
2995 3168 3009 3204 :
3059 3148 3303 3216 Peccavi,
3346 3152 3574 3206 concul-

2015 3258 2169 3308 cans,
2198 3252 2253 3298 et
2281 3241 2486 3300 faciens
2513 3241 2823 3299 conculcari
2875 3240 3126 3297 eumdem
3154 3243 3464 3313 sanquinem
3490 3242 3586 3312 ju-

2015 3342 2177 3389 stum.
2203 3332 2392 3390 Sciant
2410 3341 2595 3405 gentes
2624 3334 2801 3404 ipsum
2832 3332 2951 3399 tibi,
2972 3331 3212 3400 Christe,
3238 3332 3584 3403 prael'erentes

2015 3429 2274 3498 quoniam
2303 3427 2550 3484 homines
2573 3435 2721 3493 sunt,
2768 3426 3028 3496 quoniam
3065 3425 3190 3480 vani
3218 3433 3274 3481 et
3299 3426 3587 3483 mendaces

2017 3533 2164 3582 sunt.
2195 3522 2272 3578 llli
2297 3523 2388 3594 qui
2415 3531 2487 3592 te,
2515 3521 2748 3587 Christe,
2777 3520 3113 3586 occiderunt,
3143 3520 3344 3575 bonum
3379 3521 3582 3576 malum

2016 3614 2290 3681 dixerunt,
2303 3612 2523 3685 quando
2540 3621 2612 3679 te,
2629 3613 2723 3682 qui
2738 3610 3076 3680 pertransisti
3096 3609 3342 3681 apudcos
3365 3609 3588 3666 benefa-

2018 3708 2233 3776 ciendo,
2282 3705 2684 3762 malefactorem
2732 3703 3126 3760 clamaverunt.
3167 3702 3262 3759 Isti
3291 3704 3385 3773 qui
3428 3701 3585 3757 Anti-

2018 3799 2307 3865 christum,
2337 3797 2422 3855 vel
2451 3794 2747 3869 quemlibet
2789 3794 3100 3853 ministrum
3146 3794 3317 3867 ipsius
3355 3792 3584 3850 malesa-

2022 3906 2144 3947 cere
2193 3899 2513 3947 consuetum
2557 3898 2611 3947 et
2657 3898 2927 3958 paratum,
2961 3887 3059 3944 tibi
3094 3895 3445 3958 anteponunt,
3488 3893 3585 3942 aut

2022 3981 2289 4040 Ecclesia
2306 3992 2682 4054 superponunt
2711 3981 2767 4038 in
2793 3979 2975 4051 aliqua
2996 3980 3277 4052 dignitatis
3305 3978 3582 4042 cathedra,

2019 4074 2241 4146 quando
2271 4090 2397 4130 eum
2429 4073 2684 4129 laudibus
2716 4072 3002 4140 extollunt,
3036 4072 3240 4128 malum
3270 4072 3471 4127 bonum
3497 4070 3586 4127 di-

2020 4174 2170 4222 cunt.
2206 4164 2313 4222 Sed
2342 4175 2569 4236 uterque
2611 4172 2903 4223 attestante
2929 4162 3208 4234 Scriptura
3238 4161 3585 4219 abominabi-

2021 4257 2089 4315 lis
2113 4265 2199 4315 est
2221 4256 2365 4327 apud
2385 4265 2456 4312 te.
2505 4254 2788 4323 Videlicet,
2820 4256 2914 4327 qui
2936 4256 3138 4314 bonum
3165 4255 3389 4321 malum,
3417 4255 3586 4326 etqui

2020 4349 2225 4404 malum
2253 4347 2385 4407 dicit
2428 4347 2632 4404 bonum
2678 4357 2868 4403 contra
2897 4363 3010 4404 suae
3034 4348 3384 4403 conscientiae
3430 4347 3586 4403 testi·

352 4436 472 4491 diti.
505 4435 688 4491 Sciant
708 4453 839 4510 ergo
859 4448 1034 4511 yentes
1062 4440 1397 4497 Antichristo
1418 4441 1921 4515 adhaerentes,quo-
1949 4435 1995 4493 D
2023 4441 2301 4507 monium;
2348 4439 2619 4510 praecipue
2660 4439 2827 4507 illius,
2873 4454 3034 4510 quem
3083 4437 3222 4495 salso
3256 4438 3462 4504 laudat,
3494 4453 3588 4492 seu

353 4531 497 4583 niam
535 4530 769 4585 homines
802 4541 946 4599 sunt,
995 4542 1053 4588 ut
1093 4534 1199 4590 hoc
1227 4534 1460 4590 scientes
1502 4534 1610 4591 cito
1652 4535 1921 4592 innoven-

356 4628 449 4677 tur
507 4637 605 4692 per
642 4624 1038 4694 poenitentiam,
1091 4628 1266 4698 etqui
1313 4644 1589 4699 nunquam
1634 4630 1924 4688 voluerunt

358 4714 642 4784 poenitere,
662 4715 775 4785 jam
803 4733 908 4773 non
934 4719 1166 4775 habeant
1186 4723 1589 4779 excusationem
1613 4723 1680 4778 de
1700 4734 1922 4793 peccato

363 4821 487 4870 suo,
538 4809 631 4863 sed
679 4808 1121 4869 inexcusabiliter
1158 4824 1382 4884 pereant
1419 4832 1545 4872 cum
1591 4820 1923 4887 praeambulo

361 4914 466 4956 suo
490 4901 746 4957 traditore
785 4902 944 4973 Juda,
974 4907 1070 4978 qui
1104 4906 1282 4964 sciens
1332 4907 1464 4978 quid
1504 4919 1668 4977 esset,
1697 4919 1750 4966 et
1791 4911 1921 4982 quid

360 4991 612 5063 fecisset,
647 4994 930 5053 manifeste
969 5000 1044 5054 ait
1076 5018 1090 5056 :
1127 5019 1146 5052 ι
1184 4998 1410 5055 Peccavi
1441 5001 1660 5060 tradens
1697 5005 1923 5076 sangui-

359 5098 484 5142 nem
509 5085 717 5156 justum
770 5087 989 5159 (Manli.
1020 5105 1192 5157 xxvn,
1221 5092 1300 5162 4).
1334 5111 1355 5145 ι
1393 5092 1562 5149 Scivit
1605 5094 1694 5150 ille
1724 5110 1784 5150 se
1822 5096 1926 5151 ho·

366 5176 567 5233 minem
617 5189 973 5248 peccatorem,
1022 5181 1103 5237 sic
1145 5182 1320 5238 sciant
1363 5194 1418 5240 et
1456 5184 1618 5254 justi,
1669 5188 1923 5257 quoniam

360 5269 596 5328 homiues
627 5281 771 5327 sunit.
823 5271 915 5328 Sic
949 5274 1151 5344 impius
1183 5277 1484 5334 Antiochus
1513 5291 1700 5334 contra
1753 5277 1924 5336 Deum

365 5362 560 5430 elatus,
593 5380 715 5419 cum
745 5367 959 5421 tandem
1000 5369 1155 5439 plaga
1178 5368 1358 5425 divina
1390 5379 1566 5427 taetus
1597 5371 1650 5426 in
1686 5372 1802 5428 suis
1837 5372 1926 5427 vi·

360 5456 607 5511 secribus
628 5466 945 5527 putrescens
965 5467 1383 5531 torqueretur,et
1397 5462 1590 5528 l'oetore
1605 5463 1750 5519 illius
1768 5478 1927 5520 exer-

359 5546 502 5603 citus
529 5549 648 5617 ejus
671 5559 1010 5621 gravaretur,
1043 5567 1142 5622 per
1171 5564 1445 5610 momenta
1482 5555 1696 5626 singula
1722 5555 1928 5612 dolori-

367 5633 470 5690 bus
499 5637 620 5706 ejus
651 5653 941 5711 augmenta
982 5644 1342 5714 capientibus,
1383 5646 1453 5702 ad
1489 5654 1792 5702 extremum
1824 5662 1924 5703 co·

383 5727 540 5782 >novit
567 5743 629 5783 se
655 5731 931 5790 hominem
955 5749 1078 5791 esse
1097 5732 1210 5790 Deo
1240 5734 1574 5792 interiorem.
1603 5733 1749 5793 Dixit
1771 5738 1921 5797 enim

2022 4534 2295 4603 vituperat
2339 4530 2448 4588 vita
2491 4530 2898 4587 contradicente
2926 4528 3122 4601 (Eccli.
3153 4545 3232 4593 ιι,
3264 4528 3375 4598 33).
3421 4527 3583 4600 igitur

2023 4629 2260 4700 utrique,
2289 4628 2497 4685 scilicet
2531 4627 2625 4697 qui
2681 4626 2856 4682 malos
2883 4626 3106 4681 laudant
3154 4633 3209 4680 et
3249 4625 3421 4680 bonos
3447 4624 3591 4679 vitu-

2024 4730 2238 4795 perant,
2284 4721 2402 4793 ipsa
2432 4718 2953 4776 veritatisevidentia
2980 4717 3333 4787 clarescente,
3361 4715 3538 4772 sciant
3569 4733 3586 4772 t

2022 4815 2282 4886 quoniam
2331 4812 2462 4869 vani
2485 4823 2539 4869 et
2563 4812 2851 4869 mendaces
2879 4810 2982 4882 ipsi
3009 4819 3159 4870 sunt,
3183 4825 3309 4865 cum
3336 4808 3449 4865 sint
3485 4809 3592 4865 ho-

2026 4908 2201 4964 mines
2239 4907 2315 4963 illi
2349 4905 2556 4962 homini
2601 4903 3037 4974 concorporales,
3083 4901 3151 4958 de
3187 4915 3299 4972 quo
3324 4901 3587 4972 scripturn

2028 5009 2113 5055 est
2145 5017 2159 5054 ε
2188 4997 2363 5054 Homo
2387 4997 2609 5054 vanitati
2656 4995 2852 5052 similis
2888 4994 3065 5050 lactus
3089 5000 3193 5060 est,
3228 5001 3281 5048 et
3324 4992 3393 5048 de
3432 4992 3591 5062 cujus

2024 5093 2403 5150 consimilibus
2430 5092 2636 5148 dictum
2662 5101 2747 5147 est
2772 5109 2785 5144 :
2824 5110 2842 5142 ι
2873 5088 3140 5144 Universa
3168 5086 3383 5142 vanitas
3409 5085 3590 5142 omnis

2026 5188 2194 5244 homo
2238 5187 2423 5242 vivens
2454 5183 2624 5256 (Psal.
2676 5199 2901 5248 xxxvin,
2934 5182 3011 5254 6),
3043 5200 3062 5232 ι
3106 5190 3159 5236 et
3199 5180 3381 5235 omnis
3424 5178 3589 5234 homo

2025 5279 2279 5335 mendax.
2336 5277 2509 5348 liujus
2541 5274 2796 5331 vanitatis
2822 5282 2874 5329 et
2927 5272 3212 5352 mendacii·
3235 5269 3588 5342 opprobrium

2027 5371 2129 5426 soli
2173 5369 2421 5431 homines
2469 5367 2544 5423 illi
2590 5364 2845 5431 evadunt,
2895 5364 2989 5436 qui
3045 5363 3254 5418 homini
3306 5361 3384 5427 illi
3444 5361 3592 5417 velut

2027 5459 2268 5522 membra,
2298 5457 2659 5522 inhaerebunt,
2682 5455 2778 5526 qui
2807 5469 2932 5510 cum
2969 5453 3041 5510 sit
3071 5454 3255 5517 homo,
3288 5460 3469 5507 tamen
3494 5466 3592 5506 ve·

2027 5553 2225 5607 raciter
2252 5549 2432 5605 dixit:
2482 5568 2501 5601 ι
2531 5547 2643 5621 Ego
2690 5563 2811 5605 sum
2841 5547 3040 5602 veritas
3075 5544 3259 5617 (Ioan.
3306 5559 3419 5611 nv,
3451 5545 3529 5615 6).
3564 5562 3584 5596 ι

2029 5641 2255 5696 veritati
2275 5639 2420 5695 enim
2451 5639 2725 5696 contraria
2758 5647 2842 5694 est
2883 5637 3116 5704 vanitas,
3147 5645 3201 5691 et
3230 5634 3461 5702 falsitas,
3503 5645 3592 5688 at·

2027 5749 2136 5804 que
2181 5733 2303 5790 ideo
2351 5749 2382 5789 a
2421 5733 2658 5790 vanitate
2704 5742 2759 5787 ct
2791 5729 3074 5791 mendacio
3102 5728 3403 5786 liberantur
3431 5768 3448 5794 ,
3489 5723 3587 5795 qui
